<?xml version="1.0" encoding="UTF-8"?>
<!DOCTYPE html PUBLIC "-//W3C//DTD XHTML 1.0 Transitional//EN"
    "http://www.w3.org/TR/xhtml1/DTD/xhtml1-transitional.dtd">
<html xmlns="http://www.w3.org/1999/xhtml" xml:lang="en" lang="en">
 <head>
  <title>
</title>
<meta http-equiv="Content-Type" content="text/html;charset=utf-8" />
  <meta name='ocr-system' content='tesseract 3.04.00' />
  <meta name='ocr-capabilities' content='ocr_page ocr_carea ocr_par ocr_line ocrx_word'/>
</head>
<body>
  <div class='ocr_page' id='page_1' title='image "./pindaricarminap00pindgoog_0101.png"; bbox 0 0 3406 5378; ppageno 0'>
   <div class='ocr_carea' id='block_1_1' title="bbox 280 335 1065 391">
    <p class='ocr_par' dir='ltr' id='par_1_1' title="bbox 280 335 1065 391">
     <span class='ocr_line' id='line_1_1' title="bbox 280 335 1065 391; baseline 0 -2"><span class='ocrx_word' id='word_1_1' title='bbox 280 335 420 391; x_wconf 81' lang='lat' dir='ltr'>LXXVIII</span> <span class='ocrx_word' id='word_1_2' title='bbox 787 337 1065 389; x_wconf 80' lang='lat' dir='ltr'>PROLEGOMENA.</span> 
     </span>
    </p>
   </div>
   <div class='ocr_carea' id='block_1_2' title="bbox 280 497 1567 3690">
    <p class='ocr_par' dir='ltr' id='par_1_2' title="bbox 280 497 1567 1441">
     <span class='ocr_line' id='line_1_2' title="bbox 280 497 1567 585; baseline -0.002 -22"><span class='ocrx_word' id='word_1_3' title='bbox 280 497 416 582; x_wconf 88' lang='grc' dir='ltr'><strong><em>κέλητα,</em></strong></span> <span class='ocrx_word' id='word_1_4' title='bbox 440 500 626 584; x_wconf 75' lang='grc' dir='ltr'><strong><em>συνωρίδα,</em></strong></span> <span class='ocrx_word' id='word_1_5' title='bbox 649 500 797 564; x_wconf 87' lang='grc' dir='ltr'><strong><em>πωλικὸν</em></strong></span> <span class='ocrx_word' id='word_1_6' title='bbox 819 497 1015 584; x_wconf 75' lang='grc' dir='ltr'><strong><em>τέθριππον,</em></strong></span> <span class='ocrx_word' id='word_1_7' title='bbox 1038 500 1188 582; x_wconf 80' lang='grc' dir='ltr'><strong><em>πωλικην</em></strong></span> <span class='ocrx_word' id='word_1_8' title='bbox 1212 499 1396 585; x_wconf 75' lang='grc' dir='ltr'><strong><em>συνωρίδα,</em></strong></span> <span class='ocrx_word' id='word_1_9' title='bbox 1419 498 1567 562; x_wconf 87' lang='grc' dir='ltr'><strong><em>πωλικὸν</em></strong></span> 
     </span>
     <span class='ocr_line' id='line_1_3' title="bbox 283 603 1567 692; baseline -0.002 -21"><span class='ocrx_word' id='word_1_10' title='bbox 283 605 413 689; x_wconf 81' lang='grc' dir='ltr'><strong><em>κέλητα,</em></strong></span> <span class='ocrx_word' id='word_1_11' title='bbox 428 606 494 671; x_wconf 84' lang='lat' dir='ltr'>fere</span> <span class='ocrx_word' id='word_1_12' title='bbox 508 610 692 692; x_wconf 88' lang='lat' dir='ltr'>temporum</span> <span class='ocrx_word' id='word_1_13' title='bbox 708 605 853 671; x_wconf 81' lang='lat' dir='ltr'>ordinem</span> <span class='ocrx_word' id='word_1_14' title='bbox 868 606 1022 691; x_wconf 88' lang='lat' dir='ltr'>sequitur,</span> <span class='ocrx_word' id='word_1_15' title='bbox 1038 627 1101 690; x_wconf 93' lang='lat' dir='ltr'>quo</span> <span class='ocrx_word' id='word_1_16' title='bbox 1116 606 1266 690; x_wconf 88' lang='lat' dir='ltr'>quodque</span> <span class='ocrx_word' id='word_1_17' title='bbox 1280 610 1443 671; x_wconf 90' lang='lat' dir='ltr'>certamen</span> <span class='ocrx_word' id='word_1_18' title='bbox 1458 603 1567 689; x_wconf 82' lang='lat' dir='ltr'>Olym·</span> 
     </span>
     <span class='ocr_line' id='line_1_4' title="bbox 280 711 1566 800; baseline -0.002 -22"><span class='ocrx_word' id='word_1_19' title='bbox 280 714 353 800; x_wconf 90' lang='lat' dir='ltr'>piae</span> <span class='ocrx_word' id='word_1_20' title='bbox 376 719 543 798; x_wconf 89' lang='lat' dir='ltr'>receptum</span> <span class='ocrx_word' id='word_1_21' title='bbox 568 735 638 779; x_wconf 88' lang='lat' dir='ltr'>esse</span> <span class='ocrx_word' id='word_1_22' title='bbox 658 736 757 799; x_wconf 84' lang='lat' dir='ltr'>supra</span> <span class='ocrx_word' id='word_1_23' title='bbox 775 738 805 800; x_wconf 90' lang='lat' dir='ltr'>p.</span> <span class='ocrx_word' id='word_1_24' title='bbox 820 731 905 777; x_wconf 73' lang='lat' dir='ltr'>axin</span> <span class='ocrx_word' id='word_1_25' title='bbox 928 713 1083 796; x_wconf 87' lang='lat' dir='ltr'>vidimus,</span> <span class='ocrx_word' id='word_1_26' title='bbox 1109 713 1173 777; x_wconf 91' lang='lat' dir='ltr'>nisi</span> <span class='ocrx_word' id='word_1_27' title='bbox 1198 713 1283 798; x_wconf 92' lang='lat' dir='ltr'>quod</span> <span class='ocrx_word' id='word_1_28' title='bbox 1308 713 1418 777; x_wconf 89' lang='lat' dir='ltr'>omnia</span> <span class='ocrx_word' id='word_1_29' title='bbox 1440 711 1566 777; x_wconf 86' lang='lat' dir='ltr'>curulia</span> 
     </span>
     <span class='ocr_line' id='line_1_5' title="bbox 283 818 1564 908; baseline -0.002 -23"><span class='ocrx_word' id='word_1_30' title='bbox 283 820 462 886; x_wconf 84' lang='lat' dir='ltr'>certamina</span> <span class='ocrx_word' id='word_1_31' title='bbox 490 819 690 908; x_wconf 79' lang='grc' dir='ltr'><strong><em>(τέθριππον</em></strong></span> <span class='ocrx_word' id='word_1_32' title='bbox 823 821 970 886; x_wconf 90' lang='grc' dir='ltr'><strong><em>πωλικὸν</em></strong></span> <span class='ocrx_word' id='word_1_33' title='bbox 998 818 1131 905; x_wconf 87' lang='grc' dir='ltr'><strong><em>κέλητα)</em></strong></span> <span class='ocrx_word' id='word_1_34' title='bbox 1159 820 1391 906; x_wconf 85' lang='lat' dir='ltr'>comprehensa</span> <span class='ocrx_word' id='word_1_35' title='bbox 1420 824 1564 884; x_wconf 87' lang='lat' dir='ltr'>extremo</span> 
     </span>
     <span class='ocr_line' id='line_1_6' title="bbox 285 926 1564 1015; baseline 0 -24"><span class='ocrx_word' id='word_1_36' title='bbox 285 928 358 992; x_wconf 93' lang='lat' dir='ltr'>loeo</span> <span class='ocrx_word' id='word_1_37' title='bbox 381 928 492 1013; x_wconf 79' lang='lat' dir='ltr'>posuit</span> <span class='ocrx_word' id='word_1_38' title='bbox 516 933 549 993; x_wconf 91' lang='lat' dir='ltr'>et</span> <span class='ocrx_word' id='word_1_39' title='bbox 571 930 701 994; x_wconf 89' lang='grc' dir='ltr'><strong><em>παίδων</em></strong></span> <span class='ocrx_word' id='word_1_40' title='bbox 719 928 923 1015; x_wconf 88' lang='grc' dir='ltr'><strong><em>παγκράτιον</em></strong></span> <span class='ocrx_word' id='word_1_41' title='bbox 942 950 1014 992; x_wconf 90' lang='lat' dir='ltr'>cum</span> <span class='ocrx_word' id='word_1_42' title='bbox 1037 926 1171 1011; x_wconf 90' lang='lat' dir='ltr'>reliquis</span> <span class='ocrx_word' id='word_1_43' title='bbox 1195 926 1366 1012; x_wconf 83' lang='lat' dir='ltr'>generibus</span> <span class='ocrx_word' id='word_1_44' title='bbox 1390 947 1564 1010; x_wconf 91' lang='lat' dir='ltr'>puerorum</span> 
     </span>
     <span class='ocr_line' id='line_1_7' title="bbox 284 1033 1564 1119; baseline -0.001 -19"><span class='ocrx_word' id='word_1_45' title='bbox 284 1036 498 1100; x_wconf 71' lang='lat' dir='ltr'>certaminum</span> <span class='ocrx_word' id='word_1_46' title='bbox 531 1035 706 1100; x_wconf 88' lang='lat' dir='ltr'>coniunxit.</span> <span class='ocrx_word' id='word_1_47' title='bbox 762 1035 966 1119; x_wconf 80' lang='lat' dir='ltr'>Quamquam</span> <span class='ocrx_word' id='word_1_48' title='bbox 999 1035 1027 1098; x_wconf 90' lang='lat' dir='ltr'>si</span> <span class='ocrx_word' id='word_1_49' title='bbox 1063 1033 1140 1098; x_wconf 91' lang='lat' dir='ltr'>licet</span> <span class='ocrx_word' id='word_1_50' title='bbox 1171 1033 1315 1098; x_wconf 85' lang='lat' dir='ltr'>divinare</span> <span class='ocrx_word' id='word_1_51' title='bbox 1347 1038 1380 1097; x_wconf 88' lang='lat' dir='ltr'>et</span> <span class='ocrx_word' id='word_1_52' title='bbox 1418 1033 1564 1099; x_wconf 85' lang='lat' dir='ltr'>ordinem</span> 
     </span>
     <span class='ocr_line' id='line_1_8' title="bbox 284 1140 1561 1228; baseline -0.001 -21"><span class='ocrx_word' id='word_1_53' title='bbox 284 1141 551 1228; x_wconf 81' lang='lat' dir='ltr'>chronologicum</span> <span class='ocrx_word' id='word_1_54' title='bbox 582 1142 817 1208; x_wconf 89' lang='lat' dir='ltr'>recentioribus</span> <span class='ocrx_word' id='word_1_55' title='bbox 847 1142 1050 1227; x_wconf 75' lang='lat' dir='ltr'>temporibus</span> <span class='ocrx_word' id='word_1_56' title='bbox 1081 1140 1185 1226; x_wconf 81' lang='lat' dir='ltr'>magis</span> <span class='ocrx_word' id='word_1_57' title='bbox 1219 1144 1383 1205; x_wconf 86' lang='lat' dir='ltr'>servatum</span> <span class='ocrx_word' id='word_1_58' title='bbox 1415 1163 1485 1205; x_wconf 86' lang='lat' dir='ltr'>esse</span> <span class='ocrx_word' id='word_1_59' title='bbox 1513 1164 1561 1206; x_wconf 91' lang='lat' dir='ltr'>su·</span> 
     </span>
     <span class='ocr_line' id='line_1_9' title="bbox 284 1248 1565 1334; baseline -0.002 -21"><span class='ocrx_word' id='word_1_60' title='bbox 284 1249 415 1334; x_wconf 82' lang='lat' dir='ltr'>spicari,</span> <span class='ocrx_word' id='word_1_61' title='bbox 448 1272 487 1314; x_wconf 89' lang='lat' dir='ltr'>cx</span> <span class='ocrx_word' id='word_1_62' title='bbox 519 1249 576 1314; x_wconf 87' lang='lat' dir='ltr'>illa</span> <span class='ocrx_word' id='word_1_63' title='bbox 606 1249 718 1314; x_wconf 89' lang='lat' dir='ltr'>tabula</span> <span class='ocrx_word' id='word_1_64' title='bbox 747 1248 831 1314; x_wconf 89' lang='lat' dir='ltr'>hanc</span> <span class='ocrx_word' id='word_1_65' title='bbox 864 1249 1129 1314; x_wconf 87' lang='lat' dir='ltr'>distributionem</span> <span class='ocrx_word' id='word_1_66' title='bbox 1159 1248 1372 1313; x_wconf 72' lang='lat' dir='ltr'>certaminum</span> <span class='ocrx_word' id='word_1_67' title='bbox 1406 1248 1565 1334; x_wconf 83' lang='lat' dir='ltr'>expiscari</span> 
     </span>
     <span class='ocr_line' id='line_1_10' title="bbox 282 1356 419 1441; baseline 0.007 -21"><span class='ocrx_word' id='word_1_68' title='bbox 282 1356 419 1441; x_wconf 88' lang='lat' dir='ltr'>poteris:</span> 
     </span>
    </p>

    <p class='ocr_par' dir='ltr' id='par_1_3' title="bbox 370 1462 763 1549">
     <span class='ocr_line' id='line_1_11' title="bbox 370 1462 763 1549; baseline -0.003 -21"><span class='ocrx_word' id='word_1_69' title='bbox 370 1463 476 1549; x_wconf 90' lang='lat' dir='ltr'>primo</span> <span class='ocrx_word' id='word_1_70' title='bbox 500 1462 564 1527; x_wconf 89' lang='lat' dir='ltr'>die:</span> <span class='ocrx_word' id='word_1_71' title='bbox 588 1464 763 1548; x_wconf 82' lang='grc' dir='ltr'><strong><em>είσιτηρια·</em></strong></span> 
     </span>
    </p>

    <p class='ocr_par' dir='ltr' id='par_1_4' title="bbox 284 1567 1566 1762">
     <span class='ocr_line' id='line_1_12' title="bbox 371 1567 1566 1655; baseline 0.002 -21"><span class='ocrx_word' id='word_1_72' title='bbox 371 1569 511 1635; x_wconf 88' lang='lat' dir='ltr'>secundo</span> <span class='ocrx_word' id='word_1_73' title='bbox 535 1568 600 1633; x_wconf 90' lang='lat' dir='ltr'>die:</span> <span class='ocrx_word' id='word_1_74' title='bbox 624 1569 771 1652; x_wconf 88' lang='grc' dir='ltr'><strong><em>στάδιον,</em></strong></span> <span class='ocrx_word' id='word_1_75' title='bbox 795 1570 945 1654; x_wconf 78' lang='grc' dir='ltr'><strong><em>δίαυλος,</em></strong></span> <span class='ocrx_word' id='word_1_76' title='bbox 965 1567 1133 1655; x_wconf 82' lang='grc' dir='ltr'><strong><em>Ἑλλήνων</em></strong></span> <span class='ocrx_word' id='word_1_77' title='bbox 1156 1572 1299 1654; x_wconf 84' lang='grc' dir='ltr'><strong><em>δόλιγος,</em></strong></span> <span class='ocrx_word' id='word_1_78' title='bbox 1318 1567 1486 1655; x_wconf 88' lang='grc' dir='ltr'><strong><em>Ῥωμαίων</em></strong></span> <span class='ocrx_word' id='word_1_79' title='bbox 1510 1571 1566 1636; x_wconf 87' lang='grc' dir='ltr'>δό-</span> 
     </span>
     <span class='ocr_line' id='line_1_13' title="bbox 284 1675 1063 1762; baseline 0.001 -21"><span class='ocrx_word' id='word_1_80' title='bbox 284 1680 385 1760; x_wconf 85' lang='grc' dir='ltr'><strong><em>λιχος,</em></strong></span> <span class='ocrx_word' id='word_1_81' title='bbox 409 1676 609 1758; x_wconf 85' lang='grc' dir='ltr'><strong><em>πένταθλον,</em></strong></span> <span class='ocrx_word' id='word_1_82' title='bbox 633 1676 728 1761; x_wconf 91' lang='grc' dir='ltr'><strong><em>πάλη,</em></strong></span> <span class='ocrx_word' id='word_1_83' title='bbox 751 1675 825 1760; x_wconf 82' lang='grc' dir='ltr'><strong><em>πύξ,</em></strong></span> <span class='ocrx_word' id='word_1_84' title='bbox 848 1677 1063 1762; x_wconf 89' lang='grc' dir='ltr'><strong><em>παγκράτιον,</em></strong></span> 
     </span>
    </p>

    <p class='ocr_par' dir='ltr' id='par_1_5' title="bbox 283 1782 1566 1976">
     <span class='ocr_line' id='line_1_14' title="bbox 372 1782 1566 1871; baseline 0.001 -22"><span class='ocrx_word' id='word_1_85' title='bbox 372 1784 470 1849; x_wconf 90' lang='lat' dir='ltr'>tertio</span> <span class='ocrx_word' id='word_1_86' title='bbox 493 1782 591 1871; x_wconf 89' lang='lat' dir='ltr'>die¹):</span> <span class='ocrx_word' id='word_1_87' title='bbox 621 1786 752 1849; x_wconf 90' lang='grc' dir='ltr'><strong><em>παίδων</em></strong></span> <span class='ocrx_word' id='word_1_88' title='bbox 774 1784 921 1867; x_wconf 85' lang='grc' dir='ltr'><strong><em>στάδιον,</em></strong></span> <span class='ocrx_word' id='word_1_89' title='bbox 951 1786 1081 1851; x_wconf 88' lang='grc' dir='ltr'><strong><em>παίδων</em></strong></span> <span class='ocrx_word' id='word_1_90' title='bbox 1104 1785 1206 1868; x_wconf 90' lang='grc' dir='ltr'><strong><em>πάλη,</em></strong></span> <span class='ocrx_word' id='word_1_91' title='bbox 1233 1787 1363 1850; x_wconf 90' lang='grc' dir='ltr'><strong><em>παίδων</em></strong></span> <span class='ocrx_word' id='word_1_92' title='bbox 1385 1786 1464 1868; x_wconf 81' lang='grc' dir='ltr'><strong><em>πύξ,</em></strong></span> <span class='ocrx_word' id='word_1_93' title='bbox 1491 1787 1566 1850; x_wconf 91' lang='grc' dir='ltr'><strong><em>παί-</em></strong></span> 
     </span>
     <span class='ocr_line' id='line_1_15' title="bbox 283 1891 590 1976; baseline 0.003 -21"><span class='ocrx_word' id='word_1_94' title='bbox 283 1892 353 1956; x_wconf 90' lang='grc' dir='ltr'>δων</span> <span class='ocrx_word' id='word_1_95' title='bbox 375 1891 590 1976; x_wconf 89' lang='grc' dir='ltr'><strong><em>παγκράτιον,</em></strong></span> 
     </span>
    </p>

    <p class='ocr_par' dir='ltr' id='par_1_6' title="bbox 282 1997 1563 2195">
     <span class='ocr_line' id='line_1_16' title="bbox 372 1997 1563 2088; baseline 0.002 -26"><span class='ocrx_word' id='word_1_96' title='bbox 372 2002 488 2083; x_wconf 86' lang='lat' dir='ltr'>quarto</span> <span class='ocrx_word' id='word_1_97' title='bbox 508 1999 571 2063; x_wconf 90' lang='lat' dir='ltr'>dic:</span> <span class='ocrx_word' id='word_1_98' title='bbox 591 1997 727 2081; x_wconf 83' lang='grc' dir='ltr'><strong><em>ὁπλίτης</em></strong></span> <span class='ocrx_word' id='word_1_99' title='bbox 746 2001 879 2083; x_wconf 80' lang='grc' dir='ltr'><strong><em>δρόμος,</em></strong></span> <span class='ocrx_word' id='word_1_100' title='bbox 898 2003 1080 2088; x_wconf 77' lang='grc' dir='ltr'><strong><em>τεθρίππῳ,</em></strong></span> <span class='ocrx_word' id='word_1_101' title='bbox 1098 1999 1219 2083; x_wconf 83' lang='grc' dir='ltr'><strong><em>κέλητι,</em></strong></span> <span class='ocrx_word' id='word_1_102' title='bbox 1238 2002 1411 2085; x_wconf 85' lang='grc' dir='ltr'><strong><em>συνωρίδι,</em></strong></span> <span class='ocrx_word' id='word_1_103' title='bbox 1429 2005 1563 2086; x_wconf 79' lang='grc' dir='ltr'><strong><em>πωλικῷ</em></strong></span> 
     </span>
     <span class='ocr_line' id='line_1_17' title="bbox 282 2107 1114 2195; baseline 0.002 -26"><span class='ocrx_word' id='word_1_104' title='bbox 282 2108 464 2194; x_wconf 74' lang='grc' dir='ltr'><strong><em>τεθρίππῳ,</em></strong></span> <span class='ocrx_word' id='word_1_105' title='bbox 486 2111 614 2191; x_wconf 76' lang='grc' dir='ltr'><strong><em>πωλικῇ</em></strong></span> <span class='ocrx_word' id='word_1_106' title='bbox 638 2107 811 2191; x_wconf 87' lang='grc' dir='ltr'><strong><em>συνωρίδι,</em></strong></span> <span class='ocrx_word' id='word_1_107' title='bbox 833 2111 966 2195; x_wconf 77' lang='grc' dir='ltr'><strong><em>πωλικῷ</em></strong></span> <span class='ocrx_word' id='word_1_108' title='bbox 990 2107 1114 2190; x_wconf 82' lang='grc' dir='ltr'><strong><em>κέλητι·</em></strong></span> 
     </span>
    </p>

    <p class='ocr_par' dir='ltr' id='par_1_7' title="bbox 280 2210 1567 3690">
     <span class='ocr_line' id='line_1_18' title="bbox 371 2210 1562 2298; baseline 0 -22"><span class='ocrx_word' id='word_1_109' title='bbox 371 2212 484 2297; x_wconf 93' lang='lat' dir='ltr'>quinto</span> <span class='ocrx_word' id='word_1_110' title='bbox 512 2213 577 2277; x_wconf 91' lang='lat' dir='ltr'>die:</span> <span class='ocrx_word' id='word_1_111' title='bbox 609 2224 751 2296; x_wconf 80' lang='grc' dir='ltr'><strong><em>πομπεῖα</em></strong></span> <span class='ocrx_word' id='word_1_112' title='bbox 784 2223 851 2278; x_wconf 87' lang='grc' dir='ltr'><strong><em>τῶν</em></strong></span> <span class='ocrx_word' id='word_1_113' title='bbox 876 2215 1097 2297; x_wconf 80' lang='grc' dir='ltr'><strong><em>νικησάντων,</em></strong></span> <span class='ocrx_word' id='word_1_114' title='bbox 1130 2215 1224 2298; x_wconf 81' lang='grc' dir='ltr'><strong><em>κοινὴ</em></strong></span> <span class='ocrx_word' id='word_1_115' title='bbox 1254 2215 1381 2298; x_wconf 82' lang='grc' dir='ltr'><strong><em>πομπή,</em></strong></span> <span class='ocrx_word' id='word_1_116' title='bbox 1410 2210 1562 2289; x_wconf 85' lang='grc' dir='ltr'><strong><em>ἑστίασις.</em></strong></span> 
     </span>
     <span class='ocr_line' id='line_1_19' title="bbox 283 2318 1565 2406; baseline 0.001 -24"><span class='ocrx_word' id='word_1_117' title='bbox 283 2318 405 2394; x_wconf 81' lang='lat' dir='ltr'>Quodsi</span> <span class='ocrx_word' id='word_1_118' title='bbox 433 2318 601 2404; x_wconf 84' lang='lat' dir='ltr'>catalogus</span> <span class='ocrx_word' id='word_1_119' title='bbox 629 2319 790 2384; x_wconf 88' lang='lat' dir='ltr'>victorum</span> <span class='ocrx_word' id='word_1_120' title='bbox 818 2318 866 2384; x_wconf 91' lang='lat' dir='ltr'>Ol.</span> <span class='ocrx_word' id='word_1_121' title='bbox 887 2336 1031 2384; x_wconf 77' lang='lat' dir='ltr'>cuxxvn</span> <span class='ocrx_word' id='word_1_122' title='bbox 1058 2342 1124 2385; x_wconf 92' lang='lat' dir='ltr'>non</span> <span class='ocrx_word' id='word_1_123' title='bbox 1152 2321 1247 2385; x_wconf 89' lang='lat' dir='ltr'>modo</span> <span class='ocrx_word' id='word_1_124' title='bbox 1275 2326 1458 2406; x_wconf 90' lang='lat' dir='ltr'>temporum</span> <span class='ocrx_word' id='word_1_125' title='bbox 1483 2319 1565 2384; x_wconf 89' lang='lat' dir='ltr'>ordi·</span> 
     </span>
     <span class='ocr_line' id='line_1_20' title="bbox 282 2425 1566 2513; baseline 0.002 -24"><span class='ocrx_word' id='word_1_126' title='bbox 282 2446 369 2509; x_wconf 86' lang='lat' dir='ltr'>nem,</span> <span class='ocrx_word' id='word_1_127' title='bbox 397 2447 461 2511; x_wconf 89' lang='lat' dir='ltr'>quo</span> <span class='ocrx_word' id='word_1_128' title='bbox 485 2425 615 2512; x_wconf 81' lang='lat' dir='ltr'>singula</span> <span class='ocrx_word' id='word_1_129' title='bbox 637 2427 815 2491; x_wconf 88' lang='lat' dir='ltr'>certamina</span> <span class='ocrx_word' id='word_1_130' title='bbox 839 2432 971 2513; x_wconf 89' lang='lat' dir='ltr'>recepta</span> <span class='ocrx_word' id='word_1_131' title='bbox 995 2432 1083 2511; x_wconf 90' lang='lat' dir='ltr'>sunt,</span> <span class='ocrx_word' id='word_1_132' title='bbox 1112 2427 1270 2512; x_wconf 83' lang='lat' dir='ltr'>sequitur,</span> <span class='ocrx_word' id='word_1_133' title='bbox 1299 2428 1354 2493; x_wconf 86' lang='lat' dir='ltr'>sed</span> <span class='ocrx_word' id='word_1_134' title='bbox 1378 2428 1476 2492; x_wconf 90' lang='lat' dir='ltr'>etiam</span> <span class='ocrx_word' id='word_1_135' title='bbox 1500 2448 1566 2491; x_wconf 92' lang='lat' dir='ltr'>oer-</span> 
     </span>
     <span class='ocr_line' id='line_1_21' title="bbox 282 2532 1565 2620; baseline 0.002 -24"><span class='ocrx_word' id='word_1_136' title='bbox 282 2532 442 2597; x_wconf 90' lang='lat' dir='ltr'>taminum</span> <span class='ocrx_word' id='word_1_137' title='bbox 471 2533 629 2612; x_wconf 82' lang='lat' dir='ltr'>ordinem,</span> <span class='ocrx_word' id='word_1_138' title='bbox 660 2556 725 2618; x_wconf 90' lang='lat' dir='ltr'>quo</span> <span class='ocrx_word' id='word_1_139' title='bbox 754 2556 792 2599; x_wconf 90' lang='lat' dir='ltr'>ea</span> <span class='ocrx_word' id='word_1_140' title='bbox 823 2539 893 2599; x_wconf 90' lang='lat' dir='ltr'>tum</span> <span class='ocrx_word' id='word_1_141' title='bbox 922 2533 1080 2619; x_wconf 89' lang='lat' dir='ltr'>temporis</span> <span class='ocrx_word' id='word_1_142' title='bbox 1111 2556 1180 2599; x_wconf 88' lang='lat' dir='ltr'>sese</span> <span class='ocrx_word' id='word_1_143' title='bbox 1211 2534 1427 2620; x_wconf 82' lang='lat' dir='ltr'>excipiebant,</span> <span class='ocrx_word' id='word_1_144' title='bbox 1457 2537 1565 2599; x_wconf 88' lang='lat' dir='ltr'>aetate</span> 
     </span>
     <span class='ocr_line' id='line_1_22' title="bbox 282 2636 1565 2726; baseline 0.001 -23"><span class='ocrx_word' id='word_1_145' title='bbox 282 2636 414 2703; x_wconf 91' lang='lat' dir='ltr'>Pindari</span> <span class='ocrx_word' id='word_1_146' title='bbox 437 2645 471 2704; x_wconf 88' lang='lat' dir='ltr'>et</span> <span class='ocrx_word' id='word_1_147' title='bbox 493 2639 719 2724; x_wconf 88' lang='lat' dir='ltr'>Xenophontis</span> <span class='ocrx_word' id='word_1_148' title='bbox 743 2645 925 2725; x_wconf 86' lang='lat' dir='ltr'>eteorum,</span> <span class='ocrx_word' id='word_1_149' title='bbox 953 2663 970 2705; x_wconf 91' lang='lat' dir='ltr'>e</span> <span class='ocrx_word' id='word_1_150' title='bbox 994 2641 1112 2726; x_wconf 91' lang='lat' dir='ltr'>quibus</span> <span class='ocrx_word' id='word_1_151' title='bbox 1136 2640 1314 2706; x_wconf 85' lang='lat' dir='ltr'>Pausanias</span> <span class='ocrx_word' id='word_1_152' title='bbox 1339 2642 1469 2726; x_wconf 85' lang='lat' dir='ltr'>pendet,</span> <span class='ocrx_word' id='word_1_153' title='bbox 1497 2663 1565 2704; x_wconf 91' lang='lat' dir='ltr'>mu-</span> 
     </span>
     <span class='ocr_line' id='line_1_23' title="bbox 282 2745 1564 2833; baseline 0.002 -23"><span class='ocrx_word' id='word_1_154' title='bbox 282 2745 440 2810; x_wconf 80' lang='lat' dir='ltr'>tationem</span> <span class='ocrx_word' id='word_1_155' title='bbox 477 2746 609 2832; x_wconf 80' lang='lat' dir='ltr'>genuini</span> <span class='ocrx_word' id='word_1_156' title='bbox 647 2746 770 2811; x_wconf 87' lang='lat' dir='ltr'>ordinis</span> <span class='ocrx_word' id='word_1_157' title='bbox 801 2747 937 2832; x_wconf 84' lang='lat' dir='ltr'>factam‚</span> <span class='ocrx_word' id='word_1_158' title='bbox 971 2752 1086 2833; x_wconf 90' lang='lat' dir='ltr'>postea</span> <span class='ocrx_word' id='word_1_159' title='bbox 1118 2752 1227 2812; x_wconf 88' lang='lat' dir='ltr'>autem</span> <span class='ocrx_word' id='word_1_160' title='bbox 1259 2770 1371 2813; x_wconf 86' lang='lat' dir='ltr'>rursus</span> <span class='ocrx_word' id='word_1_161' title='bbox 1404 2747 1564 2813; x_wconf 88' lang='lat' dir='ltr'>abiectam</span> 
     </span>
     <span class='ocr_line' id='line_1_24' title="bbox 282 2852 1567 2940; baseline 0.001 -22"><span class='ocrx_word' id='word_1_162' title='bbox 282 2875 352 2918; x_wconf 90' lang='lat' dir='ltr'>essc</span> <span class='ocrx_word' id='word_1_163' title='bbox 375 2852 471 2917; x_wconf 92' lang='lat' dir='ltr'>nobis</span> <span class='ocrx_word' id='word_1_164' title='bbox 496 2853 704 2918; x_wconf 89' lang='lat' dir='ltr'>statuendum</span> <span class='ocrx_word' id='word_1_165' title='bbox 728 2857 787 2918; x_wconf 92' lang='lat' dir='ltr'>est.</span> <span class='ocrx_word' id='word_1_166' title='bbox 824 2852 1018 2918; x_wconf 88' lang='lat' dir='ltr'>Mutationis</span> <span class='ocrx_word' id='word_1_167' title='bbox 1042 2859 1151 2919; x_wconf 91' lang='lat' dir='ltr'>autem</span> <span class='ocrx_word' id='word_1_168' title='bbox 1173 2854 1263 2921; x_wconf 92' lang='lat' dir='ltr'>illius</span> <span class='ocrx_word' id='word_1_169' title='bbox 1285 2878 1412 2920; x_wconf 89' lang='lat' dir='ltr'>summa</span> <span class='ocrx_word' id='word_1_170' title='bbox 1430 2877 1468 2920; x_wconf 92' lang='lat' dir='ltr'>ea</span> <span class='ocrx_word' id='word_1_171' title='bbox 1485 2858 1567 2940; x_wconf 84' lang='lat' dir='ltr'>erat,</span> 
     </span>
     <span class='ocr_line' id='line_1_25' title="bbox 281 2960 1566 3048; baseline 0.002 -24"><span class='ocrx_word' id='word_1_172' title='bbox 281 2965 320 3025; x_wconf 89' lang='lat' dir='ltr'>ut</span> <span class='ocrx_word' id='word_1_173' title='bbox 343 2960 556 3025; x_wconf 83' lang='lat' dir='ltr'>certaminum</span> <span class='ocrx_word' id='word_1_174' title='bbox 580 2981 699 3046; x_wconf 84' lang='lat' dir='ltr'>genera</span> <span class='ocrx_word' id='word_1_175' title='bbox 724 2961 915 3046; x_wconf 84' lang='lat' dir='ltr'>composita,</span> <span class='ocrx_word' id='word_1_176' title='bbox 938 2961 1178 3046; x_wconf 91' lang='lat' dir='ltr'>quinquertium</span> <span class='ocrx_word' id='word_1_177' title='bbox 1198 2967 1231 3026; x_wconf 90' lang='lat' dir='ltr'>et</span> <span class='ocrx_word' id='word_1_178' title='bbox 1253 2962 1466 3048; x_wconf 87' lang='lat' dir='ltr'>pancratium,</span> <span class='ocrx_word' id='word_1_179' title='bbox 1488 2967 1566 3047; x_wconf 89' lang='lat' dir='ltr'>post</span> 
     </span>
     <span class='ocr_line' id='line_1_26' title="bbox 283 3067 1565 3154; baseline 0.001 -23"><span class='ocrx_word' id='word_1_180' title='bbox 283 3067 444 3152; x_wconf 89' lang='lat' dir='ltr'>simplicia</span> <span class='ocrx_word' id='word_1_181' title='bbox 457 3067 643 3151; x_wconf 77' lang='lat' dir='ltr'>certamina,</span> <span class='ocrx_word' id='word_1_182' title='bbox 662 3089 793 3132; x_wconf 86' lang='lat' dir='ltr'>cursum</span> <span class='ocrx_word' id='word_1_183' title='bbox 807 3068 930 3134; x_wconf 90' lang='lat' dir='ltr'>luctam</span> <span class='ocrx_word' id='word_1_184' title='bbox 943 3068 1137 3154; x_wconf 81' lang='lat' dir='ltr'>pugilatum,</span> <span class='ocrx_word' id='word_1_185' title='bbox 1156 3071 1272 3134; x_wconf 89' lang='lat' dir='ltr'>fierent</span> <span class='ocrx_word' id='word_1_186' title='bbox 1285 3070 1500 3154; x_wconf 87' lang='lat' dir='ltr'>ultimumque</span> <span class='ocrx_word' id='word_1_187' title='bbox 1519 3069 1565 3133; x_wconf 94' lang='lat' dir='ltr'>lo·</span> 
     </span>
     <span class='ocr_line' id='line_1_27' title="bbox 281 3171 1564 3262; baseline 0.003 -25"><span class='ocrx_word' id='word_1_188' title='bbox 281 3196 355 3238; x_wconf 93' lang='lat' dir='ltr'>eum</span> <span class='ocrx_word' id='word_1_189' title='bbox 370 3171 601 3260; x_wconf 79' lang='lat' dir='ltr'>sortirentur.²)</span> <span class='ocrx_word' id='word_1_190' title='bbox 628 3173 864 3240; x_wconf 87' lang='lat' dir='ltr'>Panathenaeis</span> <span class='ocrx_word' id='word_1_191' title='bbox 880 3179 988 3240; x_wconf 88' lang='lat' dir='ltr'>autem</span> <span class='ocrx_word' id='word_1_192' title='bbox 1004 3180 1046 3261; x_wconf 90' lang='lat' dir='ltr'>et,</span> <span class='ocrx_word' id='word_1_193' title='bbox 1061 3176 1088 3240; x_wconf 92' lang='lat' dir='ltr'>si</span> <span class='ocrx_word' id='word_1_194' title='bbox 1104 3198 1142 3241; x_wconf 85' lang='lat' dir='ltr'>ex</span> <span class='ocrx_word' id='word_1_195' title='bbox 1156 3199 1221 3241; x_wconf 93' lang='lat' dir='ltr'>uno</span> <span class='ocrx_word' id='word_1_196' title='bbox 1237 3178 1384 3262; x_wconf 82' lang='lat' dir='ltr'>exemplo</span> <span class='ocrx_word' id='word_1_197' title='bbox 1397 3177 1435 3242; x_wconf 93' lang='lat' dir='ltr'>de</span> <span class='ocrx_word' id='word_1_198' title='bbox 1448 3177 1564 3242; x_wconf 89' lang='lat' dir='ltr'>ceteris</span> 
     </span>
     <span class='ocr_line' id='line_1_28' title="bbox 280 3280 1566 3368; baseline 0.002 -23"><span class='ocrx_word' id='word_1_199' title='bbox 280 3280 471 3345; x_wconf 84' lang='lat' dir='ltr'>concludere</span> <span class='ocrx_word' id='word_1_200' title='bbox 498 3280 589 3367; x_wconf 82' lang='lat' dir='ltr'>lieet,</span> <span class='ocrx_word' id='word_1_201' title='bbox 617 3280 767 3346; x_wconf 86' lang='lat' dir='ltr'>omnibus</span> <span class='ocrx_word' id='word_1_202' title='bbox 794 3282 827 3346; x_wconf 91' lang='lat' dir='ltr'>in</span> <span class='ocrx_word' id='word_1_203' title='bbox 851 3281 935 3346; x_wconf 89' lang='lat' dir='ltr'>ludis</span> <span class='ocrx_word' id='word_1_204' title='bbox 959 3282 1141 3348; x_wconf 90' lang='lat' dir='ltr'>minoribus</span> <span class='ocrx_word' id='word_1_205' title='bbox 1165 3285 1347 3368; x_wconf 84' lang='lat' dir='ltr'>exemplum</span> <span class='ocrx_word' id='word_1_206' title='bbox 1371 3290 1404 3349; x_wconf 91' lang='lat' dir='ltr'>et</span> <span class='ocrx_word' id='word_1_207' title='bbox 1427 3281 1566 3348; x_wconf 86' lang='lat' dir='ltr'>auctori-</span> 
     </span>
     <span class='ocr_line' id='line_1_29' title="bbox 280 3387 1566 3476; baseline 0.001 -23"><span class='ocrx_word' id='word_1_208' title='bbox 280 3392 383 3453; x_wconf 90' lang='lat' dir='ltr'>tatem</span> <span class='ocrx_word' id='word_1_209' title='bbox 407 3387 558 3453; x_wconf 92' lang='lat' dir='ltr'>ludorum</span> <span class='ocrx_word' id='word_1_210' title='bbox 577 3387 819 3474; x_wconf 85' lang='lat' dir='ltr'>Olympicorum</span> <span class='ocrx_word' id='word_1_211' title='bbox 839 3388 873 3451; x_wconf 93' lang='lat' dir='ltr'>in</span> <span class='ocrx_word' id='word_1_212' title='bbox 893 3388 1003 3454; x_wconf 91' lang='lat' dir='ltr'>ordine</span> <span class='ocrx_word' id='word_1_213' title='bbox 1027 3391 1241 3456; x_wconf 89' lang='lat' dir='ltr'>certaminum</span> <span class='ocrx_word' id='word_1_214' title='bbox 1265 3391 1438 3476; x_wconf 81' lang='lat' dir='ltr'>digerendo</span> <span class='ocrx_word' id='word_1_215' title='bbox 1460 3391 1566 3455; x_wconf 90' lang='lat' dir='ltr'>secuti</span> 
     </span>
     <span class='ocr_line' id='line_1_30' title="bbox 280 3493 1564 3582; baseline 0.001 -21"><span class='ocrx_word' id='word_1_216' title='bbox 280 3499 364 3561; x_wconf 89' lang='lat' dir='ltr'>sunt.</span> <span class='ocrx_word' id='word_1_217' title='bbox 409 3493 461 3559; x_wconf 87' lang='lat' dir='ltr'>Ad</span> <span class='ocrx_word' id='word_1_218' title='bbox 483 3499 686 3581; x_wconf 89' lang='lat' dir='ltr'>postremum</span> <span class='ocrx_word' id='word_1_219' title='bbox 712 3495 803 3561; x_wconf 79' lang='lat' dir='ltr'>brevi</span> <span class='ocrx_word' id='word_1_220' title='bbox 825 3495 940 3582; x_wconf 78' lang='lat' dir='ltr'>refero,</span> <span class='ocrx_word' id='word_1_221' title='bbox 963 3518 1027 3581; x_wconf 90' lang='lat' dir='ltr'>quo</span> <span class='ocrx_word' id='word_1_222' title='bbox 1051 3501 1147 3581; x_wconf 91' lang='lat' dir='ltr'>pacto</span> <span class='ocrx_word' id='word_1_223' title='bbox 1171 3498 1345 3564; x_wconf 87' lang='lat' dir='ltr'>Holwerda</span> <span class='ocrx_word' id='word_1_224' title='bbox 1367 3497 1464 3563; x_wconf 84' lang='lat' dir='ltr'>Areh.</span> <span class='ocrx_word' id='word_1_225' title='bbox 1483 3495 1564 3562; x_wconf 88' lang='lat' dir='ltr'>Zeit.</span> 
     </span>
     <span class='ocr_line' id='line_1_31' title="bbox 282 3603 1564 3690; baseline 0 -22"><span class='ocrx_word' id='word_1_226' title='bbox 282 3604 368 3668; x_wconf 91' lang='lat'>1880</span> <span class='ocrx_word' id='word_1_227' title='bbox 386 3627 416 3689; x_wconf 92' lang='lat' dir='ltr'>p.</span> <span class='ocrx_word' id='word_1_228' title='bbox 428 3605 500 3688; x_wconf 81' lang='grc'><strong><em>171,</em></strong></span> <span class='ocrx_word' id='word_1_229' title='bbox 519 3626 593 3669; x_wconf 91' lang='lat' dir='ltr'>cnm</span> <span class='ocrx_word' id='word_1_230' title='bbox 607 3603 717 3671; x_wconf 92' lang='lat' dir='ltr'>locum</span> <span class='ocrx_word' id='word_1_231' title='bbox 730 3603 824 3670; x_wconf 88' lang='lat' dir='ltr'>Paus.</span> <span class='ocrx_word' id='word_1_232' title='bbox 835 3623 858 3667; x_wconf 87' lang='lat' dir='ltr'>v</span> <span class='ocrx_word' id='word_1_233' title='bbox 872 3606 903 3689; x_wconf 82' lang='grc'><strong><em>9,</em></strong></span> <span class='ocrx_word' id='word_1_234' title='bbox 918 3605 938 3669; x_wconf 85' lang='grc'><strong>3</strong></span> <span class='ocrx_word' id='word_1_235' title='bbox 956 3604 1051 3669; x_wconf 90' lang='lat' dir='ltr'>aliter</span> <span class='ocrx_word' id='word_1_236' title='bbox 1068 3604 1284 3690; x_wconf 83' lang='lat' dir='ltr'>supplevisset</span> <span class='ocrx_word' id='word_1_237' title='bbox 1303 3609 1336 3669; x_wconf 91' lang='lat' dir='ltr'>et</span> <span class='ocrx_word' id='word_1_238' title='bbox 1351 3603 1564 3670; x_wconf 89' lang='lat' dir='ltr'>Plutarchum</span> 
     </span>
    </p>
   </div>
   <div class='ocr_carea' id='block_1_3' title="bbox 278 3867 1567 4870">
    <p class='ocr_par' dir='ltr' id='par_1_8' title="bbox 278 3867 1567 4352">
     <span class='ocr_line' id='line_1_32' title="bbox 369 3867 1563 3943; baseline 0.001 -20"><span class='ocrx_word' id='word_1_239' title='bbox 369 3873 395 3940; x_wconf 83' lang='lat'>1)</span> <span class='ocrx_word' id='word_1_240' title='bbox 414 3868 560 3923; x_wconf 89' lang='lat' dir='ltr'>Plutarchi</span> <span class='ocrx_word' id='word_1_241' title='bbox 582 3872 677 3924; x_wconf 87' lang='lat' dir='ltr'>aetate</span> <span class='ocrx_word' id='word_1_242' title='bbox 700 3886 849 3939; x_wconf 89' lang='lat' dir='ltr'>puerorum</span> <span class='ocrx_word' id='word_1_243' title='bbox 874 3867 1029 3923; x_wconf 87' lang='lat' dir='ltr'>cortamina</span> <span class='ocrx_word' id='word_1_244' title='bbox 1048 3872 1115 3925; x_wconf 88' lang='lat' dir='ltr'>ante</span> <span class='ocrx_word' id='word_1_245' title='bbox 1133 3870 1257 3925; x_wconf 81' lang='lat' dir='ltr'>virorum</span> <span class='ocrx_word' id='word_1_246' title='bbox 1276 3871 1363 3926; x_wconf 85' lang='lat' dir='ltr'>fuisse</span> <span class='ocrx_word' id='word_1_247' title='bbox 1387 3873 1505 3943; x_wconf 88' lang='lat' dir='ltr'>apparet</span> <span class='ocrx_word' id='word_1_248' title='bbox 1528 3886 1563 3925; x_wconf 90' lang='lat' dir='ltr'>ex</span> 
     </span>
     <span class='ocr_line' id='line_1_33' title="bbox 280 3939 1563 4012; baseline 0.001 -18"><span class='ocrx_word' id='word_1_249' title='bbox 280 3940 393 4006; x_wconf 82' lang='lat' dir='ltr'>Quaest.</span> <span class='ocrx_word' id='word_1_250' title='bbox 413 3958 530 3995; x_wconf 87' lang='lat' dir='ltr'>conv.11</span> <span class='ocrx_word' id='word_1_251' title='bbox 550 3946 618 4009; x_wconf 83' lang='lat'>5,1:</span> <span class='ocrx_word' id='word_1_252' title='bbox 643 3940 771 3995; x_wconf 79' lang='grc' dir='ltr'><strong><em>ἐνταῦθα</em></strong></span> <span class='ocrx_word' id='word_1_253' title='bbox 794 3939 825 3994; x_wconf 75' lang='lat' dir='ltr'>et</span> <span class='ocrx_word' id='word_1_254' title='bbox 848 3939 918 4009; x_wconf 87' lang='grc' dir='ltr'><strong><em>παρ’</em></strong></span> <span class='ocrx_word' id='word_1_255' title='bbox 941 3941 1005 4010; x_wconf 75' lang='grc' dir='ltr'><strong><em>ἡμῖν</em></strong></span> <span class='ocrx_word' id='word_1_256' title='bbox 1030 3939 1184 4012; x_wconf 75' lang='grc' dir='ltr'><strong><em>(Ἀθήνησι)</em></strong></span> <span class='ocrx_word' id='word_1_257' title='bbox 1208 3941 1280 3996; x_wconf 84' lang='grc' dir='ltr'><strong><em>καθ’</em></strong></span> <span class='ocrx_word' id='word_1_258' title='bbox 1301 3941 1419 3998; x_wconf 72' lang='grc' dir='ltr'><strong><em>ἕκαστον</em></strong></span> <span class='ocrx_word' id='word_1_259' title='bbox 1445 3942 1563 4012; x_wconf 82' lang='grc' dir='ltr'><strong><em>ἄθλημα</em></strong></span> 
     </span>
     <span class='ocr_line' id='line_1_34' title="bbox 280 4011 1564 4082; baseline 0.001 -16"><span class='ocrx_word' id='word_1_260' title='bbox 280 4014 345 4075; x_wconf 77' lang='grc' dir='ltr'><strong><em>τοὺς</em></strong></span> <span class='ocrx_word' id='word_1_261' title='bbox 372 4011 593 4082; x_wconf 77' lang='grc' dir='ltr'><strong><em>ἀγωνιζομένους</em></strong></span> <span class='ocrx_word' id='word_1_262' title='bbox 621 4011 779 4082; x_wconf 76' lang='grc' dir='ltr'><strong><em>εἰσάγουσιν</em></strong></span> <span class='ocrx_word' id='word_1_263' title='bbox 812 4011 858 4066; x_wconf 77' lang='lat' dir='ltr'>ea</span> <span class='ocrx_word' id='word_1_264' title='bbox 887 4013 968 4066; x_wconf 75' lang='lat' dir='ltr'>natal</span> <span class='ocrx_word' id='word_1_265' title='bbox 995 4017 1162 4077; x_wconf 81' lang='grc' dir='ltr'><strong><em>παλαισταῖς</em></strong></span> <span class='ocrx_word' id='word_1_266' title='bbox 1190 4014 1296 4082; x_wconf 81' lang='grc' dir='ltr'><strong><em>ἄνδρας</em></strong></span> <span class='ocrx_word' id='word_1_267' title='bbox 1328 4012 1482 4077; x_wconf 82' lang='grc' dir='ltr'><strong><em>παλαιστὰς</em></strong></span> <span class='ocrx_word' id='word_1_268' title='bbox 1514 4014 1564 4067; x_wconf 80' lang='grc' dir='ltr'>καὶ</span> 
     </span>
     <span class='ocr_line' id='line_1_35' title="bbox 279 4081 1567 4156; baseline 0.002 -19"><span class='ocrx_word' id='word_1_269' title='bbox 279 4085 385 4146; x_wconf 72' lang='grc' dir='ltr'><strong><em>πάντας</em></strong></span> <span class='ocrx_word' id='word_1_270' title='bbox 408 4082 454 4137; x_wconf 75' lang='lat' dir='ltr'>aa</span> <span class='ocrx_word' id='word_1_271' title='bbox 477 4083 607 4152; x_wconf 74' lang='grc' dir='ltr'><strong><em>πύκταις,</em></strong></span> <span class='ocrx_word' id='word_1_272' title='bbox 637 4081 738 4153; x_wconf 87' lang='grc' dir='ltr'><strong><em>δμοίως</em></strong></span> <span class='ocrx_word' id='word_1_273' title='bbox 762 4083 809 4136; x_wconf 84' lang='grc' dir='ltr'>καὶ</span> <span class='ocrx_word' id='word_1_274' title='bbox 832 4086 1072 4153; x_wconf 81' lang='grc' dir='ltr'><strong><em>παγκρατιαστάς·</em></strong></span> <span class='ocrx_word' id='word_1_275' title='bbox 1097 4085 1154 4139; x_wconf 81' lang='grc' dir='ltr'><strong><em>ἐκεῖ</em></strong></span> <span class='ocrx_word' id='word_1_276' title='bbox 1177 4083 1208 4139; x_wconf 74' lang='grc' dir='ltr'>δὲ</span> <span class='ocrx_word' id='word_1_277' title='bbox 1233 4083 1418 4156; x_wconf 85' lang='grc' dir='ltr'><strong><em>(Ὀλυμπίασι)</em></strong></span> <span class='ocrx_word' id='word_1_278' title='bbox 1442 4084 1511 4140; x_wconf 77' lang='grc' dir='ltr'><strong><em>ὅταν</em></strong></span> <span class='ocrx_word' id='word_1_279' title='bbox 1535 4082 1567 4139; x_wconf 78' lang='grc' dir='ltr'>οἷ</span> 
     </span>
     <span class='ocr_line' id='line_1_36' title="bbox 279 4153 1562 4224; baseline 0.001 -16"><span class='ocrx_word' id='word_1_280' title='bbox 279 4157 380 4217; x_wconf 79' lang='grc' dir='ltr'><strong><em>παῖδες</em></strong></span> <span class='ocrx_word' id='word_1_281' title='bbox 398 4157 447 4208; x_wconf 90' lang='grc' dir='ltr'>δια</span> <span class='ocrx_word' id='word_1_282' title='bbox 466 4153 634 4221; x_wconf 86' lang='grc' dir='ltr'><strong><em>ωνίαωνται,</em></strong></span> <span class='ocrx_word' id='word_1_283' title='bbox 657 4153 719 4208; x_wconf 77' lang='grc' dir='ltr'><strong><em>τότε</em></strong></span> <span class='ocrx_word' id='word_1_284' title='bbox 737 4155 802 4217; x_wconf 76' lang='grc' dir='ltr'><strong><em>τοὺς</em></strong></span> <span class='ocrx_word' id='word_1_285' title='bbox 821 4154 928 4224; x_wconf 80' lang='grc' dir='ltr'><strong><em>ἄνδρας</em></strong></span> <span class='ocrx_word' id='word_1_286' title='bbox 947 4160 1069 4210; x_wconf 81' lang='grc' dir='ltr'><strong><em>καλοῦσι.</em></strong></span> <span class='ocrx_word' id='word_1_287' title='bbox 1108 4157 1201 4224; x_wconf 85' lang='lat' dir='ltr'>Atque</span> <span class='ocrx_word' id='word_1_288' title='bbox 1221 4155 1402 4210; x_wconf 85' lang='lat' dir='ltr'>Plutarchum</span> <span class='ocrx_word' id='word_1_289' title='bbox 1421 4173 1488 4212; x_wconf 81' lang='lat' dir='ltr'>vera</span> <span class='ocrx_word' id='word_1_290' title='bbox 1506 4159 1562 4209; x_wconf 85' lang='lat' dir='ltr'>ret-</span> 
     </span>
     <span class='ocr_line' id='line_1_37' title="bbox 278 4175 1562 4351; baseline 0.002 -73"><span class='ocrx_word' id='word_1_291' title='bbox 278 4225 382 4351; x_wconf 71' lang='lat' dir='ltr'>ttulisse</span> <span class='ocrx_word' id='word_1_292' title='bbox 401 4175 495 4350; x_wconf 62' lang='lat' dir='ltr'>aplius</span> <span class='ocrx_word' id='word_1_293' title='bbox 514 4225 645 4294; x_wconf 90' lang='lat' dir='ltr'>equidem</span> <span class='ocrx_word' id='word_1_294' title='bbox 664 4225 772 4295; x_wconf 79' lang='lat' dir='ltr'>dubito,</span> <span class='ocrx_word' id='word_1_295' title='bbox 791 4225 840 4280; x_wconf 91' lang='lat' dir='ltr'>scd</span> <span class='ocrx_word' id='word_1_296' title='bbox 858 4225 953 4296; x_wconf 91' lang='lat' dir='ltr'>potuit</span> <span class='ocrx_word' id='word_1_297' title='bbox 968 4227 1036 4281; x_wconf 89' lang='lat' dir='ltr'>ordo</span> <span class='ocrx_word' id='word_1_298' title='bbox 1054 4245 1203 4298; x_wconf 90' lang='lat' dir='ltr'>puerorum</span> <span class='ocrx_word' id='word_1_299' title='bbox 1218 4228 1402 4282; x_wconf 87' lang='lat' dir='ltr'>certaminum</span> <span class='ocrx_word' id='word_1_300' title='bbox 1416 4227 1489 4282; x_wconf 86' lang='lat' dir='ltr'>alius</span> <span class='ocrx_word' id='word_1_301' title='bbox 1504 4227 1562 4281; x_wconf 89' lang='lat' dir='ltr'>alio</span> 
     </span>
     <span class='ocr_line' id='line_1_38' title="bbox 293 4312 491 4352; baseline -0.015 0"><span class='ocrx_word' id='word_1_302' title='bbox 293 4316 336 4352; x_wconf 90' lang='lat' dir='ltr'>ern</span> <span class='ocrx_word' id='word_1_303' title='bbox 358 4313 404 4351; x_wconf 90' lang='lat' dir='ltr'>ore</span> <span class='ocrx_word' id='word_1_304' title='bbox 443 4312 491 4349; x_wconf 85' lang='lat' dir='ltr'>err.</span> 
     </span>
    </p>

    <p class='ocr_par' dir='ltr' id='par_1_9' title="bbox 278 4317 1562 4870">
     <span class='ocr_line' id='line_1_39' title="bbox 338 4317 1562 4441; baseline 0.002 -20"><span class='ocrx_word' id='word_1_305' title='bbox 338 4317 394 4438; x_wconf 67' lang='lat' dir='ltr'>pt)</span> <span class='ocrx_word' id='word_1_306' title='bbox 410 4366 546 4422; x_wconf 81' lang='lat' dir='ltr'>Similiter</span> <span class='ocrx_word' id='word_1_307' title='bbox 560 4367 589 4421; x_wconf 90' lang='lat' dir='ltr'>in</span> <span class='ocrx_word' id='word_1_308' title='bbox 602 4367 803 4422; x_wconf 85' lang='lat' dir='ltr'>certaminibus</span> <span class='ocrx_word' id='word_1_309' title='bbox 813 4386 909 4422; x_wconf 84' lang='lat' dir='ltr'>cursus</span> <span class='ocrx_word' id='word_1_310' title='bbox 920 4369 962 4423; x_wconf 86' lang='lat' dir='ltr'>ol.</span> <span class='ocrx_word' id='word_1_311' title='bbox 973 4388 1080 4423; x_wconf 79' lang='lat' dir='ltr'>cuxrvn</span> <span class='ocrx_word' id='word_1_312' title='bbox 1091 4371 1127 4422; x_wconf 90' lang='lat' dir='ltr'>ad</span> <span class='ocrx_word' id='word_1_313' title='bbox 1142 4369 1295 4440; x_wconf 80' lang='lat' dir='ltr'>genuinum</span> <span class='ocrx_word' id='word_1_314' title='bbox 1310 4374 1340 4425; x_wconf 90' lang='lat' dir='ltr'>et</span> <span class='ocrx_word' id='word_1_315' title='bbox 1353 4370 1476 4441; x_wconf 84' lang='lat' dir='ltr'>priscum</span> <span class='ocrx_word' id='word_1_316' title='bbox 1486 4370 1562 4424; x_wconf 90' lang='lat' dir='ltr'>ordi-</span> 
     </span>
     <span class='ocr_line' id='line_1_40' title="bbox 280 4438 1561 4509; baseline 0.003 -17"><span class='ocrx_word' id='word_1_317' title='bbox 280 4456 344 4493; x_wconf 86' lang='lat' dir='ltr'>nem</span> <span class='ocrx_word' id='word_1_318' title='bbox 352 4438 495 4494; x_wconf 89' lang='lat' dir='ltr'>redierunt</span> <span class='ocrx_word' id='word_1_319' title='bbox 504 4438 547 4493; x_wconf 86' lang='lat' dir='ltr'>vel</span> <span class='ocrx_word' id='word_1_320' title='bbox 556 4438 706 4508; x_wconf 72' lang='lat' dir='ltr'>redierant,</span> <span class='ocrx_word' id='word_1_321' title='bbox 717 4444 748 4493; x_wconf 92' lang='lat' dir='ltr'>ut</span> <span class='ocrx_word' id='word_1_322' title='bbox 756 4442 849 4495; x_wconf 88' lang='lat' dir='ltr'>stadio</span> <span class='ocrx_word' id='word_1_323' title='bbox 859 4445 889 4495; x_wconf 89' lang='lat' dir='ltr'>et</span> <span class='ocrx_word' id='word_1_324' title='bbox 898 4441 994 4495; x_wconf 89' lang='lat' dir='ltr'>diaulo</span> <span class='ocrx_word' id='word_1_325' title='bbox 1004 4445 1070 4494; x_wconf 91' lang='lat' dir='ltr'>ante</span> <span class='ocrx_word' id='word_1_326' title='bbox 1082 4441 1223 4495; x_wconf 86' lang='lat' dir='ltr'>dolichum</span> <span class='ocrx_word' id='word_1_327' title='bbox 1234 4446 1387 4509; x_wconf 89' lang='lat' dir='ltr'>certarent;</span> <span class='ocrx_word' id='word_1_328' title='bbox 1399 4461 1464 4496; x_wconf 90' lang='lat' dir='ltr'>nam</span> <span class='ocrx_word' id='word_1_329' title='bbox 1474 4446 1561 4496; x_wconf 84' lang='lat' dir='ltr'>antea</span> 
     </span>
     <span class='ocr_line' id='line_1_41' title="bbox 280 4510 1561 4583; baseline 0.002 -19"><span class='ocrx_word' id='word_1_330' title='bbox 280 4510 422 4579; x_wconf 88' lang='lat' dir='ltr'>quondam</span> <span class='ocrx_word' id='word_1_331' title='bbox 437 4510 594 4580; x_wconf 84' lang='lat' dir='ltr'>Olympiae,</span> <span class='ocrx_word' id='word_1_332' title='bbox 607 4513 640 4563; x_wconf 91' lang='lat' dir='ltr'>ut</span> <span class='ocrx_word' id='word_1_333' title='bbox 655 4512 771 4567; x_wconf 81' lang='lat' dir='ltr'>Athenis</span> <span class='ocrx_word' id='word_1_334' title='bbox 786 4516 822 4582; x_wconf 78' lang='grc' dir='ltr'>(τ.</span> <span class='ocrx_word' id='word_1_335' title='bbox 839 4529 923 4583; x_wconf 88' lang='lat' dir='ltr'>supra</span> <span class='ocrx_word' id='word_1_336' title='bbox 937 4531 964 4582; x_wconf 91' lang='lat' dir='ltr'>p.</span> <span class='ocrx_word' id='word_1_337' title='bbox 975 4515 1060 4581; x_wconf 76' lang='lat' dir='ltr'>arm)</span> <span class='ocrx_word' id='word_1_338' title='bbox 1074 4512 1195 4582; x_wconf 91' lang='lat' dir='ltr'>primum</span> <span class='ocrx_word' id='word_1_339' title='bbox 1209 4513 1330 4581; x_wconf 87' lang='lat' dir='ltr'>doliche,</span> <span class='ocrx_word' id='word_1_340' title='bbox 1350 4514 1452 4568; x_wconf 88' lang='lat' dir='ltr'>deinde</span> <span class='ocrx_word' id='word_1_341' title='bbox 1467 4512 1561 4567; x_wconf 87' lang='lat' dir='ltr'>stadio</span> 
     </span>
     <span class='ocr_line' id='line_1_42' title="bbox 280 4581 1562 4655; baseline 0.003 -20"><span class='ocrx_word' id='word_1_342' title='bbox 280 4584 309 4635; x_wconf 92' lang='lat' dir='ltr'>et</span> <span class='ocrx_word' id='word_1_343' title='bbox 322 4581 418 4636; x_wconf 90' lang='lat' dir='ltr'>diaulo</span> <span class='ocrx_word' id='word_1_344' title='bbox 437 4586 576 4636; x_wconf 86' lang='lat' dir='ltr'>certatum</span> <span class='ocrx_word' id='word_1_345' title='bbox 595 4599 655 4636; x_wconf 87' lang='lat' dir='ltr'>esse</span> <span class='ocrx_word' id='word_1_346' title='bbox 675 4584 757 4638; x_wconf 91' lang='lat' dir='ltr'>docet</span> <span class='ocrx_word' id='word_1_347' title='bbox 774 4584 856 4639; x_wconf 87' lang='lat' dir='ltr'>Paos.</span> <span class='ocrx_word' id='word_1_348' title='bbox 868 4603 896 4637; x_wconf 84' lang='lat' dir='ltr'>rr</span> <span class='ocrx_word' id='word_1_349' title='bbox 911 4590 953 4653; x_wconf 86' lang='lat'>13,</span> <span class='ocrx_word' id='word_1_350' title='bbox 968 4591 997 4638; x_wconf 88' lang='lat'>3:</span> <span class='ocrx_word' id='word_1_351' title='bbox 1022 4584 1079 4637; x_wconf 87' lang='grc' dir='ltr'><strong><em>άπὸ</em></strong></span> <span class='ocrx_word' id='word_1_352' title='bbox 1098 4584 1151 4653; x_wconf 82' lang='grc' dir='ltr'><strong><em>γὰρ</em></strong></span> <span class='ocrx_word' id='word_1_353' title='bbox 1169 4593 1218 4638; x_wconf 83' lang='grc' dir='ltr'>τσῦ</span> <span class='ocrx_word' id='word_1_354' title='bbox 1237 4583 1370 4655; x_wconf 82' lang='grc' dir='ltr'><strong><em>μηκίστου</em></strong></span> <span class='ocrx_word' id='word_1_355' title='bbox 1386 4587 1434 4639; x_wconf 83' lang='grc' dir='ltr'>καλ</span> <span class='ocrx_word' id='word_1_356' title='bbox 1449 4587 1562 4651; x_wconf 81' lang='grc' dir='ltr'><strong><em>διαρκε-</em></strong></span> 
     </span>
     <span class='ocr_line' id='line_1_43' title="bbox 279 4650 1562 4728; baseline 0.002 -21"><span class='ocrx_word' id='word_1_357' title='bbox 279 4650 381 4708; x_wconf 87' lang='grc' dir='ltr'><strong><em>στάτου</em></strong></span> <span class='ocrx_word' id='word_1_358' title='bbox 404 4651 443 4706; x_wconf 87' lang='grc' dir='ltr'>δι’</span> <span class='ocrx_word' id='word_1_359' title='bbox 465 4652 603 4723; x_wconf 77' lang='grc' dir='ltr'><strong><em>ὀλιγίστου</em></strong></span> <span class='ocrx_word' id='word_1_360' title='bbox 629 4654 664 4723; x_wconf 84' lang='grc' dir='ltr'>δὴ</span> <span class='ocrx_word' id='word_1_361' title='bbox 688 4663 788 4723; x_wconf 84' lang='grc' dir='ltr'><strong><em>καιροῦ</em></strong></span> <span class='ocrx_word' id='word_1_362' title='bbox 813 4653 1011 4726; x_wconf 75' lang='grc' dir='ltr'><strong><em>μεθηρμόσατο</em></strong></span> <span class='ocrx_word' id='word_1_363' title='bbox 1038 4653 1083 4708; x_wconf 64' lang='lat' dir='ltr'>tut</span> <span class='ocrx_word' id='word_1_364' title='bbox 1106 4655 1138 4709; x_wconf 88' lang='grc' dir='ltr'><strong><em>τὸ</em></strong></span> <span class='ocrx_word' id='word_1_365' title='bbox 1162 4657 1337 4728; x_wconf 76' lang='grc' dir='ltr'><strong><em>βραχύτατον</em></strong></span> <span class='ocrx_word' id='word_1_366' title='bbox 1361 4658 1409 4710; x_wconf 84' lang='grc' dir='ltr'>καλ</span> <span class='ocrx_word' id='word_1_367' title='bbox 1434 4656 1562 4723; x_wconf 76' lang='grc' dir='ltr'><strong><em>ὤκιστον,</em></strong></span> 
     </span>
     <span class='ocr_line' id='line_1_44' title="bbox 278 4723 1561 4801; baseline 0.002 -22"><span class='ocrx_word' id='word_1_368' title='bbox 278 4727 326 4779; x_wconf 79' lang='grc' dir='ltr'>καὶ</span> <span class='ocrx_word' id='word_1_369' title='bbox 349 4727 461 4796; x_wconf 76' lang='grc' dir='ltr'><strong><em>δολίχου</em></strong></span> <span class='ocrx_word' id='word_1_370' title='bbox 484 4744 513 4779; x_wconf 86' lang='grc' dir='ltr'><strong><em>τε</em></strong></span> <span class='ocrx_word' id='word_1_371' title='bbox 537 4725 567 4780; x_wconf 79' lang='grc' dir='ltr'>ἐν</span> <span class='ocrx_word' id='word_1_372' title='bbox 590 4724 680 4799; x_wconf 75' lang='grc' dir='ltr'><strong><em>ἡμέρᾳ</em></strong></span> <span class='ocrx_word' id='word_1_373' title='bbox 703 4736 736 4798; x_wconf 75' lang='grc' dir='ltr'><strong><em>τῇ</em></strong></span> <span class='ocrx_word' id='word_1_374' title='bbox 759 4729 830 4799; x_wconf 74' lang='grc' dir='ltr'><strong><em>αὐτῇ</em></strong></span> <span class='ocrx_word' id='word_1_375' title='bbox 853 4729 902 4781; x_wconf 77' lang='grc' dir='ltr'>καὶ</span> <span class='ocrx_word' id='word_1_376' title='bbox 924 4723 1086 4796; x_wconf 87' lang='grc' dir='ltr'><strong><em>παραυτίκα</em></strong></span> <span class='ocrx_word' id='word_1_377' title='bbox 1110 4726 1225 4782; x_wconf 89' lang='grc' dir='ltr'><strong><em>σταδίου</em></strong></span> <span class='ocrx_word' id='word_1_378' title='bbox 1244 4729 1338 4801; x_wconf 83' lang='grc' dir='ltr'><strong><em>λαβὼν</em></strong></span> <span class='ocrx_word' id='word_1_379' title='bbox 1357 4726 1441 4798; x_wconf 84' lang='grc' dir='ltr'><strong><em>νίκην</em></strong></span> <span class='ocrx_word' id='word_1_380' title='bbox 1460 4727 1561 4796; x_wconf 85' lang='grc' dir='ltr'><strong><em>προσέ-</em></strong></span> 
     </span>
     <span class='ocr_line' id='line_1_45' title="bbox 279 4795 776 4870; baseline 0.004 -19"><span class='ocrx_word' id='word_1_381' title='bbox 279 4802 352 4870; x_wconf 81' lang='grc' dir='ltr'><strong><em>θηκε</em></strong></span> <span class='ocrx_word' id='word_1_382' title='bbox 371 4796 488 4852; x_wconf 79' lang='grc' dir='ltr'><strong><em>διαύλου</em></strong></span> <span class='ocrx_word' id='word_1_383' title='bbox 507 4795 585 4868; x_wconf 82' lang='grc' dir='ltr'><strong><em>σφίσι</em></strong></span> <span class='ocrx_word' id='word_1_384' title='bbox 603 4797 655 4868; x_wconf 79' lang='grc' dir='ltr'><strong><em>τὴν</em></strong></span> <span class='ocrx_word' id='word_1_385' title='bbox 673 4800 776 4870; x_wconf 86' lang='grc' dir='ltr'><strong><em>τρίτην.</em></strong></span> 
     </span>
    </p>
   </div>
   <div class='ocr_carea' id='block_1_4' title="bbox 0 0 1708 5378">
    <p class='ocr_par' dir='ltr' id='par_1_10' title="bbox 0 0 1708 5378">
     <span class='ocr_line' id='line_1_46' title="bbox 0 0 1708 5378; baseline 0 2"><span class='ocrx_word' id='word_1_386' title='bbox 0 0 1708 5378; x_wconf 95' lang='lat' dir='ltr'> </span> 
     </span>
    </p>
   </div>
  </div>
 </body>
</html>
