3406 5378
688 346 845 396 earnem
865 346 938 397 vni.
1406 346 1448 409 do

257 506 395 580 Ξάνθον
422 505 528 590 ἥπειγ
556 505 576 589 ἢ
606 506 661 570 καὶ
687 504 865 591 Ἀμαζόνας
894 507 1054 583 εὐίππους
1084 506 1136 572 καὶ
1172 507 1205 584 ές
1227 507 1360 595 Ἴστρον

810 614 968 679 ε’λαύνων.

252 719 483 807 Ὀρσοτρίαινα
508 720 537 785 δ’
566 720 614 786 ἐπ’
637 720 760 808 Ἰσθμῷ
784 726 903 808 ποντίᾳ

256 829 343 912 ἀρμα
366 830 454 892 θοὸν
476 827 613 906 τάνυεν,

256 935 458 1019 ἀποπέμπων
483 936 612 1000 Αίακὸν

1206 1166 1291 1232 Ἀντ.
1341 1166 1358 1231 ’.

257 1254 312 1320 καὶ
338 1259 513 1341 Κορίνθου
537 1255 662 1340 δειράδ’
692 1256 893 1340 ἐποψόμενος
917 1257 1138 1321 δαιτικλυτάν.
1316 1192 1336 1250 γ

257 1365 400 1449 τερπνὸν
423 1361 452 1427 δ’
481 1361 517 1426 έν
541 1362 735 1447 ἀνθρώποις
759 1369 833 1428 ἴσον
856 1366 982 1428 ἔσσεται
1007 1362 1116 1428 οὐδέν.
1415 1381 1447 1429 70

258 1472 289 1534 εί
311 1468 340 1532 δ’
369 1469 432 1552 ἐγὼ
457 1472 611 1556 Μελησίᾳ
634 1469 666 1547 ἐξ
690 1469 849 1551 ἀγενείων
871 1471 972 1545 κῦδος
996 1469 1184 1556 ἀνέδραμον
1206 1471 1315 1557 ὕμνῳ,

257 1579 301 1661 μὴ
324 1575 450 1659 βαλέτω
473 1600 512 1661 με
536 1580 623 1663 λίθῳ
647 1588 761 1662 τραχεῖ
780 1579 923 1660 φθόνος·

256 1681 312 1748 καὶ
334 1680 447 1769 Νεμέᾳ
470 1684 533 1766 γάρ
557 1683 645 1767 ὁμῶς

240 1881 282 1929 47.
303 1874 412 1940 ξάνδον
430 1894 459 1929 τε
475 1877 510 1942 A,
529 1874 640 1940 ξάνθον
659 1874 687 1929 δ’
705 1877 734 1930 D
752 1880 796 1945 (ον
810 1874 838 1929 δ’
856 1876 908 1943 lit.)
930 1908 961 1914 -
984 1875 1076 1946 ilzsrp'
1093 1876 1109 1945 ἢ
1125 1878 1229 1948 Bergk:
1249 1878 1347 1948 ἤπειγε
1365 1884 1448 1948 (-γεν)

168 1947 249 2000 codd.
264 1949 293 1999 et
307 1947 392 2001 schol.
409 1980 441 1985 —
457 1944 586 2009 εὐίπποις
601 1950 628 2001 Β
647 1980 675 1985 -
692 1947 719 2010 ἐς
735 1965 790 2001 om.
806 1948 833 2001 B
851 1981 881 1987 —
897 1953 938 2001 48.
958 1945 1063 2001 ποντλω
1080 1952 1135 2001 0¹²⁰
1152 1982 1184 1989 —
1205 1956 1247 2003 5⁶2.
1267 1952 1449 2005 δαιτικλυτάν

168 2018 273 2087 Bergk:
298 2020 381 2072 δαῖτα
400 2018 504 2072 κλυτάν
523 2020 658 2085 Aaou,
683 2036 737 2086 quo
757 2023 868 2088 recepto
888 2022 952 2088 post
971 2004 1082 2087 δειράδ’
1103 2021 1120 2073 i.
1136 2038 1158 2074 e.
1175 2021 1286 2089 δειράδι.
1306 2022 1447 2091 interpun-

168 2094 269 2142 xerunt
289 2122 319 2128 -
341 2096 382 2143 54.
407 2088 522 2164 μελησίμ
544 2091 614 2145 AB:
638 2088 754 2160 μελησία
775 2091 830 2145 CI)
905 2089 1001 2161 ὕμνων
1020 2093 1084 2144 A¹'⁰
1104 2125 1136 2130 -—
1162 2098 1204 2147 ῠδ,
1229 2091 1348 2165 βαλλέτω
1367 2097 1395 2149 Α
1416 2127 1447 2133 -

169 2235 250 2301 pater
263 2231 387 2285 Achilles
398 2234 464 2285 ante
478 2232 579 2286 'l'roiae
589 2233 700 2287 moenia
710 2233 867 2302 occidisset,
878 2233 979 2286 iterum
990 2234 1086 2287 urbem
1097 2235 1180 2303 cepit,
1195 2236 1268 2288 uude
1282 2233 1393 2303 τρίτοις,
1404 2235 1448 2289 vel

169 2304 244 2372 quod
259 2303 412 2364 Ahrensius
428 2303 536 2357 invenit
553 2304 703 2372 τερτάτοις,
723 2321 778 2358 non
793 2304 933 2372 terpsicore
947 2309 1032 2373 poeta
1049 2305 1142 2359 dicere
1161 2306 1295 2371 debehat;
1315 2308 1354 2359 sie
1374 2307 1448 2361 euim

171 2390 247 2428 more
267 2374 406 2444 Madvigii
426 2375 529 2429 sentire
548 2375 623 2429 mulo
643 2391 728 2443 quarn
747 2375 971 2429 emendationem
991 2375 1125 2430 incertam
1145 2378 1235 2430 textui
1253 2377 1395 2432 intrudere
1414 2411 1447 2417 -,

170 2451 212 2499 47.
232 2443 365 2505 Ξάνθον·
386 2445 501 2513 Lycium
521 2446 645 2514 fluvium,
660 2464 715 2499 non
730 2446 881 2500 'lroianum
896 2446 1039 2516 intellego,
1055 2448 1159 2510 Λύκιος
1173 2452 1269 2502 autem
1284 2448 1384 2518 Apollo
1400 2467 1448 2503 au-

168 2516 267 2571 diebat
298 2534 362 2572 cum
388 2517 462 2587 apud
490 2517 561 2571 alios
587 2522 646 2571 tum
675 2518 749 2586 aliud
776 2516 928 2571 Pindarum
954 2517 1045 2587 ipsum
1065 2519 1093 2572 P.
1112 2536 1173 2585 τινα
1199 2522 1354 2573 Amazones
1384 2537 1448 2574 vero

171 2592 266 2657 petere
287 2587 403 2657 dicitur,
423 2588 498 2656 quod
518 2588 603 2643 abiis
623 2589 716 2642 Diana
739 2606 816 2642 soror
840 2589 997 2657 colebatur,
1024 2592 1053 2642 et
1076 2607 1093 2643 a
1117 2590 1337 2658 Thermodonte,
1365 2608 1448 2659 quem

170 2661 326 2714 Amazones
351 2658 529 2729 accolebant,
549 2661 584 2713 ad
605 2660 813 2730 Hyperboreos,
833 2659 943 2714 accolas
963 2660 1027 2713 Istri
1047 2664 1082 2721 (v.
1098 2661 1129 2713 O.
1145 2679 1175 2712 111
1191 2668 1235 2729 as),
1254 2661 1309 2714 iter
1328 2662 1450 2716 ducebat

169 2764 204 2770 —
223 2736 265 2786 63.
290 2731 327 2786 Ut
346 2731 507 2801 Apollinem
526 2732 563 2785 ab
583 2731 770 2785 Amazonibus
796 2732 833 2784 ud
857 2731 1060 2800 Hyperboreos,
1085 2732 1125 2785 sic
1150 2732 1313 2801 Neptunum
1341 2732 1378 2786 ah
1397 2735 1449 2786 Ae-

170 2802 238 2873 gina
257 2803 293 2857 ad
312 2802 449 2856 isthmum
468 2802 643 2856 Corinthium
662 2802 883 2872 proficiscentem
902 2805 987 2925 poeta
1011 2802 1093 2871 facit,
1116 2820 1172 2871 qno
1195 2805 1279 2872 pacto
1298 2804 1354 2857 sihi
1374 2804 1449 2858 riam

170 2874 307 2945 patefacit
331 2873 467 2928 redeundi
493 2875 530 2927 ad
554 2874 682 2928 ludorum
709 2872 876 2939 certamina3
924 2890 973 2927 aec
999 2879 1093 2928 autem
1121 2874 1166 2928 via
1192 2875 1229 2927 ad
1255 2873 1348 2943 ipsum
1367 2892 1448 2945 argu·

170 2949 295 3000 mentum
320 2944 453 2998 carminis
479 2945 614 3013 ducebat,
645 2944 669 2997 si
694 2945 798 3015 prima,
829 2963 914 3013 «quam
944 2944 1001 2998 iam
1032 2945 1198 3000 laudaturus
1227 2949 1302 3027 erut²
1330 2946 1450 3000 victoria

169 3016 303 3071 Melaniae
322 3016 351 3069 in
370 3015 493 3070 lsthmiis
512 3016 587 3070 ludis
606 3020 770 3086 comparata
789 3016 844 3069 fuit
867 3047 900 3058 -
925 3022 966 3071 53.
993 3015 1066 3070 nihil
1089 3016 1201 3070 iucundi
1226 3016 1388 3071 hominihus
1408 3018 1448 3070 in-

170 3090 281 3159 tegrum
300 3104 421 3156 manere,
440 3087 556 3142 Pindari
575 3089 619 3141 est
636 3087 785 3141 familiaris
804 3087 958 3155 sententia3
983 3088 1032 3141 sed
1055 3088 1125 3142 haec
1143 3089 1283 3157 quomodo
1309 3088 1361 3143 hoc
1387 3090 1449 3143 loco

171 3176 234 3213 curn
256 3158 305 3228 iis,
329 3175 401 3228 quae
421 3159 455 3212 de
475 3158 561 3213 muris
580 3158 709 3213 Troianis
726 3158 1031 3213 >interitui‘destinatis
1051 3159 1234 3228 antecedunt,
1254 3163 1304 3213 aut
1323 3177 1386 3213 cum
1406 3160 1449 3229 iis,

170 3230 296 3299 quaeda
316 3229 433 3284 Melesia
456 3229 581 3283 invidiae
600 3229 721 3284 obnoxio
746 3234 912 3299 sequnntur,
932 3231 1093 3297 cohaereat,
1117 3248 1216 3299 parurn
1241 3233 1368 3301 apertum
1393 3235 1449 3298 est;

169 3317 259 3370 neque
277 3302 373 3355 tamen
391 3301 482 3371 magis
502 3302 589 3370 probo
609 3301 778 3355 senteutiam
796 3302 882 3356 hanc:
902 3301 973 3355 nihil
989 3301 1075 3355 sacris
1090 3302 1181 3370 epulis
1200 3306 1229 3356 et
1247 3302 1323 3356 ludis
1338 3303 1448 3356 dulcius

170 3389 243 3441 esse,
272 3372 357 3426 immo
385 3371 585 3426 obscuritatem
603 3376 717 3442 poetam
743 3390 801 3427 non
828 3373 933 3443 fugisse
960 3376 1041 3442 puto,
1070 3376 1102 3426 ut
1127 3372 1203 3426 viam
1231 3373 1287 3427 sibi
1313 3376 1451 3428 sterneret

170 3443 306 3499 redeundi
323 3444 360 3498 ad
379 3444 468 3498 ludos.
506 3443 558 3497 Est
576 3460 643 3498 sane
662 3444 732 3497 haec
751 3444 798 3497 ria
816 3443 930 3498 minime
950 3446 1058 3511 faceta,
1079 3444 1127 3498 sed
1147 3462 1203 3497 non
1222 3444 1317 3498 omnia
1335 3445 1364 3497 in
1384 3444 1448 3498 Pin-

170 3516 239 3570 daro
253 3531 339 3569 caeca
353 3515 539 3569 admiratione
552 3515 697 3569 laudanda
715 3518 793 3583 sunt3
812 3515 949 3585 imprimis
964 3515 994 3568 in
1008 3514 1151 3569 festinatis
1165 3515 1346 3583 carminibus,
1366 3516 1449 3583 quale

171 3588 223 3642 hoc
237 3589 364 3641 nostrum
378 3589 430 3667 est,
446 3586 518 3640 etin
531 3586 698 3641 transitibus
713 3587 847 3656 parandis
867 3587 970 3641 severis
990 3586 1130 3640 iudicibus
1145 3586 1255 3658 copiam
1270 3587 1449 3656 vituperandi

170 3658 250 3728 fecit,
270 3658 344 3712 unde
363 3657 432 3711 mim
450 3658 587 3728 probat-ur
604 3658 740 3712 iudicium
758 3657 878 3727 Longini
897 3675 931 3724 ss,
946 3676 971 3712 s:
991 3657 1005 3710 ὁ
1025 3656 1056 3710 δὲ
1076 3656 1220 3741 Πίνδαρος
1243 3659 1291 3711 acl
1315 3658 1329 3712 δ
1354 3661 1449 3727 Σοφο-

170 3734 236 3799 κλῆς
256 3728 301 3784 ὁτὲ
320 3728 371 3799 μὲν
386 3727 446 3783 οἶον
460 3728 554 3784 πάντα
569 3727 748 3799 ἐπιφλέγοντι
762 3737 794 3797 τῇ
809 3733 893 3802 φορᾷ,
909 3727 1076 3852 ργέννννταν
1090 3728 1118 3783 δ’
1135 3731 1241 3798 ἀλογως
1254 3728 1388 3793 πολλάκις
1402 3731 1449 3784 καὶ

170 3799 320 3856 πίπτουσιν
342 3797 514 3870 drogiacum
539 3833 571 3841 -—
597 3808 630 3855 54
646 3819 681 3855 ss.
710 3800 753 3854 Ad
776 3800 858 3853 ludos
882 3816 911 3852 re
934 3800 993 3853 iens
1016 3799 1137 3868 primum
1161 3800 1320 3869 Melesium,
1347 3800 1449 3855 deinde

170 3872 393 3927 Alcimedontem
411 3872 564 3942 praedicat.
603 3874 695 3941 Atque
714 3870 858 3924 Melesiam
878 3871 1092 3935 Atheniensem,
1111 3870 1310 3924 dexterrimum
1331 3872 1449 3940 aliptarn

170 3943 382 4013 Alcimedontis,
398 3943 531 4013 invidiae,
546 3962 603 4013 qua
622 3943 697 4013 apud
712 3941 864 4011 Aeginetae
884 3946 944 3996 tum
963 3942 1096 4012 temporis
1116 3942 1250 3996 acerrime
1265 3942 1449 3997 Athenienses

170 4015 343 4085 flagrabant,
366 4033 423 4070 non
446 4033 560 4086 prorsus
579 4018 720 4084 expertem
739 4012 825 4067 fuisse
844 4013 997 4067 verisimile
1016 4016 1068 4081 est,
1089 4013 1162 4066 unde
1182 4030 1244 4066 curn
1264 4012 1361 4066 laudes
1381 4013 1449 4082 eius,

171 4085 230 4141 sive
251 4087 328 4155 quod
348 4087 454 4157 aliptae
475 4103 589 4141 munere
611 4087 682 4139 bene
707 4084 820 4138 functus
846 4087 921 4139 esset
946 4085 1004 4139 sive
1028 4085 1102 4154 quod
1123 4084 1183 4154 ipse
1202 4087 1287 4138 antea
1306 4101 1340 4138 ex
1359 4086 1449 4139 certa-

170 4157 294 4211 minibus
314 4157 403 4212 rictor
420 4159 589 4225 recessisset,
609 4155 713 4211 aversis
734 4156 849 4209 auribus
863 4156 1018 4226 Aeginetae
1037 4155 1181 4225 accepturi
1200 4172 1260 4209 esse
1280 4155 1450 4218 viderentur,

170 4230 255 4299 poeta
278 4229 398 4298 primurn
421 4246 457 4284 ne
480 4230 515 4284 ob
540 4229 591 4282 has
615 4228 714 4282 laudes
738 4226 847 4281 invidia
865 4232 1008 4297 peteretur·
1026 4232 1103 4296 orat,
1123 4227 1224 4281 deinde
1243 4226 1376 4281 victorius
1396 4227 1448 4281 viri

171 4300 278 4356 strenui
301 4318 351 4370 pro
375 4301 482 4355 meritis
508 4300 619 4369 laudat,
646 4303 731 4367 atrlue
755 4299 875 4368 primum
899 4316 973 4368 eam,
998 4316 1082 4368 quam
1101 4298 1219 4353 Melesia
1237 4316 1306 4369 puer
1325 4298 1450 4352 Isthmiis

171 4374 370 4442 reportaverat.
408 4372 481 4426 Nam
508 4389 571 4426 cum
589 4388 662 4441 quae
682 4371 812 4440 deinceps
836 4371 971 4425 victoriae
991 4370 1143 4425 laudantur
1162 4369 1295 4424 Molesioc
1313 4388 1370 4423 non
1389 4386 1450 4424 esse

171 4461 227 4498 non
245 4442 363 4524 possint,
381 4461 472 4512 neque
491 4443 644 4512 quidquam
659 4441 758 4496 indicii
772 4443 817 4510 sit,
833 4460 888 4510 qno
904 4443 939 4496 ab
955 4460 1009 4496 uno
1025 4442 1061 4496 ad
1076 4442 1196 4496 alterum
1209 4442 1345 4496 victorem
1361 4444 1451 4495 trans-

171 4513 206 4568 iri
232 4514 417 4585 srgnificetur‚
440 4515 561 4585 primam
585 4531 708 4582 quoque,
734 4530 806 4582 quae
830 4533 856 4568 v.
878 4532 902 4568 ,τι
927 4512 1117 4584 significatur,
1143 4513 1291 4568 victoriam
1317 4512 1451 4568 Melesiae

172 4585 325 4655 puerinon
344 4584 548 4640 Alcimedontis
568 4602 628 4639 esee
647 4584 755 4650 iudico;
774 4584 872 4638 aoristi
893 4583 1054 4655 ἀνέδραμον
1073 4589 1262 4639 autemusum
1277 4585 1355 4639 dere
1370 4601 1451 4655 prae-

170 4657 244 4712 senti
263 4656 307 4710 vel
327 4657 423 4711 futura
442 4660 542 4711 exacta
562 4656 681 4711 defendo
701 4655 841 4711 similibus
860 4656 929 4710 locis
949 4657 982 4710 N.
998 4677 1007 4709 1
1024 4675 1047 4710 m
1062 4661 1091 4710 et
1109 4656 1139 4711 P.
1156 4676 1203 4709 sur
1219 4674 1243 4709 ro
1262 4688 1297 4695 —
1315 4654 1451 4725 ἀγενείων

171 4729 246 4799 πάλη
265 4730 316 4782 aut
334 4729 434 4783 eadem
452 4732 514 4782 erat
533 4732 618 4797 alque
632 4730 743 4782 παίδων
758 4732 808 4781 aut
822 4728 916 4782 media
931 4728 1070 4796 quaedam
1084 4727 1158 4782 inter
1172 4728 1294 4781 virorum
1310 4730 1338 4781 et
1351 4744 1451 4797 puero·

172 4818 233 4854 rum
252 4800 371 4867 luctam,
391 4819 416 4854 v.
432 4799 504 4855 Prol.
519 4819 589 4852 nxxv
616 4832 640 4839 -

225 4902 351 4943 Pisones
366 4902 400 4942 ed.
416 4900 520 4942 Christ.
1223 4895 1238 4941 ὂ
