3406 5378
713 364 838 415 usuca
856 365 917 420 vn.
1384 363 1450 430 285

717 523 762 590 De
785 525 907 590 metris.

262 636 409 696 Carminis
422 637 513 697 liuius
527 639 643 697 numeri
659 640 730 698 sunt
744 638 909 716 logaoediei
924 630 966 718 (v.
984 631 1040 719 16),
1056 639 1167 699 similes
1181 640 1296 700 Aeolici
1311 641 1451 701 carminis

174 727 211 804 N.
232 745 265 783 111
289 727 392 786 eodem
418 728 480 786 fere
509 731 641 803 tempore
670 726 752 787 facti.
799 726 945 804 Strophae
973 727 1108 804 plerique
1132 748 1236 807 sersus
1259 730 1290 788 in
1314 729 1450 805 dipodias

174 816 260 874 l'acile
292 817 335 874 ita
365 816 457 874 dividi
488 820 627 894 possunt,
656 809 703 875 ut¹
722 816 860 891 tripodiis
890 816 972 876 locus
1003 817 1060 876 nisi
1087 818 1118 875 in
1141 818 1285 877 clausulis
1309 836 1450 879 versuum

174 897 213 984 (1.
234 916 258 963 ν.
280 897 310 984 7)
334 924 393 963 non
415 904 613 981 relinquatur.
660 905 730 965 Solo
752 905 790 962 de
814 904 921 965 ultimo
946 925 1034 965 versu
1057 906 1194 965 dubitare
1217 908 1321 984 possis,
1345 912 1450 966 utrum

174 1013 265 1068 quam
296 994 326 1051 in
357 994 505 1053 schemate
540 995 682 1070 proposui
717 993 902 1053 scansionem
938 995 1043 1070 probes
1076 1014 1113 1053 an
1144 996 1272 1071 primam
1301 996 1449 1072 syllabam

174 1083 287 1157 primae
311 1075 449 1158 dipodius
472 1086 589 1158 partem
613 1101 676 1143 esse
699 1087 784 1142 ratus
807 1102 926 1142 versum
949 1084 1028 1143 hunc
1052 1084 1083 1142 in
1105 1084 1227 1144 modum
1250 1085 1366 1145 dividas

534 1201 1087 1254 ἱ.“-.υυ.·.υ[-ἷυ-υυ.·.υ-ῦ

174 1310 232 1371 Sed
262 1314 348 1389 epodi
378 1332 481 1373 versus
511 1314 657 1375 secundus
687 1314 796 1372 tertius
826 1317 965 1391 quartus,
996 1334 1063 1374 eum
1094 1316 1222 1391 speciem
1244 1334 1386 1373 versuum
1414 1335 1450 1373 er

174 1402 311 1478 tripodiis
334 1404 536 1463 constantium
564 1404 707 1480 habeant,
736 1403 904 1479 dipodicam
933 1405 1117 1464 scansionem
1140 1423 1278 1480 respuere.
1301 1404 1450 1479 videntur,

174 1490 252 1549 unde
276 1497 372 1568 erunt,
396 1492 448 1567 qui
473 1513 509 1550 nc
533 1495 563 1550 in
587 1493 709 1567 stropha
733 1492 853 1568 quidem
877 1511 979 1552 omnes
1002 1512 1105 1552 versus
1124 1493 1161 1550 ed
1181 1493 1350 1569 dipodicarn
1369 1513 1449 1551 men-

175 1599 276 1638 suram
300 1581 480 1640 revocandos
504 1600 566 1641 esse
590 1586 737 1641 censeant.
776 1580 910 1651 Quorum
933 1582 1083 1640 sententia
1106 1582 1180 1641 adeo
1204 1582 1277 1641 mihi
1301 1602 1360 1641 non
1384 1601 1450 1657 prc-

174 1669 271 1745 batur,
295 1674 330 1728 ut
353 1670 482 1746 nesciam
506 1691 544 1730 an
568 1670 659 1747 etism
683 1670 770 1746 epodi
794 1670 867 1729 istos
891 1689 995 1729 versus
1024 1669 1097 1730 κατὰ
1129 1671 1267 1730 διττοδίνν
1296 1674 1450 1746 pereutere

174 1758 265 1816 liceat
286 1758 341 1817 hoc
364 1759 466 1818 modo:

422 1904 514 1929 υυ·
592 1904 698 1930 ..ua
752 1874 1243 1937 AveIAuwnuu,-;v

423 1958 742 2018 uunuuitssv..

315 2059 742 2106 VblvAlusslessU„

255 2166 381 2225 Carmen
396 2166 669 2242 splendidissimum
683 2187 701 2224 a
715 2155 804 2227 choro
819 2171 975 2227 cantatum
990 2186 1060 2243 esse,
1075 2167 1173 2227 verbis
1187 2163 1309 2240 εόδοξος
1324 2164 1451 2227 ἀείδεται

174 2252 315 2332 Σωγένης
335 2248 377 2335 (v.
397 2250 428 2335 8)
448 2258 479 2315 et
496 2256 669 2329 πολύφατον
688 2255 783 2334 θρόον
802 2255 905 2333 ὕμνων
929 2249 971 2336 (r.
987 2267 1034 2332 813
1057 2258 1093 2316 cf.
1110 2255 1143 2315 0.
1163 2277 1173 2314 1
1192 2249 1224 2338 8)
1248 2256 1450 2334 significatum

175 2347 227 2419 est,
247 2344 318 2402 licet
336 2348 425 2419 poeta
444 2363 530 2404 suam
548 2344 737 2420 potissimum
756 2362 878 2404 causam
897 2349 970 2422 agat
988 2348 1019 2403 et
1037 2345 1189 2404 occasione
1208 2346 1346 2421 publicae
1365 2366 1450 2422 pom-

175 2450 230 2507 pae
255 2431 399 2491 abutatur
422 2434 459 2492 ad
483 2433 718 2509 propulsandum
742 2434 852 2492 crimen
875 2433 1040 2510 impietatis
1063 2434 1121 2509 ipsi
1144 2435 1319 2511 irrogatum.
1368 2435 1449 2493 idern

176 2521 256 2596 quod
278 2521 424 2598 hymnum
447 2522 563 2599 placide
587 2527 618 2581 et
640 2522 746 2581 leniter
768 2522 935 2581 canendum
956 2526 1057 2581 monet
1076 2518 1117 2601 (v.
1137 2515 1267 2603 82-84),
1286 2523 1449 2600 Lydiorum

175 2609 329 2670 modorum
349 2611 485 2671 decorem
503 2616 534 2670 et
551 2610 791 2688 logaoedicoruru
810 2631 1001 2671 numerorum
1021 2612 1202 2670 suavitatem
1221 2617 1355 2687 spectare
1371 2612 1450 2671 vide-

175 2704 237 2776 tur3
261 2700 298 2758 cs.
322 2699 355 2760 0.
377 2713 419 2778 12,
440 2712 480 2759 ιο.
518 2699 550 2761 P.
569 2711 594 2777 ι,
614 2710 674 2760 ase.

197 2955 198 2958 ,
225 2887 407 2971 Ἐλείθυια,
430 2891 573 2975 πάρεδρε
597 2894 749 2976 Μοι-ρᾶν
771 2893 1017 2975 βαθυφρόνων,
1253 2895 1333 2974 Στρ.
1353 2888 1396 2955 α’.

228 3008 288 3060 παῖ
307 2996 583 3080 μεγαλοσθενέος,
606 2998 766 3079 ἄκουσον,
782 2981 841 3061 Ἥ-

274 3127 349 3187 ρας,
372 3102 537 3187 γενέτειρα
560 3101 712 3168 τόν-νων·
736 3105 817 3168 ἄνευ
840 3102 940 3168 σέθεν

228 3209 269 3274 οὐ
292 3209 391 3293 φάος,
415 3209 455 3274 οὐ
478 3208 651 3294 μέλαι-ναν
670 3209 844 3294 δρακέντες
868 3211 1038 3295 εὐφρόναν

227 3318 304 3381 τεάν
328 3315 509 3402 άδελ-φερλν
532 3314 689 3401 ἐλάχομεν
711 3316 913 3400 ἀγλαόγυιον
927 3315 1046 3402 Ἥβαν.
1434 3336 1449 3383 e

246 3547 326 3581 viuri
346 3546 448 3581 nscrro.
485 3527 569 3581 Inscr.
590 3543 642 3581 om.
662 3527 698 3591 B,
717 3525 839 3597 Σαγὲνει
858 3524 940 3598 (γόοι
959 3529 1030 3597 οοδ.)
1050 3529 1082 3582 Al
1101 3527 1181 3600 ινήτη
1200 3527 1352 3600 πεντάθλῳ
1366 3526 1450 3583 παιδί

175 3602 204 3653 D
223 3631 255 3638 -
275 3598 381 3654 Schol:
399 3606 507 3664 πρῶτος
521 3597 536 3652 δ
551 3596 682 3667 Σωγένης
695 3598 849 3668 Αἰγινητῶν
868 3598 976 3667 ἐνίκησε
995 3608 1061 3662 παῖς
1080 3621 1119 3653 ων
1136 3599 1287 3671 πεντάθλῳ
1306 3600 1378 3653 κατὰ
1397 3600 1449 3669 τὴν

174 3669 477 3738 τεσσαρεσκαιδεκάτην
495 3670 552 3737 (νδ
575 3685 627 3724 em.
642 3669 795 3738 Hermann)
815 3669 961 3740 Νεμεάδα·
982 3669 1066 3739 ἐτέθη
1086 3669 1116 3724 δὲ
1131 3668 1318 3733 tristudine
1336 3679 1448 3738 πρῶτον

174 3741 247 3795 κατὰ
266 3741 317 3810 τὴν
330 3740 563 3810 τρισκαιδεκάτην
578 3741 633 3810 (vy‘
650 3757 701 3795 em.
717 3739 869 3809 Hermann)
885 3740 1027 3810 Νεμεάδα.
1044 3773 1076 3780 -
1092 3749 1116 3796 1.
1132 3741 1217 3796 ἐλενθ.
1232 3740 1330 3797 Trici:
1350 3742 1449 3797 εἰλειθ.

175 3815 202 3866 Β
215 3814 244 3867 D
268 3844 300 3853 -
323 3813 464 3882 πάρεδρος
486 3811 517 3866 D
539 3844 572 3853 -
596 3818 621 3866 2.
646 3811 747 3881 τέτινρν
770 3811 799 3866 D
822 3843 855 3852 -
880 3817 903 3866 3.
928 3813 959 3865 ab
984 3809 1073 3879 ρόνοιν
1095 3812 1134 3867 B:
1160 3814 1339 3880 εὐφροσύναν
1363 3815 1392 3868 D
1414 3845 1449 3853 -

174 3891 198 3938 4.
219 3885 317 3952 ἀδελφ.
339 3883 411 3956 lisy.
427 3885 468 3940 D:
488 3881 561 3954 ἐλάχ.
581 3884 681 3951 ἀδελφ.
700 3883 736 3952 Β,
754 3884 854 3951 άδελφ.
873 3882 932 3953 λάχ.
975 3881 1035 3938 ricl.
1056 3916 1088 3922 -

242 4045 430 4081 connascitur.
468 4045 492 4080 v.
510 4033 522 4079 1
539 4043 576 4081 ss.
602 4025 747 4095 Ilithyiam
765 4043 815 4079 cur
833 4025 861 4079 in
880 4025 1022 4095 prooemio
1040 4029 1125 4100 poeta
1144 4024 1292 4092 invocarit,
1312 4024 1384 4079 mira
1404 4042 1449 4079 ve-

173 4101 247 4150 teres
266 4097 445 4167 grammatici
463 4096 614 4152 commenti
633 4099 707 4152 sunt.
734 4097 851 4152 Poctam
867 4096 959 4166 ipsum
973 4096 997 4150 si
1011 4096 1111 4151 ducem
1126 4112 1283 4165 sequemur,
1298 4095 1449 4150 invocandi

172 4169 244 4222 hanc
269 4169 351 4221 deam
374 4184 474 4222 causas
498 4167 584 4222 fuisse
609 4168 741 4222 ducemus
764 4167 942 4239 strigorem
966 4167 1119 4222 iuvenilem
1142 4166 1246 4237 Sogeni
1265 4167 1393 4221 nascenti
1412 4168 1449 4221 ab

171 4238 287 4308 ilithyia
311 4240 461 4309 Parcisqus
480 4239 553 4293 dono
575 4238 675 4293 datum
692 4242 722 4293 ct
738 4255 842 4294 nomen
867 4238 997 4309 Segouia,
1023 4255 1078 4307 quo
1105 4238 1141 4292 ad
1167 4237 1359 4292 valetudinem
1385 4255 1448 4293 eum

171 4314 270 4364 natum
288 4326 349 4364 esse
368 4310 506 4364 Pindarus
526 4327 576 4365 suo
595 4326 671 4364 more
690 4310 734 4379 (cf.
754 4311 775 4365 Ι.
795 4329 823 4364 vr
841 4313 877 4379 es)
901 4312 1057 4381 auguratur
1075 4341 1108 4350 -
1129 4316 1153 4365 1.
1176 4309 1300 4379 πάρεδρε
1325 4313 1449 4379 Μοιρᾶν,

170 4383 246 4451 quod
271 4381 453 4436 nascentibus
479 4398 558 4436 suam
584 4381 685 4450 cuique
710 4384 812 4436 sortem
839 4382 943 4435 Parcae
969 4381 1127 4445 destinant3
1157 4380 1291 4438 cf.0.v1
1313 4398 1340 4435 ιν
1364 4379 1449 4435 Ἐλεί-

170 4460 261 4508 θυιαν
279 4452 453 4520 παρέστασέν
471 4471 500 4507 τε
517 4450 628 4522 Μοίρας
648 4483 680 4492 -
700 4457 724 4506 2.
743 4460 801 4506 ucri
809 4449 908 4521 Ἥρας·
929 4451 1000 4506 eous.
1020 4453 1085 4508 Hes.
1100 4451 1166 4507 theo
1189 4470 1248 4508 ,ατε
1267 4452 1284 4522 ἣ
1304 4449 1398 4521 (Ἦρα)
1418 4452 1446 4506 δ’

166 4523 202 4578 Ἣ
222 4545 258 4593 ην
281 4525 328 4577 ναὶ
348 4521 430 4592 Ἄρηα
454 4524 503 4577 κοιλ
526 4521 694 4578 Εἰλείθυιαν
718 4523 831 4578 ἔτικτεν.
869 4522 962 4587 Quid?
987 4523 1061 4591 quod
1081 4523 1139 4577 iam
1183 4540 1293 4578 omerus
1312 4523 1344 4579 Il.
1363 4543 1392 4575 11
1410 4541 1448 4578 arr

172 4527 338 4655 siricius
355 4591 443 4663 Ἥρης
461 4593 621 4664 θυγατέρας
640 4595 760 4661 dixerat,
779 4593 853 4663 quod
873 4596 951 4662 deae,
971 4593 1050 4649 cuius
1069 4593 1098 4648 in
1116 4594 1207 4649 tutela
1224 4594 1341 4664 nuptiae
1361 4598 1450 4660 erant,

172 4669 260 4722 etium
283 4665 506 4735 parturientibus
529 4664 663 4735 opitulari
689 4665 855 4721 credebatur
875 4697 907 4704 -
927 4671 952 4720 3.
972 4663 1116 4733 εὐφρόναν
1134 4670 1243 4720 noctem
1263 4664 1451 4735 appellabant

171 4757 226 4793 non
246 4737 337 4795 solum
355 4740 464 4807 poetae,
483 4753 601 4806 quorum
620 4736 677 4789 dux
690 4736 829 4791 Hesiodus
844 4752 907 4805 opp.
922 4752 970 4803 aso,
989 4736 1038 4789 sed
1053 4737 1140 4790 etiam
1154 4737 1275 4807 prosaici
1290 4736 1449 4806 scriptores,

172 4816 203 4866 ut
222 4809 380 4866 Herodotus
401 4827 438 4863 ru
457 4826 482 4866 se
501 4840 536 4848 -
554 4813 584 4862 4.Ἰ
599 4806 751 4876 ἀδελφεόν,
776 4807 928 4862 contractis
947 4806 1054 4861 ultimis
1074 4807 1192 4877 syllabis
1211 4807 1449 4878 pronuntiandum
