3406 5378
778 350 909 401 PYTHIA
927 350 948 403 1.

313 509 524 594 toreumata.
570 513 634 574 σὺν
657 509 694 573 δ’
718 509 845 597 ἀνάγκᾳ
867 534 923 574 νιν
946 513 1046 594 φίλον

312 621 370 682 καί
391 641 440 694 τις
463 618 527 683 ἐὼν
549 617 688 702 μεγαλά-

355 749 424 808 νωρ
448 727 572 789 ἔσανεν.
619 722 719 808 φαντὶ
744 720 780 789 δέ
804 726 984 808 Λαμνόθεν
1007 722 1091 789 ἕλκει

356 833 547 914 τειρόμενον
569 831 727 914 μετανάσ-
742 847 861 907 σοντας
884 829 997 896 έλθείν

312 1010 421 1092 ἥρωας
445 1007 622 1085 ἀντιθέους
646 1012 812 1084 Ποίαντος
834 1009 911 1073 νίὸν
933 1008 1083 1086 τοξόταν·
1280 1008 1348 1074 ’lar
1372 1011 1417 1094 γ’.

311 1114 347 1191 ὃς
371 1115 537 1199 Πριάμοιο
560 1117 659 1179 πόλιν
681 1113 810 1198 πέρσεν,
832 1115 1027 1179 τελεύτασέν
1049 1138 1082 1179 τε
1105 1119 1230 1194 πόνους
1252 1124 1409 1200 Δαναοῖς,
1448 1135 1497 1182 ιοι

243 1238 252 1250 “
310 1220 450 1286 ἀσθενεῖ
469 1218 530 1306 μὲν
552 1221 653 1308 χρωτί
676 1224 818 1305 βαίνων,
842 1220 924 1285 ἀλλά
947 1222 1130 1308 μοι-ρίάιον
1152 1218 1203 1305 ἦν.

309 1327 396 1392 οὕτω
421 1325 453 1391 θ’
473 1325 598 1411 Ἱέρωνι
621 1329 701 1411 θεὸς
723 1327 879 1412 ὀρθωτὴρ
902 1325 995 1391 πέλοι

310 1435 368 1498 τὸν
391 1433 620 1518 προσέρποντα
643 1436 780 1520 χρόνον,
804 1428 852 1498 ὧν
875 1436 987 1516 ἔραται
1009 1435 1128 1517 καιρὸν
1151 1434 1276 1512 διδούς.
1447 1453 1496 1500 110

311 1544 440 1623 Μοῖσα,
463 1539 518 1605 καί
540 1563 607 1625 παρ
631 1539 824 1624 Δεινομένει
847 1540 1024 1624 κελαδῆσαι

308 1650 407 1711 πίθεό
431 1672 486 1731 μοι
510 1650 631 1713 ποινὰν
654 1650 856 1733 τεθρίππων.

352 1754 460 1838 χάρμα
483 1752 514 1818 ‹l’
540 1754 601 1818 οὐκ
625 1753 801 1838 ἀλλότριον
823 1757 1004 1838 νικαφορία
1026 1752 1175 1837 πατέρος,

220 1875 253 1923 60
309 1858 359 1942 ἄγ’
387 1859 486 1924 ἔπειτ’
513 1866 639 1937 Αἴτνας
660 1865 792 1943 βασιλεῖ

352 1971 467 2050 φίλιον
491 1966 673 2051 ἐξεύρωμεν
694 1967 810 2050 ὕμνον.

291 2167 332 2213 51.
358 2158 469 2229 ἀνάγκα
488 2179 536 2229 μιν
555 2157 637 2227 φίλον
657 2159 724 2214 OD:
755 2156 898 2233 ἀναγκαίᾳ
922 2156 1005 2227 φίλον
1028 2158 1099 2212 coni.
1118 2158 1261 2212 Hermann
1280 2175 1373 2230 opusc.
1389 2180 1427 2213 vn
1447 2178 1494 2230 11³,

219 2230 330 2305 ἀνάγκᾳ
350 2231 386 2300 μὴ
402 2229 485 2299 φίλον
499 2230 714 2299 Rauchenstein,
734 2229 844 2304 ἀνάγκᾳ
859 2251 905 2284 νιν
919 2227 1004 2285 νόσον
1018 2230 1172 2283 Mommsen
1191 2262 1225 2270 -
1244 2236 1285 2284 52.
1306 2231 1493 2298 μετανάσσον-

218 2323 268 2364 τας
294 2301 363 2356 coni.
385 2301 541 2355 Wakefield
568 2302 604 2354 ad
630 2301 713 2371 Sopb.
734 2300 876 2356 Phileous
902 2300 1124 2370 μεταλάσσοντας
1144 2302 1176 2369 0,
1200 2302 1437 2371 μεταλλάττοντας
1455 2305 1492 2373 D,

218 2371 427 2446 μεταβάσοντας
450 2372 520 2428 coni.
539 2372 648 2442 Kayser
671 2404 703 2410 —
728 2378 769 2427 od.
795 2371 923 2441 ὀρθωτὴς
948 2373 980 2439 0;
1005 2371 1074 2436 θεὸς
1099 2372 1188 2440 σωτὴρ
1214 2372 1285 2427 coni.
1305 2373 1434 2444 Hartung
1459 2408 1492 2416 —

218 2449 259 2498 58.
279 2443 337 2512 πὰρ
356 2443 452 2498 Trici:
475 2442 554 2512 παρά
575 2444 634 2498 0⁸⁰
647 2444 683 2512 D,
702 2444 766 2511 περί
787 2445 848 2497 0¹¹⁰
867 2475 900 2482 -
920 2444 1075 2526 Δεινομένη
1096 2444 1156 2499 0Μ
1175 2475 1208 2483 -
1228 2449 1270 2497 59.
1289 2447 1376 2499 πίθεο
1395 2444 1491 2502 Trici:

217 2517 319 2569 πείθεο
339 2514 395 2570 OD
415 2548 443 2554 -
467 2521 508 2569 60.
534 2514 681 2585 ἐξεόρομεν
702 2515 747 2582 0¹,
772 2512 930 2584 ἐξάργωμεν
949 2531 1019 2568 com.
1039 2514 1135 2568 Naber
1153 2514 1257 2568 collato
1277 2515 1311 2570 N.
1330 2535 1351 2568 11
1369 2533 1395 2572 ιο
1414 2549 1448 2557 -

216 2658 265 2712 καὶ
275 2655 378 2729 μεγάλῃ
389 2655 531 2732 ναυμαχίᾳ
542 2657 714 2725 νικήσαντες,
723 2658 788 2720 τοὺς
797 2655 849 2726 μὲν
856 2657 1019 2726 Τυρρηνοὺς
1028 2654 1226 2724 ἐταπείνωσαν,
1236 2657 1301 2720 τοὺς
1309 2655 1340 2711 δὲ
1349 2655 1493 2727 Κυμαίοις

216 2728 415 2797 ἠλευθέρωσαν
432 2738 488 2784 τῶν
507 2726 611 2801 φόβων.
638 2729 705 2782 lndc
720 2727 829 2798 legatos
845 2727 1014 2782 Graecorum
1033 2728 1069 2782 ad
1088 2727 1276 2782 Philoctetam
1295 2729 1492 2783 arcessendum

216 2799 315 2854 missos
339 2817 403 2854 cum
421 2799 552 2854 Cumanis
576 2799 678 2869 legatia
702 2798 839 2853 auxilium
858 2801 887 2852 et
905 2798 1061 2853 amicitiam
1079 2799 1209 2853 Hieronis
1228 2798 1443 2870 implorantibus
1463 2804 1492 2854 et

216 2871 367 2924 Hieronem
376 2871 467 2940 ipsum
482 2871 549 2925 licet
563 2873 766 2940 aegrotantem,
781 2873 875 2924 tamen
890 2869 947 2923 suis
962 2869 1095 2939 auspiciis
1110 2870 1205 2924 hostes
1219 2870 1413 2937 devincentem
1428 2888 1491 2925 cum

216 2941 375 2996 Philocteta
394 2959 478 3067 aegsro
497 2942 611 2996 Graecis
636 2943 702 2996 ante
721 2941 834 2996 Troiam
851 2940 1046 2995 laborantibus
1066 2958 1082 2995 o
1103 2941 1224 2995 itulante
1243 2941 1388 3012 aptissime
1406 2946 1491 3012 poeta

216 3013 398 3083 comparavit.
453 3012 610 3067 choliaatae
629 3030 691 3066 cum
711 3013 887 3081 Anaxilaum,
907 3016 1057 3081 tyrannum
1101 3013 1178 3080 hegii
1196 3014 1256 3066 tum
1275 3013 1332 3066 iam
1351 3016 1491 3067 mortuum

216 3083 301 3153 (cf..p.
318 3086 375 3153 ιιι),
394 3083 614 3154 intellegendum
633 3101 693 3138 esse
711 3083 766 3138 sibi
785 3083 998 3153 persuasissent,
1017 3084 1069 3138 hos
1083 3101 1179 3137 versus
1194 3084 1232 3138 ad
1246 3083 1336 3138 minas
1350 3084 1489 3154 Hieronis,

216 3153 318 3222 quibus
337 3154 391 3208 iste
409 3171 443 3208 ne
463 3154 558 3209 Locris
576 3154 683 3209 bellum
701 3155 817 3209 inferret
834 3154 1027 3209 deterrebatur
1041 3159 1075 3223 (v.
1091 3155 1120 3209 P.
1136 3174 1156 3207 11
1172 3158 1215 3224 ιο),
1235 3155 1326 3208 minus
1345 3156 1490 3211 commode

215 3225 382 3280 referebant.
403 3225 484 3289 Quod
497 3229 592 3280 autem
606 3225 649 3279 illi
664 3227 699 3279 ad
715 3243 740 3280 v.
751 3241 776 3280 ιο
786 3228 833 3295 (οι)
843 3225 960 3279 tradunt
973 3224 1078 3298 φορείῳ
1092 3225 1124 3280 a
1139 3224 1293 3296 peripteroe
1307 3224 1427 3295 όἽίρων
1442 3227 1490 3281 διὰ

215 3297 267 3366 τὴν
285 3293 452 3366 λιθουργίαν
470 3295 670 3367 κατηγωνίζετο
689 3297 753 3359 τοὺς
773 3294 925 3365 ἐναντίως,
944 3313 999 3365 quo
1017 3297 1079 3351 loco
1098 3299 1128 3351 et
1145 3300 1270 3367 tempore
1290 3298 1326 3352 ab
1344 3297 1491 3352 annalium

216 3367 398 3438 scriptoribus
412 3371 558 3421 narratum
571 3368 665 3436 fuerit,
674 3367 822 3423 nescimus.
843 3367 936 3422 Aliam
951 3368 1097 3437 rationem,
1108 3372 1140 3422 ut
1149 3369 1235 3423 verba
1249 3372 1349 3438 poetae
1364 3368 1422 3423 suis
1433 3370 1489 3423 cal-

216 3439 286 3492 culis
305 3438 560 3520 adcommodarent,
580 3438 704 3494 inierunt
721 3438 859 3522 Berglrius
874 3443 903 3493 et
916 3456 1005 3510 nuper
1018 3439 1205 3494 Schroederus
1220 3438 1319 3493 Philol.
1334 3456 1368 3507 oo,
1384 3456 1430 3508 ιιι,
1445 3458 1488 3494 res

214 3510 1488 3662 l.tt?lttaltettttmplasstterttztutatttritiilzttdttlalltlssr

215 3669 232 3705 a
245 3652 359 3706 Graecis
374 3653 514 3722 superatis
528 3653 645 3722 petitur;
664 3655 810 3723 praeterea
824 3653 867 3706 lus
881 3652 974 3707 verbis
989 3653 1060 3706 alias
1075 3669 1118 3706 res
1133 3655 1218 3721 atque
1232 3670 1276 3706 vv.
1289 3669 1314 3706 ιε
1329 3670 1364 3706 ss.
1381 3652 1485 3722 signifi-

214 3723 272 3776 cari
294 3723 354 3778 veri
377 3723 595 3777 dissimillimum
619 3727 663 3777 est
686 3756 719 3764 -
743 3730 777 3777 53
809 3721 914 3793 ἥρωας·
938 3740 1074 3792 quosnam
1097 3726 1182 3805 pocta
1207 3723 1378 3778 intellexerit
1402 3723 1487 3792 latet,

212 3794 332 3849 Lesches
351 3795 379 3848 in
398 3811 486 3864 parva
504 3795 593 3849 Iliade
615 3813 701 3849 unum
724 3795 887 3848 Diomedem
911 3795 1025 3848 missum
1051 3795 1131 3860 lent,
1157 3794 1305 3864 Euripides
1324 3794 1487 3849 Diomedem

213 3869 242 3920 et
267 3865 389 3935 Ulixem,
417 3866 568 3937 Sophocles
596 3865 702 3920 Ulixem
726 3870 755 3920 et
777 3865 1008 3935 Neoptolemum3
1035 3865 1069 3920 cf.
1091 3864 1183 3919 Christ
1202 3864 1310 3919 (triech.
1324 3865 1393 3920 λῖθ’
1406 3885 1432 3935 p.
1449 3881 1488 3921 κοο

213 3969 246 3977 -
266 3943 307 3991 56.
328 3938 396 4000 θεὸς
414 3937 602 4006 monosyllabi
620 3937 678 3992 rim
701 3937 788 3992 habet
807 3940 838 3991 ut
856 3937 931 4007 apud
951 3936 1153 4007 Sopb.El.1ro.
1174 3935 1224 3990 00
1244 3952 1282 3990 soa
1301 3940 1328 3990 et
1348 3936 1377 3990 in
1396 3936 1487 3991 ionico

213 4025 292 4062 versu
312 4007 391 4076 Isylli
409 4009 526 4079 paeanio
545 4009 680 4064 ίεπαιᾶνα
699 4008 771 4062 θεὸν
789 4005 900 4062 ἀείσατε
919 4010 989 4063 λαοί.

284 4084 396 4133 58—80.
421 4083 567 4149 tamquam
590 4097 692 4135 novum
716 4096 828 4133 carmen
846 4079 876 4132 in
895 4079 1028 4133 honorem
1046 4078 1222 4145 Dinomenis,
1241 4076 1370 4132 Hieronis
1389 4076 1440 4131 filii
1459 4080 1489 4132 et

213 4149 319 4202 Aetnae
338 4150 414 4205 urbis
434 4151 515 4221 regis,
535 4151 656 4219 orditur,
675 4168 730 4219 quo
750 4150 874 4205 carmine
892 4151 1000 4205 Aetnae
1019 4150 1158 4219 instituta,
1177 4152 1304 4204 veterum
1322 4148 1487 4203 Doricarum

213 4219 371 4273 civitatium
390 4221 451 4275 iura
470 4222 614 4276 imitantia
631 4221 733 4276 laudat
751 4223 780 4276 et
797 4221 846 4291 pia
860 4224 927 4276 vota
945 4239 995 4293 pro
1014 4222 1109 4275 futura
1128 4221 1241 4275 fortuna
1255 4220 1332 4274 urbis
1352 4223 1381 4274 ct
1399 4220 1486 4274 totius

213 4290 325 4344 Siciliae
351 4292 427 4346 facit.
465 4293 562 4347 Novae
586 4293 669 4348 huius
692 4293 781 4364 partis
805 4293 949 4346 exordium
968 4293 997 4346 in
1015 4292 1109 4347 media
1128 4293 1217 4362 epodo
1236 4291 1359 4363 positum
1379 4294 1435 4360 est,
1454 4295 1486 4344 nt

211 4378 285 4415 nova
299 4379 363 4432 pars
378 4362 440 4432 ipsa
455 4380 558 4418 anova
571 4364 687 4434 stropha
701 4365 821 4434 incipiat
836 4397 869 4404 -
884 4369 926 4418 58.
942 4365 989 4418 acl
1003 4365 1060 4433 πάρ
1076 4361 1250 4434 Δεινομένει·
1267 4380 1329 4418 cum
1344 4362 1485 4418 Boeclrbio

212 4432 391 4502 interpretor:
411 4433 464 4487 etsi
484 4434 604 4489 victoria
622 4435 752 4490 Hieronis
771 4434 816 4502 sit,
835 4437 932 4489 tamen
950 4453 1012 4489 eam
1031 4435 1118 4490 etiam
1137 4435 1212 4506 apud
1228 4435 1418 4501 Dinomenem,
1433 4434 1486 4487 hoc

211 4508 254 4557 est
273 4504 301 4556 in
321 4504 387 4557 aula
406 4504 568 4558 Dinomenis
586 4523 615 4560 re
638 4506 660 4559 's
674 4505 793 4560 Aetnaei
814 4506 993 4576 praedicabo,
1012 4506 1240 4577 quandoquidem
1260 4505 1378 4560 victoria
1396 4505 1486 4587 patris

211 4593 228 4628 a
251 4575 309 4629 filio
332 4592 388 4629 nou
411 4574 504 4629 aliena
527 4577 578 4631 est.
646 4594 717 4646 eque
741 4595 893 4660 pronomen
916 4576 1014 4633 κείναν
1032 4597 1057 4632 v.
1078 4595 1112 4646 er,
1131 4576 1278 4648 quominus
1302 4577 1376 4632 hanc
1399 4578 1485 4629 ruter-

210 4647 397 4717 prctationem
417 4646 628 4717 amplectamur,
648 4648 778 4719 impedit,
798 4649 931 4718 qnoniam
951 4649 1081 4703 similiter
1099 4653 1184 4718 atque
1203 4666 1288 4719 supra
1307 4666 1332 4703 v.
1348 4664 1373 4702 aa
1393 4647 1484 4715 ἄνδρα

209 4727 304 4773 κεῖνον
322 4735 378 4772 non
397 4735 455 4772 rem
469 4722 614 4787 remotam,
629 4720 678 4774 sed
693 4721 841 4775 sublimem
855 4723 884 4774 et
897 4721 1019 4775 carmine
1034 4720 1232 4775 illustrandam
1246 4719 1401 4789 significat,
1420 4735 1484 4772 con-

209 4790 250 4843 fer
265 4791 299 4844 de
315 4789 401 4844 simili
415 4789 444 4844 vi
458 4790 630 4861 pronominis
644 4789 730 4846 τάνδε
743 4792 774 4847 0.
785 4811 833 4845 vm
848 4807 873 4845 aa
886 4823 921 4832 -
936 4797 978 4847 59.
993 4791 1109 4846 ποινάν·
1124 4790 1289 4862 praemium,
1304 4793 1336 4844 ut
1350 4789 1383 4844 N.
1394 4810 1404 4842 1
1415 4805 1440 4843 ιο
1451 4821 1484 4829 -
