3406 5378
753 341 902 392 PINDARI
920 340 1087 392 EPINICIA.

371 509 499 585 γνῶναί
519 502 550 567 τ’
576 501 688 582 ἔπειτ’,
713 501 850 586 ἀρχαῖον
873 503 1002 577 ὄνειδος
1025 498 1186 564 ἀλαθέσιν

373 613 484 692 λόγοις
502 612 533 674 εί
551 611 726 692 φεύγομεν,
746 612 912 672 Βοιωτίαν
930 603 983 672 ὗν.
1026 605 1095 670 ἐσσὶ
1115 608 1178 688 γὰρ
1198 608 1335 688 ἀγγελος
1357 606 1471 689 ὀρθός,

371 718 526 800 ἠυκόμων
558 716 702 780 σκυτάλα
737 720 887 795 Μοισᾶν,
919 718 1043 797 γλυκὺς
1073 715 1198 800 κρατὴρ
1228 712 1471 797 ἀγαφθέγκτων

918 819 1049 885 ἀοιδᾶν·
1509 834 1559 881 155

1342 960 1426 1026 Ἀντ.
1450 960 1487 1025 ε’.

373 1057 466 1119 είπὺν
490 1051 526 1118 δὲ
549 1061 737 1138 μεμνᾶσθαι
761 1057 984 1137 Συρακοσσᾶν
1007 1074 1039 1114 τε
1064 1049 1118 1114 καὶ
1140 1049 1323 1136 Ὀρτυγίας·

372 1163 433 1225 τάν
451 1159 564 1246 Ἱέρων
588 1167 726 1247 καθαρῷ
750 1159 883 1246 σκάπτῳ
908 1157 1046 1237 διίπων,

371 1271 467 1353 ἀρτια
490 1270 689 1352 μηδόμενος,
712 1268 945 1350 φοινικόπεζαν

304 1391 315 1405 ’
373 1374 513 1459 ἀμφέπει
538 1375 715 1460 Δάματρα,
738 1375 920 1437 λευκίππου
944 1395 978 1435 τε
1000 1372 1169 1457 θυγατρὸς
1192 1369 1324 1454 ἑορτάν,
1510 1389 1560 1436 150

371 1481 424 1546 καὶ
450 1484 557 1565 Ζηνὸς
581 1484 742 1546 Αἰτναίου
765 1479 893 1564 κράτος.
938 1477 1097 1559 ἁδύλογοι
1121 1477 1161 1541 δι’
1181 1502 1236 1542 νιν

372 1590 470 1674 λύραι
502 1592 628 1672 μολπαί
656 1611 691 1652 τε
723 1587 929 1669 γινώσκοντα
974 1587 1019 1669 μὴ
1049 1584 1193 1669 θράσσοι
1221 1587 1340 1670 χρόνος
1370 1588 1471 1670 ὄλβον

922 1690 1083 1777 ἐφέρπων.

372 1805 436 1866 σὺν
460 1800 496 1866 δὲ
519 1802 784 1886 φιλοφροσύναις
807 1799 979 1884 εὐηράτοις
1000 1797 1133 1881 Ἁγησία
1157 1796 1285 1874 δέξαιτο
1308 1811 1419 1885 κῶμον
1509 1819 1559 1865 155

356 2019 397 2066 90.
423 2013 492 2068 leel:
517 2011 572 2064 ἔστι.
595 2011 666 2064 soni.
688 2010 876 2064 Wilamowits
905 2041 937 2048 —
966 2015 1007 2063 91.
1037 2006 1245 2077 ἀγαφθέγκτων
1272 2010 1313 2065 B:
1341 2008 1498 2079 ἀφθόγγων
1524 2012 1561 2075 A,

284 2081 475 2154 ἀγαφθέκτων
496 2083 551 2136 OD
579 2114 609 2121 —
640 2088 681 2134 92.
712 2080 792 2135 εἰπόν
811 2079 936 2135 Bneckh:
965 2076 1045 2134 εἶπον
1064 2080 1143 2134 codd.
1164 2112 1196 2118 —
1217 2078 1245 2133 δ’
1271 2079 1317 2150 ἐμὲ
1341 2086 1467 2151 μνᾶσθαι
1488 2081 1560 2135 coni.

284 2154 404 2209 Iurenka
425 2187 456 2194 -
476 2161 654 2221 συρακουσᾶν
672 2155 699 2206 Α
724 2184 755 2191 -
781 2158 823 2208 93.
847 2152 977 2224 σκάπτρῳ
996 2151 1058 2204 BD
1078 2184 1109 2190 -
1135 2156 1176 2204 95.
1202 2151 1299 2218 ἑορτὰς
1318 2155 1344 2205 A
1364 2184 1396 2191 -
1418 2158 1459 2206 97.
1480 2152 1560 2220 λύραι

284 2225 377 2281 codd:
397 2224 484 2280 πνοαί
502 2224 597 2291 schol,
616 2224 691 2292 quod
712 2223 991 2292 interpretamentum
1010 2222 1181 2292 depravatae
1200 2223 1355 2291 scripturae
1375 2227 1481 2277 ATPAI
1500 2240 1561 2276 esse

285 2296 425 2351 divinavit
438 2297 513 2365 Bury
528 2295 557 2347 in
572 2295 638 2348 edit.
655 2295 733 2350 Pind.
748 2294 828 2347 Nem.
842 2312 889 2346 rur
910 2327 940 2333 -
961 2296 1062 2364 paluel
1080 2294 1139 2347 AB
1145 2293 1187 2347 D:
1205 2297 1309 2347 πολλαί
1321 2296 1349 2360 C,
1368 2295 1449 2362 λύραι
1464 2293 1562 2348 πνοιαί

284 2371 405 2423 νεύοιεν]
433 2367 582 2421 lectionem
605 2367 691 2419 fuisse
714 2367 785 2420 coni.
806 2366 903 2432 Lehrs,
931 2364 1160 2419 Pindarscholien
1181 2380 1205 2417 ιο
1229 2397 1261 2403 -
1285 2365 1406 2433 θράσσοι
1435 2365 1562 2420 Boeckh:

284 2441 407 2508 θραύσει
426 2441 487 2494 AB
494 2439 558 2505 OD,
577 2438 702 2506 θραύσαι
722 2437 862 2490 Hermann
884 2469 915 2475 -
936 2442 978 2491 98,
998 2435 1144 2504 ε-ύκράτοις
1162 2440 1190 2504 (η
1211 2436 1315 2506 scripto
1335 2454 1420 2506 supra
1439 2444 1466 2506 κ)
1486 2440 1512 2491 A
1528 2469 1560 2475 -

284 2585 407 2635 Aeneam
417 2599 473 2636 non
485 2599 600 2650 semper,
612 2581 660 2634 sed
670 2582 722 2634 hoc
734 2580 793 2634 solo
804 2580 865 2632 loco
876 2578 1099 2633 chorodidascali
1111 2595 1223 2630 munere
1234 2578 1360 2632 sunctum
1371 2597 1432 2633 esse
1443 2582 1560 2633 statuae.
1648 2573 1650 2577 ⁷

284 2653 392 2706 Nomen
412 2654 485 2706 enim
500 2655 612 2706 Aeneae
632 2652 660 2704 in
675 2651 796 2705 Arcadia
816 2651 945 2718 frequens
964 2653 1034 2717 erat,
1054 2649 1127 2702 unde
1146 2649 1219 2702 hunc
1237 2651 1362 2704 Aeneam
1376 2652 1514 2705 Arcadem
1534 2655 1563 2704 et

286 2727 437 2795 cognatum
455 2724 501 2778 vel
515 2724 656 2793 hospitem
670 2723 790 2792 Agesiae
809 2721 896 2775 fuisse
910 2721 1086 2773 Hermannus
1105 2720 1205 2774 merito
1225 2721 1334 2777 statuit.
1362 2722 1453 2776 Simili
1468 2725 1562 2776 autem

285 2811 398 2850 munere
412 2795 561 2867 Agrigenti
577 2794 758 2864 Nicasippum
774 2793 900 2845 functum
914 2809 975 2846 esse
990 2795 1074 2860 poeta
1089 2791 1231 2861 signifieat
1245 2793 1264 2845 l.
1275 2811 1295 2845 n
1304 2809 1344 2862 ιτς
1364 2794 1398 2849 cf,
1409 2793 1465 2849 Vit.
1481 2793 1561 2848 Pind.

284 2867 313 2920 in
332 2865 595 2935 Prol.p.c1m.cv1
610 2882 636 2920 aa
656 2897 688 2904 -
713 2870 755 2917 88.
778 2860 869 2931 Ἥραν
892 2861 1060 2931 Παρθενίαν
1084 2862 1226 2916 celebrare
1245 2863 1372 2933 iubetur,
1390 2865 1466 2933 quod
1485 2865 1562 2918 feriis

285 2938 399 2991 Iunonia
414 2938 484 2992 haec
499 2936 621 3006 epinicia
640 2935 807 3006 agebantur,
827 2938 858 2987 ut
877 2934 998 3003 epinicia
1012 2932 1147 2987 Theronis
1163 2934 1194 2987 O.
1209 2954 1239 2986 ur
1255 2935 1341 2990 sacris
1356 2936 1561 3003 Dioscurorum,

285 3009 422 3062 Arcesilai
443 3009 471 3062 P.
492 3027 508 3060 v
528 3006 642 3061 Carneis
661 3005 800 3076 Apollinis
820 3008 884 3058 acta
903 3022 964 3059 esse
984 3007 1102 3058 constat.
1140 3005 1252 3059 Etenim
1271 3007 1336 3059 inde
1355 3024 1389 3062 ex
1407 3007 1561 3062 Homericis

286 3079 459 3148 temporibus
485 3078 623 3132 sancitum
648 3077 714 3146 fuit,
738 3080 770 3130 ut
789 3077 865 3130 feriis
885 3075 1138 3145 deorum‘primum
1158 3075 1235 3145 deus,
1255 3078 1334 3131 cuius
1354 3079 1442 3133 feriae
1461 3083 1562 3147 essent,

286 3151 390 3220 hymno
419 3149 464 3204 vel
492 3149 634 3219 prooemio
662 3149 862 3216 celebraretur,
892 3147 995 3202 deinde
1023 3148 1060 3201 ad
1086 3147 1185 3201 laudes
1215 3148 1359 3202 hominum
1387 3151 1561 3205 transiretur.

286 3220 374 3286 Quem
395 3224 489 3275 autem
509 3221 601 3274 locum
620 3219 705 3291 vulgo
725 3220 894 3290 rhapsodias
914 3219 1035 3287 Homeri,
1055 3223 1087 3272 ut
1104 3220 1268 3290 Διομήδεια,
1285 3219 1483 3291 Ἀγαμέμνονος
1501 3223 1560 3287 ἀρι-

286 3290 376 3359 στεία,
396 3295 552 3359 Δολὼνεια,
572 3291 753 3360 obtinebant,
773 3309 836 3345 eum
858 3295 919 3343 tum
938 3290 1053 3343 Pindari
1073 3290 1224 3359 epinicium
1243 3291 1272 3344 in
1292 3292 1423 3345 honorem
1443 3293 1563 3363 Ageriae

286 3364 392 3417 lactum
412 3364 551 3434 explebat.
589 3365 681 3431 Atque
700 3362 825 3431 Heyuiua
849 3365 877 3416 et
896 3363 1005 3415 Gratius
1024 3362 1075 3431 (De
1097 3362 1193 3416 Graec.
1210 3366 1264 3416 vet.
1282 3379 1310 3415 re
1329 3380 1398 3418 mus.
1414 3367 1450 3432 aa)
1469 3363 1562 3417 verbis

286 3443 398 3503 πρῶτον
418 3435 469 3505 μὲν
482 3432 572 3503 Ἥραν
591 3432 760 3503 Παρθενίαν
778 3437 930 3503 κελαδῆσαι
949 3432 1016 3488 solis
1036 3434 1169 3488 Iunonem
1189 3433 1334 3487 laudatam
1353 3450 1413 3488 ease
1433 3434 1562 3502 credunt,

287 3506 362 3575 quod
382 3509 415 3558 ut
433 3507 492 3560 fieri
511 3523 593 3575 posse
608 3506 739 3573 concedo,
760 3505 801 3558 ita
815 3505 906 3574 magis
925 3508 1019 3558 tamen
1039 3504 1161 3557 Dissenii
1181 3504 1250 3557 mihi
1269 3505 1404 3574 probatur
1422 3506 1563 3560 sententia

287 3578 399 3646 praeter
417 3577 469 3630 hoc
489 3577 640 3646 epinicium
658 3578 793 3644 hynmum
814 3576 926 3629 lunonis
945 3575 1128 3645 peculiarem,
1155 3576 1228 3630 alius
1247 3593 1263 3629 o
1285 3577 1346 3630 inor
1364 3580 1478 3647 poetae,
1497 3595 1562 3630 can-

287 3652 380 3702 tatum
399 3665 459 3702 esse
479 3649 638 3703 statuentis.
669 3648 713 3701 Sic
729 3647 803 3702 enim
818 3647 918 3701 melius
933 3650 1060 3717 apparet,
1079 3665 1128 3699 cur
1143 3665 1197 3701 non
1212 3664 1245 3701 ex
1259 3594 1373 3703 lpunonie
1387 3649 1499 3717 hymno,
1515 3650 1563 3702 sed

288 3737 320 3773 ex
354 3737 401 3787 eo,
455 3720 510 3773 uod
543 3737 607 3774 eum
640 3720 821 3788 sequebatur,
854 3719 977 3773 carmine
1010 3735 1055 3771 ars
1086 3718 1201 3771 Pindari
1232 3720 1362 3790 cognosci
1391 3720 1502 3774 dicatur
1531 3752 1562 3760 -

288 3797 329 3846 90.
351 3740 488 3846 Βοιωτάαν
506 3788 552 3846 ὗν·
573 3791 673 3846 schol:
691 3789 862 3861 Ἀρίσταρχος
879 3789 957 3857 παρὰ
971 3790 1002 3842 τὸ
1017 3787 1178 3859 λεγόμενον·
1199 3790 1229 3845 ἐν
1245 3789 1362 3866 Βοιωτίᾳ
1377 3788 1420 3855 ils·
1441 3793 1475 3846 cf.
1492 3793 1522 3846 lr.
1538 3808 1564 3846 aa

288 3894 321 3902 -·
342 3869 383 3915 91.
404 3865 527 3932 Aeneas,
551 3863 740 3917 internuntius
759 3867 873 3932 poetae,
897 3861 1022 3914 carmina
1048 3877 1199 3930 eorumque
1217 3863 1314 3917 modos
1338 3880 1356 3916 a
1378 3863 1501 3916 Pindaro
1520 3880 1564 3916 ac·

287 3939 383 4004 septos
401 3938 547 4003 tamquam
565 3934 676 3988 scutale
690 3933 828 3987 Laconica
844 3934 872 3986 in
886 3933 1036 3986 Arcadiam
1056 3933 1153 3986 afferre
1174 3933 1264 4002 iisque
1283 3934 1364 4002 quasi
1384 3938 1491 3988 cratere
1505 3935 1563 3988 vini

288 4005 430 4060 laetitiam
445 4006 566 4060 convivii
582 4022 685 4076 augere
700 4005 810 4059 dicitur.
831 4037 862 4043 —
885 4010 918 4057 92
929 4021 950 4059 s.
971 4008 1087 4058 venuste
1102 4007 1186 4074 poeta
1201 4005 1343 4075 convivas,
1357 4023 1421 4059 cum
1435 4006 1564 4060 Hieronis

289 4093 425 4131 memores
452 4095 499 4132 eos
525 4093 585 4131 esee
611 4076 703 4144 iubet,
730 4075 790 4145 ipse
810 4075 954 4143 carminis,
981 4094 1035 4144 quo
1055 4079 1140 4130 antea
1159 4077 1288 4131 llieronis
1307 4076 1406 4131 laudes
1425 4078 1565 4132 cecinerat

288 4146 354 4215 (0.1
376 4153 419 4216 rs),
439 4150 648 4203 commonet-
669 4155 710 4203 94.
731 4146 940 4215 φοινικόπεζαν,
959 4164 1098 4217 purpureo
1117 4165 1197 4202 socco
1217 4148 1345 4201 indutam
1364 4148 1566 4219 interpretatur

290 4218 523 4273 Wilamowitzius
543 4220 578 4273 ad
599 4219 706 4272 colores
725 4221 878 4287 figurarum
897 4218 1056 4287 figlinarum
1076 4236 1244 4288 provee-anm
1269 4220 1400 4289 equidem
1424 4238 1473 4274 eur
1496 4223 1565 4275 baec

289 4289 486 4358 interpretatio
506 4308 540 4343 vu
574 4290 615 4344 ari
636 4292 791 4360 ‘purpureo
810 4290 896 4360 pede’
917 4290 1011 4358 potior
1034 4291 1146 4344 sitnon
1165 4290 1300 4360 intellego
1329 4323 1361 4331 -
1391 4298 1432 4346 95.
1465 4292 1564 4346 schol:

292 4360 446 4429 ἱερωσύνην
466 4357 539 4430 εἶχεν
590 4359 682 4429 Ἱέρων
702 4361 849 4431 Δήμητρος
867 4362 914 4415 καὶ
933 4359 1026 4431 Κόρης
1045 4363 1090 4415 καὶ
1112 4363 1180 4425 Διὸς
1199 4360 1330 4417 Αἰτναίου
1351 4363 1381 4416 ἐν
1400 4361 1515 4436 Σικελίᾳ
1535 4363 1565 4415 ἐκ

291 4434 427 4501 διαδοχῆς
443 4430 564 4500 Τηλλνου
578 4440 627 4486 τοῦ
642 4432 782 4502 προγόνου
797 4434 891 4486 αὐτῶν
907 4432 998 4486 ...τὰ
1016 4431 1186 4503 προκείμενά
1205 4453 1291 4502 φησιν
1306 4434 1321 4487 ό
1335 4432 1502 4507 (Δίδυμος)
1518 4434 1564 4485 καλ

290 4501 480 4571 παρατίθεται
499 4503 534 4557 τόι
554 4501 683 4558 Φιλίστου
705 4506 752 4557 καὶ
776 4504 811 4557 τὰ
833 4506 960 4574 Τιμαίου.
975 4504 1128 4571 ⁸Hieronis
1155 4505 1342 4560 sacerdotium
1368 4509 1564 4575 praeterquam

292 4575 345 4627 hoe
371 4574 432 4627 loco
458 4577 542 4644 poeta
568 4574 739 4645 significavit
765 4576 794 4630 P.
813 4595 833 4627 11
854 4592 891 4630 115
911 4579 940 4629 et
957 4575 990 4629 fr.
1012 4594 1062 4643 ιοες
1088 4581 1178 4631 totam
1197 4593 1254 4631 rem
1274 4576 1412 4630 uberrime
1431 4575 1566 4628 tractavit

291 4646 440 4713 huelrbert,
461 4646 500 4700 De
519 4646 649 4700 Hieronis
668 4647 742 4716 regis
762 4646 918 4701 sacerdotio
938 4646 1055 4713 Cereali,
1076 4649 1189 4702 Bonnae
1210 4653 1277 4701 1887
1297 4679 1329 4687 -
1351 4653 1392 4700 95.
1412 4644 1566 4701 λευκίππου

289 4716 444 4786 θυγατρός,
471 4717 667 4786 Proserpinae,
686 4734 759 4787 quae
778 4720 942 4791 λευκοπὼλφ
960 4717 1063 4789 ἅρματι
1089 4721 1125 4773 ad
1151 4719 1260 4774 caelum
1286 4723 1367 4774 vecta
1392 4735 1452 4772 esse
1478 4718 1567 4771 fertur

289 4788 319 4842 in
338 4788 451 4843 scholiis
471 4819 504 4828 -
524 4795 566 4843 96.
586 4788 687 4845 schol:
707 4789 737 4844 ἐν
756 4798 789 4861 τῇ
809 4789 894 4861 Αἴτνῃ
914 4790 981 4854 Διὸς
1000 4790 1131 4846 Αἰτναίου
1151 4792 1260 4862 ἄγαλμα
1280 4793 1399 4859 ἵδρυται,
1418 4790 1466 4844 καὶ
1486 4789 1566 4858 ἑορτὴ
