3406 5378
844 1091 1009 1144 ΙΣΘΜΙΟΝ.
1030 1090 1068 1144 ς’.

554 1255 945 1338 ΦΤΛΑΚΙΔΑι.
990 1254 1357 1338 ΑΙΓΙΝΗΤΗι

842 1448 1072 1499 narramur.

838 3543 1079 3625 Argumentum.

408 3673 492 3743 Quod
516 3675 547 3732 in
570 3674 716 3749 principio
740 3674 853 3751 egregii
876 3673 1016 3732 carminis
1039 3678 1129 3749 poeta
1152 3675 1282 3733 alterurn
1301 3680 1417 3735 cratera
1440 3676 1601 3739 Musarum

320 3782 350 3821 se
374 3763 492 3823 mittere
516 3763 598 3840 dicit,
616 3763 672 3821 hoc
691 3768 805 3821 veteres
824 3763 992 3821 redactores
1011 3763 1177 3821 carminum
1196 3763 1318 3821 Pindari
1337 3764 1381 3823 ita
1404 3765 1600 3842 interpretati

320 3856 403 3930 sunt,
432 3855 586 3928 tamquam
615 3851 671 3911 hoc
699 3870 817 3910 carmen
846 3853 962 3910 sextum
990 3855 1059 3928 post
1081 3852 1220 3928 quintum
1245 3853 1390 3928 scriptum
1414 3853 1461 3912 sit.
1509 3855 1599 3926 Quod

320 3942 431 3999 salsum
451 3960 513 4000 esse
533 3940 600 3999 inde
621 3944 755 4017 apparet,
775 3940 855 4016 quod
874 3941 905 3998 in
923 3941 979 4000 hoc
998 3942 1128 4001 carmine
1145 3933 1243 4023 (3-7)
1262 3960 1323 4000 una
1341 3942 1468 4003 victoria
1486 3943 1600 4020 Phyla-

319 4030 402 4091 cidae
432 4029 575 4088 Isthmica
602 4030 864 4107 commemoratur,
892 4030 922 4088 in
950 4031 1154 4107 praecedentis
1177 4028 1317 4089 carminis
1339 4051 1428 4091 versu
1453 4043 1485 4091 17
1510 4033 1598 4094 duae.

319 4119 453 4178 Priorem
481 4117 577 4195 igitur
604 4120 720 4177 cratera
746 4118 901 4178 Musarum
928 4123 1018 4196 poeta
1045 4138 1107 4180 esse
1131 4119 1228 4179 voluit
1251 4139 1309 4179 non
1333 4120 1510 4180 Isthmicum
1533 4142 1598 4182 car·

320 4227 388 4266 men
408 4207 557 4284 quintum,
577 4207 627 4265 sed
647 4207 827 4267 Nemeaeum
852 4208 1000 4284 quintum.
1037 4209 1142 4284 Neque
1163 4201 1287 4287 longum
1306 4209 1499 4269 intervallum
1518 4210 1600 4272 inter

320 4296 549 4355 carminal.v1
573 4300 603 4353 et
626 4296 661 4354 N.
683 4315 700 4353 v
724 4296 922 4357 intercessisse
946 4298 1133 4373 crediderim,
1162 4298 1304 4373 quoniam
1329 4299 1481 4358 exordium
1505 4299 1599 4361 huius

320 4384 459 4443 carminis
479 4385 607 4443 alterurn
622 4404 739 4444 carmen
755 4387 842 4462 quasi
855 4387 947 4463 paulo
963 4390 1032 4444 ante
1047 4386 1160 4445 facturn
1175 4387 1292 4462 excipit.
1320 4388 1391 4446 inde
1411 4387 1545 4448 conicere
1566 4390 1597 4449 in

320 4473 479 4548 propatulo
493 4476 538 4532 est
553 4474 629 4533 hanc
643 4475 800 4534 victoriam
814 4474 995 4551 Phylacidae
1009 4475 1184 4534 Isthmicum
1199 4476 1244 4534 01.
1256 4478 1306 4551 74,
1318 4479 1348 4554 4,
1363 4476 1424 4535 sive
1439 4495 1508 4536 rere
1523 4478 1598 4538 anni

320 4564 385 4621 480
405 4582 430 4620 a.
451 4562 518 4622 Chr.
537 4567 654 4638 partam
677 4582 749 4641 esse,
773 4564 820 4623 cui
845 4564 971 4640 tempori
995 4564 1025 4622 id
1049 4583 1168 4640 quoquc
1191 4564 1338 4641 convenit,
1362 4564 1442 4641 quod
1461 4562 1598 4643 Olympii

320 4650 397 4729 ludi,
428 4671 503 4728 quos
533 4658 586 4711 aut
616 4652 811 4729 Phylacidarn
841 4656 907 4730 aut,
936 4653 1016 4729 quod
1045 4654 1141 4731 magis
1168 4653 1314 4732 putarim,
1344 4654 1489 4731 Pytheam
1513 4654 1597 4717 obire
