3406 5378
696 364 828 414 PY'rffls
847 364 905 415 VII.

374 524 503 607 θαητὸν
527 521 668 602 ἔτευξαν.

375 631 490 714 ἄγοντι
513 631 554 696 δέ
573 655 611 716 με
635 630 731 697 πέντε
754 628 815 716 μὲν
835 630 965 716 Ἰσθμοῖ

375 750 480 821 νῖκαι,
503 742 561 822 μία
584 735 615 802 δ’
641 737 802 822 ἐκπρεπὴς

325 861 357 910 15
376 846 460 921 Διὸς
481 843 671 929 Ὀλυμπιάς,

377 953 438 1016 δύο
462 949 494 1015 δ’
520 950 583 1017 ἀπὸ
607 955 747 1036 Κίρρας,

377 1161 629 1250 ὦΜεγοίκλεες,
651 1165 736 1250 ὑμαί
755 1188 789 1229 τε
812 1162 867 1229 καὶ
890 1166 1074 1249 προγόνων.
1141 1162 1206 1229 Ἐπ.
1247 1182 1279 1228 ιο

378 1272 437 1361 νέα
461 1271 495 1336 δ’
521 1273 682 1359 εὐπραγίᾳ

377 1383 480 1465 χαίρω
504 1400 547 1444 τι·
570 1381 608 1445 τὸ
632 1377 663 1443 d’
689 1381 848 1463 ἄχνυμαι,

325 1505 359 1552 ιο
379 1489 513 1572 φθόνον
536 1486 753 1571 ἀμειβόμενον

378 1595 417 1659 τὰ
441 1595 523 1659 καλὰ
545 1594 656 1678 ίέργα.
703 1596 807 1677 φαντί
827 1616 863 1676 γε
886 1594 952 1677 μὰν

379 1703 465 1766 οὕτω
489 1725 546 1766 κεν
568 1699 667 1785 ἀνδρὶ
689 1704 901 1786 παρμονίμαν

378 1809 564 1873 θάλλοισαν
587 1808 803 1892 εὐδαιμονίαν

379 1916 418 1980 τὰ
442 1914 559 1980 καὶτὰ
582 1914 753 2000 φέρεσθαι.

239 2151 279 2199 16.
299 2146 366 2199 δοιὼ
387 2144 443 2197 ἀπὸ
462 2142 545 2198 Tricl.
565 2176 600 2183 -
620 2149 660 2197 18.
686 2163 713 2197 τι
732 2143 828 2198 codd:
855 2162 883 2197 τε
908 2143 978 2198 coni.
999 2144 1129 2216 Hurtung
1149 2179 1181 2185 —
1201 2151 1243 2200 ιι.
1271 2144 1348 2198 οὔπω
1367 2144 1439 2200 coni.

167 2216 269 2271 Gorum
290 2250 322 2256 —
342 2223 383 2270 22.
403 2213 578 2284 παρμενέμεν
597 2214 667 2269 coni.
683 2215 820 2284 Hartung.

239 2365 272 2413 13
287 2377 321 2413 ss.
349 2357 481 2412 victorius
504 2357 641 2411 maiorum
664 2357 801 2427 Megas-lis
824 2357 865 2411 ita
890 2356 969 2411 laudi
995 2357 1136 2428 praesenti
1162 2358 1277 2412 victoris
1303 2358 1439 2427 Meguclis

166 2434 251 2502 poete
269 2430 439 2497 commiscet,
459 2431 491 2482 ut
509 2429 588 2482 cuius
608 2446 735 2497 quaeque
749 2428 869 2483 victoris
888 2429 926 2482 sit
944 2429 1064 2484 discerni
1083 2432 1211 2498 nequeat.
1243 2431 1334 2497 Atque
1348 2430 1439 2499 genti-

167 2502 235 2555 lium
256 2503 357 2556 decora
375 2503 487 2571 practer
504 2518 636 2570 praesens
656 2500 740 2554 decus
759 2500 896 2554 Pindarus
915 2500 945 2554 in
959 2501 1024 2554 aliis
1039 2518 1149 2570 quoque
1164 2500 1292 2570 epiniciis
1306 2504 1440 2567 recenset,

167 2574 216 2628 sed
235 2573 281 2628 hic
300 2572 371 2626 nihil
390 2571 555 2642 distinguit,
574 2571 659 2639 idque
678 2571 795 2638 idcirce,
815 2571 925 2641 opinor,
945 2573 1020 2640 quod
1039 2571 1180 2642 Megas-les
1198 2572 1259 2641 ipse
1279 2574 1329 2624 sut
1346 2570 1439 2624 nullus

168 2648 218 2698 eut
231 2662 336 2714 peuces
351 2643 484 2698 victorias
498 2645 610 2713 praeter
623 2643 696 2697 hanc
711 2642 858 2711 Pythicum
872 2646 1065 2712 reportaverat
1083 2675 1116 2683 —
1138 2649 1178 2697 15.
1199 2643 1267 2705 Διὸς
1277 2640 1439 2712 Ὀλυμπιάς

167 2736 193 2770 v.
213 2734 273 2787 arg.
293 2716 424 2770 carminis
449 2734 475 2784 p.
498 2731 535 2769 res
554 2747 587 2755 —
609 2720 649 2768 17.
675 2714 755 2784 ὑμαί·
782 2717 832 2767 aut
857 2713 974 2784 pluralis
999 2732 1049 2784 pro
1069 2713 1205 2784 singulari
1224 2711 1271 2768 σαί
1290 2718 1440 2783 usurpatus

167 2790 225 2856 est,
243 2790 276 2840 ut
293 2786 458 2857 pronomine
477 2784 609 2856 ἁμέτερος
628 2789 656 2839 et
674 2783 744 2855 όμός
767 2786 804 2839 ad
830 2785 954 2855 singulos
981 2785 1071 2839 relate
1096 2788 1208 2839 exstant
1227 2785 1256 2840 Ο,
1277 2804 1308 2837 ιιι
1327 2803 1347 2841 ι,
1372 2805 1401 2837 ιι
1419 2804 1440 2840 s.

171 2859 197 2914 P.
217 2878 247 2911 nr
266 2876 299 2913 ιι.
324 2878 351 2911 ιν
370 2875 403 2913 ιι.
430 2859 449 2913 l.
470 2877 496 2910 vr
515 2874 551 2927 rs,
570 2860 621 2910 eut
638 2875 702 2911 cum
720 2856 860 2911 Boeckhio
875 2856 1009 2911 victoriae
1029 2857 1073 2911 Me
1113 2856 1163 2911 clis
1183 2859 1212 2911 et
1225 2854 1439 2911 Alcmaeonidu-

168 2948 229 2983 mm
248 2930 383 3001 Megoclis
402 2928 562 2997 aequalium
581 2928 788 2998 intellegendae
807 2930 885 2995 sunt;
909 2928 942 2982 cf.
963 2929 1045 2998 ὑμαῖς
1094 2948 1168 2982 ,vm
1186 2945 1212 2982 os
1232 2960 1264 2967 -
1285 2934 1325 2981 19.
1353 2926 1440 2998 χαίρω

167 3020 208 3055 τι·
228 3001 388 3071 pronomini
405 3021 432 3053 τι
451 3017 485 3054 ea
503 3002 547 3053 est
565 3000 616 3063 vis,
635 3002 667 3052 ut
685 3002 769 3069 poeta
789 3016 817 3053 se
836 2998 950 3067 quidem
971 3000 1106 3068 gaudere,
1127 2999 1175 3053 sed
1194 3016 1249 3053 non
1268 2997 1353 3068 plane
1372 3017 1440 3068 guu-

168 3073 246 3139 dere,
269 3072 343 3141 quod
365 3071 469 3141 gaudio
491 3070 571 3125 dolor
589 3070 730 3124 admixtus
749 3070 799 3137 sit,
819 3070 958 3141 significet
977 3103 1010 3111 -
1029 3076 1071 3126 20.
1096 3069 1222 3140 φθόνον,
1242 3087 1297 3124 non
1316 3071 1439 3136 deorum,

169 3144 217 3198 sed
237 3143 349 3211 civium,
368 3143 417 3212 qui
436 3142 592 3213 Megeolem
606 3146 742 3195 testarum
756 3141 860 3195 iudicio
876 3140 904 3194 in
919 3141 1033 3195 exilium
1048 3142 1200 3208 eiecerunt,
1220 3141 1299 3195 cuius
1315 3141 1440 3195 invidiae

168 3232 283 3269 causum
301 3214 459 3268 Boeukhius
481 3231 514 3267 ex
536 3213 583 3281 iis,
603 3230 675 3279 quoe
694 3213 728 3266 de
748 3212 915 3282 proditionis
937 3213 1052 3267 crimine
1071 3212 1334 3267 Alcmaeouidurum
1354 3212 1439 3266 Hero·

168 3287 251 3340 dotus
267 3306 304 3339 vn
320 3301 357 3341 ιιι
371 3289 476 3351 αιτιοι,
491 3284 631 3354 repetivit.
659 3283 739 3348 Quod
754 3286 848 3337 eutem
863 3284 970 3337 scholia
988 3284 1137 3354 perhibent
1153 3282 1323 3371 Ἀρίοταργος
1341 3285 1440 3356 συμβε-

169 3357 284 3430 βηκέναι
298 3359 373 3428 αὐτῷ
387 3378 414 3410 τι
428 3357 579 3426 σύμπτωμα
593 3356 657 3423 περὶ
671 3355 722 3423 τὴν
736 3357 817 3423 νίκην
831 3356 945 3423 ταύτην,
965 3354 1036 3411 ὅθεν
1050 3354 1098 3410 καί
1117 3373 1185 3424 φησι
1204 3357 1234 3409 τὸ
1253 3374 1304 3424 μεν
1322 3352 1439 3424 χαίρειν,

168 3427 245 3482 τὸδ’
268 3428 423 3498 ἄχνοσθαι,
447 3425 561 3497 φθόνου
579 3426 655 3489 τινὸς
673 3424 881 3495 παρακειμένου
904 3435 962 3489 τοῖς
984 3433 1078 3488 καλοῖς
1102 3426 1204 3496 ἔργοις,
1230 3426 1283 3480 hoc
1308 3432 1340 3479 ut
1366 3430 1440 3480 recte

168 3499 224 3553 loci
243 3500 411 3554 sententiam
431 3498 531 3565 reddit,
554 3498 594 3551 itu
612 3496 787 3567 praeclarum
805 3498 1019 3565 grammaticum
1039 3498 1133 3565 arguit
1151 3497 1327 3552 coniecturae
1345 3497 1440 3567 potius

168 3571 319 3625 indulsisse
342 3589 428 3638 quarn
451 3569 594 3623 annalium
618 3569 765 3639 scriptores
789 3568 926 3622 evolvisse
945 3602 980 3609 —-
999 3576 1041 3623 22.
1066 3567 1136 3622 οὕτω
1160 3570 1277 3623 sirecte
1296 3585 1325 3621 se
1344 3568 1439 3635 habet,

168 3642 211 3696 its,
235 3646 347 3695 tuntum
373 3641 505 3696 stabilem
530 3641 694 3695 felicitatem
720 3639 881 3693 horninibus
905 3642 1009 3710 (ἀνδρὶ)
1031 3658 1091 3695 esse
1117 3640 1270 3707 significet,
1296 3642 1328 3693 ut
1353 3637 1438 3694 etium

169 3715 288 3767 adversa
312 3731 406 3766 secum
431 3713 515 3779 ferat,
542 3712 584 3766 vis
603 3716 697 3766 sutem
715 3710 871 3782 porticulus
891 3731 939 3765 κεν
958 3712 1080 3781 apertior
1098 3713 1159 3778 fiet,
1179 3711 1203 3764 si
1221 3730 1271 3780 pro
1290 3710 1439 3800 participio

168 3785 324 3839 θάλλοισαν
347 3784 503 3854 optativum
529 3783 668 3852 posueris:
694 3779 780 3851 φαντί
799 3802 842 3852 γε,
868 3784 904 3845 ὡς
923 3782 994 3836 οὕτω
1014 3781 1049 3837 dv
1068 3784 1151 3850 ἀνδρὶ
1171 3785 1258 3855 βροτῷ
1277 3802 1439 3852 παρμονιμα

169 3856 271 3910 &uilloc
291 3858 464 3925 εὐδαιμονία,
484 3854 552 3909 ὥστε
570 3854 605 3908 τὰ
624 3856 669 3908 καί
690 3854 724 3907 τὰ
744 3852 891 3921 φέρεσθαι.
920 3855 960 3907 De
980 3852 1016 3908 dv
1035 3872 1057 3908 ο.
1077 3854 1175 3922 partic.
1195 3872 1220 3908 v.
1241 3853 1353 3907 Kuhner
1372 3859 1440 3918 §sris

168 3928 276 3981 Aums
297 3960 328 3966 -
348 3933 390 3980 ⁴23.
418 3924 613 3996 εὐδαιμονίαν·
639 3924 725 3978 latius
751 3925 803 3979 hoc
827 3944 926 3978 nomen
945 3929 1041 3995 putere
1059 3943 1145 3993 quarm
1164 3923 1319 3994 εὐπραγίαν
1338 3928 1367 3978 et
1385 3925 1438 3978 ori-

168 3999 312 4067 ginatioue
332 4003 361 4052 et
383 4016 432 4049 usu
453 3997 652 4051 vocabulorum
675 3999 788 4050 constat
808 4030 838 4036 —-
859 4003 900 4050 ⁶24.
927 3998 961 4049 τὰ
985 3999 1031 4050 καί
1055 3996 1103 4050 τά·
1131 3997 1165 4051 cf.
1185 3997 1205 4051 l.
1225 4016 1254 4048 ιιι
1273 4012 1297 4051 ιι
1317 4004 1373 4050 τῶν
1392 3996 1439 4050 καὶ

168 4079 232 4137 τῶν,
251 4071 373 4138 'lheogu
389 4086 428 4123 css
447 4070 497 4139 χρὴ
516 4068 550 4122 τοί
569 4088 597 4121 τε
618 4070 665 4123 καί
684 4068 718 4121 τὰ
738 4066 841 4137 φέρειν.
