3406 5378
287 341 385 394 Lxxx
417 370 419 374 ι
492 334 496 341 ’
791 342 1070 395 reoneeoueue.

287 502 404 568 0.v111
427 506 469 569 68
498 509 531 569 et
559 503 593 568 P.
612 523 675 568 V111
697 508 737 571 81
768 503 946 589 Aeginetas
974 504 1234 569 Alcimedontem
1267 508 1300 568 et
1331 505 1574 570 Aristomenem

286 611 398 675 laudab
426 616 567 695 quatuor
594 612 796 676 adversarios
832 611 921 677 lucta
948 612 1114 676 devicisse.
1167 611 1236 676 lam
1266 612 1329 677 hoe
1360 619 1446 677 certe
1475 635 1572 677 nemo

285 717 439 802 probabit
473 717 620 803 singulos
653 741 726 783 cum
761 723 901 804 quatuor
933 719 1030 783 simul
1060 719 1201 783 luctatos
1234 742 1318 804 esse3
1354 719 1451 784 nimis
1486 721 1573 784 enirn

287 829 374 888 esset
396 824 459 889 hoc
482 825 630 910 iniquum
654 830 687 889 et
705 847 806 909 prope
829 826 1061 912 prodigiosum.
1096 824 1188 889 Unus
1208 825 1310 911 igitur
1329 827 1478 910 deinceps
1498 850 1572 892 cunr

245 911 256 934 ⁰
288 936 428 1015 quatuor
452 931 645 996 adversariis
669 932 841 1018 pugnavit3
865 933 921 997 sed
945 954 1085 1017 quonam
1109 931 1171 996 hoc
1194 937 1290 1017 pacto
1310 932 1432 999 facturn
1451 933 1495 997 sit
1516 940 1574 998 ant

286 1039 357 1103 fieri
380 1039 533 1123 potuerit,
557 1039 652 1103 nobis
676 1039 742 1104 iam
766 1039 974 1123 aperiendum
997 1045 1056 1104 est.
1066 1039 1090 1125 ¹)

379 1144 476 1210 Omni
500 1145 560 1210 hac
579 1146 613 1209 in
633 1146 824 1229 quaestione
847 1146 1021 1230 plurimum
1042 1147 1152 1231 refert,
1175 1147 1352 1233 exiguusue
1372 1169 1413 1211 an
1432 1169 1571 1233 magnus

288 1252 484 1317 certantium
507 1274 660 1317 numerus
684 1253 797 1338 fuerit,
821 1276 921 1337 perne
944 1254 1043 1317 fuerit
1067 1275 1109 1318 an
1131 1254 1245 1337 impar,
1268 1275 1374 1317 unane
1398 1275 1440 1317 an
1461 1252 1571 1336 plures

288 1359 477 1424 sortitiones
505 1360 611 1424 factae
643 1360 739 1424 sint..
767 1358 1041 1424 Proficisceudum
1075 1365 1183 1424 autem
1217 1360 1312 1423 nobis
1344 1364 1394 1424 est
1428 1358 1466 1423 de
1497 1358 1570 1423 loco

288 1466 423 1532 classico
442 1466 578 1541 Luciani
598 1465 743 1532 Hermot.
759 1468 817 1531 40:
841 1465 1039 1551 ἐγγράφεται
1059 1462 1095 1530 δὲ
1115 1465 1147 1542 ἐς
1171 1467 1232 1530 δύο
1255 1463 1316 1549 μὲν
1339 1464 1396 1550 (se.
1414 1463 1571 1550 κλήρους)

288 1574 377 1656 ἀλφα
401 1573 437 1638 έν
461 1570 616 1659 ἑκατέρῳ,
645 1572 678 1648 ές
701 1574 763 1638 δύο
787 1572 824 1638 δὲ
846 1575 883 1638 τὸ
906 1576 1004 1656 βῆτα,
1033 1571 1086 1637 καλ
1111 1572 1144 1649 ές
1166 1574 1288 1649 ἀλλους
1311 1574 1373 1638 δύο
1396 1572 1433 1636 τὸ
1459 1571 1571 1655 γάμμα

288 1678 342 1744 καλ
362 1678 435 1763 έξῆς
457 1681 539 1744 κατὰ
558 1681 597 1742 τά
616 1679 710 1761 αὐτά,
734 1678 776 1761 ἣν
798 1684 932 1755 πλείους
955 1681 989 1763 ol
1010 1677 1153 1762 ἀθληταὶ
1177 1675 1270 1760 ὦσιν,
1294 1680 1356 1743 δύο
1380 1676 1431 1742 ἀεὶ
1454 1683 1570 1762 κλῆροι

288 1788 325 1851 τὸ
344 1787 425 1851 αὐτὸ
444 1786 577 1872 γράμμα
596 1789 733 1868 ἔχοντες.
768 1786 966 1873 προσελθὼν
985 1788 1026 1869 δὴ
1050 1797 1117 1850 τῶν
1141 1785 1297 1868 ἀθλητῶν
1320 1784 1455 1860 ἕκαστος
1473 1802 1572 1869 προσ-

288 1892 464 1977 ευξάμενος
495 1904 540 1981 τῷ
570 1895 633 1957 Διῒ
660 1891 776 1968 καθεὶς
809 1894 870 1976 τῆν
901 1904 993 1977 χεῖρα
1029 1892 1062 1968 ές
1094 1895 1155 1975 τὴν
1186 1893 1307 1957 κάλπιν
1339 1891 1471 1977 ἀνασπᾷ
1503 1902 1570 1955 τῶν

287 2002 421 2083 κλῆρων
447 2000 505 2065 ἕνα
532 1999 587 2065 καλ
615 1998 685 2085 μετ’
711 1999 837 2064 ἐκεῖνον
864 1998 975 2083 ἕτερος
1105 2000 1165 2065 τὸν
1192 1996 1252 2083 μὲν
1275 2002 1312 2064 τὸ
1337 2001 1426 2084 ἀλφα
1453 2002 1570 2083 ἔχοντα

286 2117 331 2195 τῷ
356 2109 393 2172 τὸ
422 2107 535 2193 ἕτερον
563 2109 653 2190 άλφα
677 2106 831 2172 ε’σπακότι
856 2111 1010 2171 παλαίειν
1033 2106 1053 2189 ῆ
1076 2106 1329 2191 παγκρατιάζειν
1353 2106 1512 2171 συνάπτει
1535 2104 1569 2193 (ὁ

286 2213 500 2302 ἀλυτάρχης),
529 2217 587 2279 τὸν
615 2212 652 2279 ἀὲ
679 2217 717 2279 τὸ
745 2217 827 2297 βῆτα
844 2224 900 2302 ’τῷ
929 2214 966 2278 τὸ
994 2217 1092 2297 βῆτα,
1120 2214 1243 2298 ὁμοίως
1268 2210 1324 2277 καλ
1348 2216 1426 2289 τοὺς
1448 2215 1571 2289 ἀλλους

287 2324 365 2398 τοὺς
392 2322 625 2407 ὁμογράμμους
652 2322 734 2385 κατά
762 2321 877 2385 ταύτά·
910 2321 997 2386 οὕτω
1026 2317 1086 2405 μέν
1114 2320 1192 2403 γάρ,
1224 2319 1266 2402 ἢν
1293 2322 1401 2406 ἄρτιοι
1430 2316 1512 2385 ὦσιν
1536 2322 1572 2385 οί

285 2427 481 2510 ἀγωνισταί,
510 2420 583 2493 οἷον
610 2428 694 2493 ὀκτὼ
724 2427 744 2511 ἢ
768 2427 917 2514 τέτταρες
940 2428 960 2512 ἢ
983 2429 1124 2492 δώδεκα·
1158 2426 1199 2510 ἢν
1223 2424 1258 2491 dl
1282 2430 1442 2510 περιττοί,
1473 2424 1569 2492 πέντε

287 2533 367 2600 ἑπτά
394 2533 504 2617 ἐννέα,
537 2536 669 2620 γράμμα
697 2560 728 2599 τι
755 2536 910 2618 περιττὸν
933 2534 983 2600 ἑνὶ
1010 2537 1120 2623 κλήρῳ
1149 2531 1315 2618 ἐγγραφὲν
1347 2534 1568 2619 συμβάλλεται

286 2641 414 2721 αὐτοῖς,
442 2641 650 2728 ἀντίγραφον
672 2644 752 2707 ἀλλο
777 2643 838 2707 οὐκ
861 2646 948 2726 ἔχον
973 2642 1010 2719 ὃς
1032 2640 1064 2704 d’
1090 2642 1253 2706 ἄντοῦτο
1277 2639 1466 2727 ἀνασπάσῃ,
1495 2640 1569 2726 ἐφε-

286 2749 397 2834 δρεύει
429 2748 629 2836 περιμένων,
662 2748 728 2813 ἔστ’
758 2748 801 2813 ἀν
833 2748 952 2814 ἐκεῖνοι
985 2749 1226 2831 ἀγωνίσωνται·
1264 2748 1304 2812 οὐ
1337 2749 1400 2831 γάρ
1433 2751 1498 2832 ἔχει
1530 2750 1568 2813 τὸ

285 2855 507 2941 ἀντίγραμμα·
531 2858 589 2921 καί
610 2854 678 2920 ἐστι
701 2864 799 2920 τοῦτο
823 2857 863 2922 οὐ
887 2857 987 2940 μικρά
1010 2856 1145 2939 εὐτυχία
1169 2864 1228 2920 τοῦ
1250 2854 1410 2939 ἀθλητοῦ,
1433 2856 1471 2920 τὸ
1492 2854 1568 2940 μέλ-

286 2966 356 3027 λειν
380 2962 506 3048 ἀκμῆτα
533 2975 604 3040 τοῖς
630 2965 806 3047 κεκμηκόσι
836 2970 1090 3048 συμπεσεῖσθαι;
1122 2986 1186 3047 quo
1214 2985 1287 3027 cum
1316 2967 1400 3027 teste
1427 2963 1568 3048 loeuple-

284 3068 413 3133 tissimo
433 3091 626 3154 componere
648 3069 740 3134 iuvat
759 3069 878 3134 Iuliani
897 3070 977 3156 Imp.
997 3071 1120 3136 conviv.
1143 3094 1174 3155 p.
1190 3071 1252 3135 317
1276 3069 1343 3154 Sp:
1366 3071 1446 3153 μετὰ
1469 3078 1568 3134 τοῦτο

285 3175 302 3240 ὁ
320 3178 404 3251 Ζεὺς
422 3177 518 3261 ἤρετο
538 3180 616 3253 τοὺς
634 3177 747 3258 θεούς,
770 3179 911 3262 πότερον
934 3179 996 3261 χρῆ
1019 3177 1145 3254 πάντας
1168 3175 1221 3242 ἐπὶ
1243 3178 1302 3242 τὸν
1322 3176 1436 3259 ἀγῶνα
1454 3182 1568 3242 καλεῖν

284 3280 305 3364 ἢ
332 3282 483 3367 καθάπερ
513 3283 549 3348 έν
576 3296 646 3361 τοῖς
674 3296 847 3369 γυμνικοῖς
874 3284 978 3366 ἀγῶσι
1007 3287 1146 3366 γίνεται,
1179 3283 1197 3348 ὁ
1221 3292 1281 3348 τοῦ
1308 3285 1432 3360 πολλὰς
1454 3282 1568 3348 ἀνελο-

284 3386 387 3472 μένου
406 3393 500 3466 νίκας
518 3393 692 3476 κρατήσας,
716 3389 790 3467 ένὸς
807 3395 1059 3475 περιγενόμενος
1077 3386 1176 3453 οὐδὲν
1195 3392 1331 3453 ἔλαττον
1349 3390 1442 3454 δοκεῖ
1460 3389 1567 3455 κάκεί-

286 3518 355 3559 νων
383 3496 554 3578 γεγονέναι
581 3502 754 3584 κρείσσων,
782 3501 817 3562 οἳ
836 3498 1105 3578 προσεπάλαισαν
1127 3493 1187 3580 μέν
1207 3496 1360 3580 οὐδαμῶς
1381 3497 1482 3585 αὐτῷ,
1506 3507 1566 3562 τοῦ

285 3602 508 3688 κρατηθέντος
536 3601 573 3669 ἀὲ
603 3606 722 3688 ἥττους
753 3604 913 3687 ἐγένοντο.
965 3604 1000 3670 Si
1033 3604 1135 3690 igitur
1169 3604 1208 3668 ad
1242 3605 1419 3668 certamina
1450 3604 1567 3688 luctae,

283 3710 460 3796 pugilatus,
482 3713 642 3797 pancratii
667 3718 807 3797 quatuor
830 3712 979 3797 pluresve
1002 3712 1135 3776 nomina
1157 3710 1296 3796 professi
1320 3696 1479 3795 erantsin
1502 3713 1566 3776 duo

285 3816 417 3901 plurave
449 3818 541 3903 paria
574 3825 661 3884 sorte
694 3819 980 3884 distribuebantur.
1035 3819 1143 3902 Atque
1171 3819 1199 3883 si
1229 3842 1288 3904 par
1317 3840 1470 3883 numerus
1498 3840 1567 3883 cer-

284 3925 425 3990 tantium
453 3926 530 4011 fuit,
562 3932 598 3991 ut
631 3926 740 3990 nullus
772 3926 1023 4011 relinqueretur,
1059 3925 1237 4010 simplicior
1267 3925 1345 3990 ordo
1379 3924 1566 3989 certaminis

284 4036 360 4096 erat.
406 4032 492 4097 Nem
521 4034 548 4097 si
577 4039 717 4117 quatuor
746 4034 879 4097 nomina
906 4035 1074 4111 dederant,
1106 4055 1144 4096 ex
1175 4034 1228 4117 iis,
1262 4055 1343 4116 quae
1370 4031 1566 4096 Pausaniam

284 4140 512 4203 decursorum
536 4139 703 4203 ordinibus
726 4140 890 4211 rettulisse
914 4164 1012 4225 supra
1036 4141 1189 4223 vidimus,
1213 4140 1366 4225 colligere
1389 4161 1449 4203 nos
1473 4160 1567 4224 opor-

284 4250 346 4328 tet,
380 4246 519 4329 primurn
554 4246 616 4309 duo
649 4246 741 4329 paria
773 4252 936 4312 certamen
968 4248 1094 4331 iniisse,
1128 4248 1241 4311 deinde
1272 4247 1326 4330 qui
1358 4269 1396 4311 ex
1426 4252 1564 4331 utroque

284 4351 354 4435 pari
387 4352 569 4436 superiores
603 4353 840 4437 discessissent,
872 4355 977 4419 denuo
1012 4356 1097 4419 inter
1130 4376 1164 4417 se
1194 4353 1232 4417 de
1266 4375 1386 4418 corona
1414 4360 1565 4420 certasse.

373 4583 398 4647 1)
421 4580 462 4633 De
485 4579 655 4635 difficillima
678 4582 732 4636 hac
755 4580 921 4651 quaestione
944 4581 1027 4636 multi
1050 4581 1144 4635 varias
1168 4582 1197 4635 in
1220 4586 1315 4652 parles
1340 4582 1563 4652 disputaverunt,

282 4667 316 4704 ex
340 4650 442 4717 quibus
466 4656 578 4722 praeter
600 4670 660 4720 eos,
684 4654 786 4722 quide
811 4654 893 4708 rebus
914 4653 1098 4724 gymnasticie
1116 4660 1152 4717 (v.
1173 4673 1198 4724 p.
1214 4658 1280 4715 exn)
1304 4658 1333 4707 et
1357 4654 1391 4707 de
1435 4652 1563 4707 enter-blo

160 4752 171 4775 ι
281 4726 317 4791 (v.
338 4742 363 4793 p.
380 4728 471 4793 cxxiv)
490 4723 667 4795 seripserunt,
689 4727 719 4779 iu
740 4725 817 4779 rimis
836 4725 921 4779 laudo
939 4727 1105 4796 interpretes
1125 4726 1248 4787 Pindari,
1268 4724 1388 4779 Boeckh.
1404 4725 1483 4795 hxpl.
1500 4728 1562 4794 318,

283 4798 312 4849 et
331 4794 455 4864 Fennell,
475 4796 554 4852 Pind.
576 4796 652 4851 Nem.
673 4816 710 4851 an
749 4797 844 4853 Iebhrn.
863 4817 889 4871 p.
904 4816 932 4851 11
940 4816 976 4852 es.
