3406 5378
697 1230 851 1285 ΠΤΘΙΟΝ.
871 1230 930 1285 ΙΒ’.

452 1394 640 1479 ΜΙΔΑι
679 1394 1177 1482 ΑΚΡΑΓΑΝΤΙΝΩι

725 1588 899 1642 ΑΤΛΗΤΗι.

692 2786 934 2868 Argumentum.

261 2915 357 2973 Midas
381 2916 597 2993 Agrigentinus
626 2916 750 2992 Delphis
777 2916 822 2974 bis
851 2916 933 2975 tibiis
961 2917 1035 2976 assis
1061 2916 1146 2994 vicit,
1176 2917 1265 2992 Pyth.
1287 2919 1327 2974 24
1348 2921 1379 2976 et
1403 2921 1454 2995 25,

174 3024 303 3081 quamm
322 3005 517 3064 victoriarum
541 3005 670 3080 priorem
693 3005 748 3065 hoc
768 3005 897 3065 carmine
917 3005 1090 3081 praedicari,
1111 3026 1144 3064 en
1165 3026 1199 3065 eo
1219 3010 1354 3083 apparet,
1373 3007 1453 3082 quod

173 3094 297 3152 alterius
312 3093 455 3152 victoriae
470 3095 555 3152 nulla
570 3094 682 3153 mentio
697 3096 739 3153 fit.
764 3094 876 3164 Quodsi
891 3095 978 3170 Pyth.
992 3098 1032 3153 24
1044 3121 1085 3141 =
1098 3097 1161 3153 494
1174 3087 1268 3175 (490)
1280 3114 1307 3156 a.
1318 3096 1385 3154 Ghr.
1398 3096 1453 3155 hoc

171 3202 290 3243 carmen
310 3183 511 3259 compositum
530 3187 582 3260 est,
602 3184 708 3242 iisdem
726 3182 806 3243 ludis
825 3184 921 3242 Midas
940 3183 1022 3242 tibiis
1040 3184 1122 3262 vicit,
1143 3183 1252 3260 quibus
1271 3185 1453 3244 Xenocrates

173 3272 392 3352 Agrigentinus
416 3291 506 3332 curru
529 3273 687 3332 victoriam
710 3273 827 3348 peperit
850 3284 890 3351 lu.
911 3273 943 3330 P.
963 3276 1017 3337 vil.

264 3362 443 3438 Principalis
470 3381 540 3437 pars
569 3362 708 3421 carminis
736 3365 874 3421 versatur
898 3362 927 3419 in
950 3363 1055 3420 fabula
1079 3363 1228 3421 narranda
1251 3363 1286 3422 de
1310 3363 1454 3422 tibiarum

174 3455 267 3511 cantu
295 3456 326 3510 et
352 3452 529 3527 polycepalo
564 3471 651 3511 nomo
680 3471 698 3509 a
726 3452 781 3510 dea
813 3451 949 3511 Minerva
972 3472 1108 3511 sororum
1136 3452 1284 3530 Gorgonis
1312 3453 1454 3532 lugubres

175 3542 314 3617 planetus
339 3540 477 3600 imitante
501 3541 636 3615 invent03
663 3542 737 3599 haec
765 3543 867 3599 autem
898 3541 1000 3599 sabula
1029 3561 1095 3600 cunr
1124 3541 1228 3600 fabula
1256 3542 1291 3600 de
1315 3541 1454 3620 Gorgone

178 3631 330 3706 aPerseO,
354 3629 415 3690 filio
439 3631 571 3706 Danaae,
595 3630 753 3689 interfecta
776 3634 856 3689 arcte
881 3631 1040 3689 coniuncta
1059 3633 1104 3688 est
1122 3624 1249 3711 (7-27).
1287 3631 1455 3691 Praemissa

177 3723 222 3778 est
246 3719 390 3796 prooemii
414 3721 478 3779 loco
502 3719 600 3778 brevis
623 3719 773 3779 invocatio
797 3719 869 3779 deae
893 3724 1037 3795 patronae
1056 3719 1139 3777 urbis
1158 3720 1326 3798 Agrigenti,
1345 3724 1381 3778 ut
1401 3721 1453 3779 Mi·

177 3809 246 3869 dam
268 3808 411 3868 victorem
434 3809 566 3885 propitia
590 3808 738 3883 acciperet
757 3800 870 3890 (1—e);
894 3809 1028 3869 subiecta
1050 3809 1146 3868 instar
1169 3809 1281 3887 epilogi
1300 3813 1346 3868 ost
1364 3830 1454 3888 gene-

175 3897 248 3957 ralis
281 3898 429 3956 sententia
461 3898 497 3956 de
528 3898 683 3956 hominurn
715 3898 860 3957 felicitate
894 3917 1058 3975 numquam
1091 3899 1153 3956 siue
1186 3898 1287 3957 labore
1320 3900 1454 3974 paranda

177 3979 320 4066 (as—32).
367 3986 430 4046 Hoc
464 3991 565 4045 autem
597 3987 694 4045 blidas
728 4008 847 4063 quoque
879 3988 909 4044 in
940 3987 1101 4046 certamine
1136 3987 1280 4063 Delphico
1316 3991 1454 4063 expertus

176 4094 239 4135 esse
259 4075 418 4152 ferebatur,
443 4076 587 4153 quoniam
610 4078 715 4154 lingua
739 4077 922 4136 calamorum
946 4077 1025 4135 inter
1048 4076 1214 4134 canendum
1237 4076 1264 4135 ei
1287 4080 1378 4151 rupta
1401 4080 1454 4154 est,

178 4184 238 4242 qua
268 4168 368 4223 tamen
399 4169 490 4242 rupta
520 4166 596 4224 nihil
625 4166 822 4226 conturbatus
855 4167 978 4224 calamis
1009 4166 1046 4223 ad
1077 4167 1198 4223 modurn
1230 4164 1348 4224 fistulae
1381 4186 1455 4225 ursus

176 4255 280 4315 modos
303 4254 442 4313 carminis
466 4255 503 4314 ad
527 4255 615 4314 finem
640 4255 770 4313 deduxit.

265 4344 411 4403 Fabulam
436 4345 472 4403 de
492 4345 629 4423 Gorgone
649 4364 667 4402 a
686 4345 792 4402 Perseo
812 4345 970 4402 interfecta
995 4344 1140 4402 Pindarus
1159 4364 1194 4402 ex
1213 4344 1336 4404 Hesiodi
1356 4346 1453 4424 theog.

175 4443 296 4493 274-81
322 4437 353 4492 et
375 4434 505 4492 carmine
529 4435 631 4511 aliquo
655 4434 752 4510 epico,
781 4434 906 4492 fortasse
930 4433 1097 4492 Phoronide
1121 4434 1169 4493 vel
1192 4434 1342 4511 Danaide,
1370 4455 1453 4511 repe·

175 4523 258 4599 tivit,
289 4542 348 4598 quo
379 4543 415 4582 ex
445 4524 539 4583 altero
569 4523 697 4582 carmine
726 4523 846 4598 plenam
868 4523 1071 4581 narrationem
1096 4523 1185 4580 huius
1208 4523 1305 4598 mythi
1329 4525 1454 4600 Apollo·

175 4611 266 4672 dorus
280 4631 303 4668 11
318 4623 351 4670 37
367 4614 520 4689 excerpsit.
548 4613 695 4671 Fabulam
709 4613 829 4688 qualem
843 4610 991 4669 Pindarus
1006 4612 1169 4687 exornavit,
1184 4613 1306 4688 respicit
1325 4613 1452 4672 Nonnus

174 4700 300 4777 Dionys.
319 4720 357 4758 xn
377 4713 428 4760 ‘227
448 4721 498 4773 ss.;
525 4702 671 4779 Gorgonis
696 4706 906 4777 praelerquam
932 4702 987 4761 hoe
1010 4702 1075 4759 loco
1099 4701 1247 4759 Pindarus
1270 4702 1451 4761 mentionem

174 4790 247 4849 fecit
270 4788 379 4849 0.xn1
403 4802 435 4849 63
460 4796 490 4849 et
512 4792 544 4849 P.
569 4811 588 4849 u
612 4802 645 4849 45
665 4810 701 4849 ss.
729 4824 769 4831 —
793 4791 948 4850 Tibiarum
975 4810 1065 4849 usum
1092 4791 1123 4848 in
1151 4790 1230 4848 ludis
1259 4790 1393 4866 Pythicis
1421 4795 1451 4849 et
