3406 5378
310 346 375 409 236
782 348 929 399 prunam
948 347 1115 402 errarem.

314 535 391 593 quas
414 515 562 574 Pindarus
585 534 641 574 sua
664 516 751 576 Musa
774 507 855 595 (Ni
879 518 910 575 et
927 516 963 573 N.
983 507 1029 579 ixl
1053 514 1227 591 illustravit,
1250 515 1335 591 equis
1358 533 1410 573 seu
1434 515 1593 593 quadrigis

311 608 488 666 consecutus
512 608 565 663 est.
594 638 630 645 -
655 606 720 664 Iam
744 625 804 681 quo
824 608 956 680 tempore
975 605 1031 663 hoc
1050 624 1168 663 carmen
1187 605 1369 663 Nemeaeum
1389 604 1591 680 compositum

309 694 362 771 sit,
386 695 410 753 si
434 712 575 772 quaeras,
599 698 667 769 post
690 693 819 753 Aetnam
842 694 944 752 urbem
969 694 1120 753 conditam
1144 685 1185 773 (v.
1210 706 1225 753 6
1250 696 1280 752 et
1303 694 1391 752 schol.
1416 694 1454 752 ad
1477 686 1591 776 insen),

309 784 381 842 dum
408 784 557 842 Pindarus
587 783 617 840 in
646 784 730 861 regia
760 784 831 841 aula
858 783 997 842 Hieronis
1026 786 1227 842 commoratur
1256 794 1296 841 lv.
1322 776 1383 859 19),
1411 783 1441 840 id
1469 802 1590 858 compo-

310 873 402 931 situm
421 892 484 931 esse
503 876 619 931 certum
638 876 692 931 est.
728 873 821 931 Porro
841 891 909 931 cum
927 872 1091 931 Pindarum
1111 875 1179 947 post
1197 872 1284 931 ludos
1299 872 1423 948 Pythios
1439 870 1484 930 Ol.
1503 876 1552 949 76,
1570 877 1588 931 3

310 962 474 1038 Syracusas
503 960 619 1021 venisse
648 965 678 1020 et
705 965 774 1037 post
801 962 888 1020 ludos
912 960 957 1022 01.
984 965 1033 1038 77,
1061 966 1074 1019 1
1107 964 1176 1020 ente
1201 960 1246 1020 Ol.
1272 964 1359 1038 78,1
1387 961 1455 1020 inde
1479 961 1590 1021 abiisse

308 1054 437 1130 constet,
465 1051 623 1111 victoriam
646 1050 840 1128 Nemeaeum,
868 1051 916 1110 cui
940 1050 1156 1126 praedicandae
1184 1050 1240 1110 hoc
1263 1070 1380 1109 carmen
1404 1051 1590 1110 destinatum

308 1143 366 1218 est,
395 1144 450 1199 aut
473 1139 518 1199 01.
546 1143 637 1218 76,4
663 1144 718 1199 aut
742 1138 787 1200 01.
816 1144 907 1219 77,2
936 1142 1122 1216 reportatam
1150 1158 1212 1199 esse
1236 1159 1353 1199 necesse
1377 1143 1429 1199 est.
1476 1140 1589 1198 Utrum

309 1249 378 1289 vero
407 1232 476 1305 post
508 1249 547 1288 an
580 1232 649 1288 aute
683 1229 720 1289 N.
752 1249 781 1287 rx
817 1231 872 1289 hoc
907 1250 1025 1288 carmen
1058 1230 1173 1289 factum
1208 1229 1259 1302 sit,
1299 1232 1378 1288 certo
1415 1229 1587 1289 testimonio

307 1339 451 1397 caremus,
479 1318 536 1378 nisi
564 1319 645 1394 quod
673 1319 770 1377 exitus
797 1319 887 1377 huius
918 1318 1057 1378 carminis
1085 1318 1181 1396 magis
1209 1319 1348 1378 convenit
1374 1319 1436 1376 seni
1460 1319 1588 1378 militiae

307 1409 385 1467 lasso
408 1413 439 1467 et
456 1411 526 1484 post
543 1407 660 1466 labores
680 1427 874 1468 aerumnosae
893 1409 973 1467 vitae
993 1408 1094 1484 quiete
1114 1408 1193 1465 dulci
1213 1408 1333 1467 fruenti.
1371 1408 1489 1485 Exigua
1508 1408 1589 1467 enim

307 1497 379 1556 fides
403 1500 449 1556 est
472 1497 648 1557 scholiastae
673 1497 755 1555 adv.
774 1509 790 1554 8
815 1497 989 1556 adnotantis
1013 1501 1083 1580 νικᾷ
1102 1492 1133 1555 δὲ
1154 1505 1209 1555 νῦν
1229 1495 1327 1555 ἵππων
1346 1495 1451 1573 ἅρματι
1470 1505 1588 1572 πρῶτον

309 1583 544 1664 ἀγωνισάμενος,
571 1588 659 1664 longe
683 1606 753 1646 vero
778 1586 875 1646 minor
897 1586 1095 1663 probabilitas
1118 1586 1283 1644 sententiae
1306 1586 1507 1645 Bornemanni
1531 1587 1589 1646 hoc

310 1695 427 1734 carmen
452 1677 547 1733 multo
572 1679 650 1753 anto,
675 1697 734 1751 quo
759 1679 891 1751 tempore
912 1675 1069 1734 Chromius
1089 1675 1209 1735 Gelonis
1233 1694 1363 1734 sororem
1386 1695 1509 1734 uxorem
1533 1676 1587 1734 ‹lu-

308 1764 410 1841 cebat,
434 1765 579 1840 scriptum
604 1784 665 1823 osse
690 1765 862 1823 conicientis
887 1757 1004 1846 (Jahrb.
1029 1766 1055 1823 d.
1080 1766 1115 1823 cl.
1139 1765 1191 1822 Ph.
1219 1766 1299 1823 1891
1327 1785 1354 1840 p.
1375 1757 1450 1845 279).

395 1855 429 1911 ln
453 1854 604 1929 prooemio
628 1857 718 1929 poeta
741 1853 778 1911 ab
799 1852 934 1932 Ortygia,
958 1854 1013 1913 dea
1036 1857 1163 1929 patrona
1187 1853 1371 1932 cognominis
1391 1854 1586 1929 paeninsulae

306 1942 513 2002 celeberrimae
542 1943 774 2019 Syracusarum,
803 1962 924 2001 exorsus
952 1943 990 2000 ad
1017 1944 1174 2002 victoriam
1205 1943 1416 2001 illustrandam
1444 1943 1586 2021 Chromii,

306 2032 435 2091 Nemeae
467 2051 556 2091 curru
584 2034 716 2108 partam,
747 2050 809 2091 sese
841 2032 971 2109 accingit
1000 2025 1115 2113 (1-9).
1163 2032 1248 2102 Quod
1279 2032 1437 2091 consilium
1465 2033 1509 2090 ita
1536 2053 1585 2091 ex-

306 2122 456 2197 sequitur,
486 2124 521 2178 ut
551 2121 680 2196 primum
709 2121 843 2180 Siciliam
872 2121 1003 2181 insulam
1030 2123 1062 2180 in
1090 2122 1219 2199 grat-iam
1245 2122 1440 2197 Proserpinae
1470 2142 1488 2180 a
1515 2117 1586 2182 lov'e

306 2211 541 2286 opulentissimis
566 2210 688 2269 urbibus
712 2214 850 2269 omatam
868 2216 899 2270 et
918 2211 1034 2271 coronis
1054 2210 1218 2286 Olympicis
1236 2211 1420 2269 illustratam
1441 2203 1586 2292 (la-18),

305 2303 371 2357 tum
400 2300 521 2358 victoris
550 2300 644 2375 ipsius
667 2300 904 2375 hospitalitatem
935 2301 1146 2360 liberalitatem
1174 2300 1381 2359 fortitudinem
1406 2300 1586 2375 sapientiam

306 2388 431 2447 summis
455 2389 594 2447 laudibus
617 2389 721 2447 efferat
740 2382 883 2469 (la-aa).
922 2389 1035 2449 Deinde
1060 2391 1141 2447 saltu
1161 2390 1233 2447 satis
1259 2390 1365 2448 audaci
1390 2390 1427 2447 ad
1446 2390 1585 2449 Herculis

305 2479 417 2536 famam
449 2478 678 2553 praedicandam
713 2480 829 2536 transit.
880 2480 945 2536 lam
976 2479 1122 2537 infantem
1156 2499 1224 2537 eum
1258 2480 1333 2538 duos
1363 2483 1513 2555 serpentes
1547 2479 1584 2536 ab

304 2567 418 2626 lunone
443 2567 545 2626 invida
564 2567 668 2627 missos
689 2568 824 2645 augendo
848 2587 994 2644 enecasse,
1018 2568 1096 2625 unde
1116 2568 1261 2626 Tiresiam
1281 2572 1380 2627 vatem
1400 2572 1585 2645 auguratum

305 2676 367 2716 esse
392 2658 488 2715 multa
512 2657 598 2715 illum
620 2658 775 2732 praeclara
798 2657 932 2715 facinora
954 2660 1198 2732 perpetraturum
1222 2676 1285 2715 osse
1309 2662 1339 2715 et
1362 2657 1400 2714 ad
1419 2660 1585 2715 extremum

304 2745 342 2806 ob
370 2747 491 2824 egregia
518 2746 626 2804 merita
649 2746 728 2804 inter
750 2746 820 2805 deos
848 2749 1000 2821 receptum
1022 2746 1058 2803 iri
1073 2739 1217 2826 (as-72).
1254 2747 1336 2804 Haec
1360 2748 1461 2805 autem
1480 2746 1585 2804 fabula

305 2855 372 2895 cum
406 2838 583 2913 argumento
612 2835 752 2894 carminis
785 2855 819 2893 eo
850 2835 1006 2894 cohaerere
1039 2838 1138 2911 patet,
1170 2836 1249 2911 quod
1279 2835 1436 2894 (bromius
1464 2836 1584 2895 laudem

304 2924 443 2983 Herculis
473 2923 683 2983 aemulabatur
713 2928 743 2982 et
771 2923 896 2981 fortasse
928 2923 1018 2981 etiarn
1046 2943 1209 3001 cognomen
1233 2924 1385 3001 Herculei,
1415 2927 1452 2983 ut
1478 2928 1584 3000 postea

304 3014 383 3073 iuter
404 3014 555 3071 Romanos
579 3014 774 3088 imperatores
797 3013 876 3071 Nero
900 3004 996 3091 (Cass.
1021 3013 1077 3071 Dio
1102 3024 1149 3089 63,
1169 3007 1217 3091 aa)
1242 3016 1273 3072 et
1295 3014 1508 3090 blaximianus,
1533 3015 1583 3073 ad-

304 3102 443 3162 fectabat.
481 3103 585 3177 Neque
610 3101 685 3159 illud
709 3102 858 3161 immerito
882 3101 1053 3161 Disscnium
1077 3102 1218 3162 statuisse
1243 3103 1328 3180 duco,
1352 3103 1430 3162 siout
1453 3102 1583 3162 Tiresias

304 3196 388 3251 vates
411 3192 534 3251 Herculi
565 3191 717 3250 laboribus
744 3194 901 3266 perfuncto
930 3191 1024 3250 vitam
1051 3190 1172 3250 beatam
1200 3192 1230 3249 in
1255 3191 1383 3267 Olympo
1407 3212 1474 3251 curn
1498 3192 1583 3252 Heba

303 3300 394 3340 uxore
418 3281 642 3358 transigendam
666 3280 846 3356 praedixerit
870 3273 916 3362 (41
937 3272 1001 3361 ss),
1025 3280 1069 3338 ita
1092 3281 1255 3340 Pindarum
1284 3301 1403 3356 «proque
1435 3280 1583 3359 Chromio,

305 3371 357 3447 qni
381 3373 411 3427 ot
434 3370 496 3446 ipse
521 3369 638 3429 iuvenis
657 3370 716 3427 iam
736 3370 887 3445 praeclare
907 3390 954 3429 res
972 3370 1106 3448 gesserit,
1129 3372 1199 3445 post
1217 3371 1385 3429 exantlatos
1404 3370 1521 3429 labores
1540 3391 1583 3430 se-

302 3479 404 3518 renam
424 3462 607 3518 senectutem
629 3479 697 3517 cum
716 3458 827 3518 blanda
847 3479 939 3518 uxore
959 3459 1160 3537 peragendam
1181 3459 1352 3534 vaticinari;
1372 3460 1414 3518 sic
1432 3460 1512 3519 onim
1532 3480 1583 3537 op·

304 3549 375 3607 tirno
396 3548 571 3626 explicatur,
596 3568 655 3625 quo
680 3552 768 3624 pacto
788 3548 963 3607 felicitatem
981 3549 1066 3607 illam
1086 3548 1223 3607 Herculis
1242 3549 1414 3609 laetissimis
1433 3549 1583 3609 coloribus

304 3656 449 3696 exornans
473 3638 580 3696 eximio
604 3638 729 3697 carmini
752 3637 840 3698 finem
864 3642 953 3714 poeta
976 3638 1153 3713 imposuerit
1177 3630 1330 3718 (aa—7⁴3).
1377 3638 1461 3708 Quod
1481 3642 1582 3698 autem

304 3727 451 3785 Pindarus
480 3749 537 3787 non
567 3727 626 3785 iam
658 3748 677 3786 a
704 3728 837 3804 mythice
865 3728 1035 3786 narratione
1065 3727 1103 3785 ad
1131 3726 1274 3786 victorem
1298 3727 1398 3803 ipsum
1421 3727 1523 3806 rediit,
1553 3728 1582 3787 id

303 3815 440 3875 similiter
463 3817 579 3892 etipse
603 3817 639 3875 N.
664 3836 682 3873 x
707 3820 738 3875 et
760 3817 904 3878 Horatius
928 3836 951 3878 c.
971 3835 1005 3873 ιιι
1030 3829 1045 3875 6
1070 3816 1212 3874 instituit.

847 3969 892 4035 De
914 3971 1037 4036 metris.

391 4084 488 4141 blatra
511 4084 624 4162 egregii
643 4084 733 4143 huius
753 4084 894 4143 carminis
922 4083 1216 4159 dactylo-epitritica
1240 4087 1326 4161 sunt,
1350 4105 1368 4143 a
1389 4088 1488 4145 vetere
1513 4087 1581 4146 sim·

302 4173 437 4248 plicitate
457 4173 547 4230 buius
566 4174 683 4249 generis
702 4174 866 4232 cauninum
882 4174 926 4231 ita
941 4173 1061 4250 deflexa,
1076 4178 1112 4230 ut
1125 4175 1245 4248 practer
1259 4173 1403 4248 tripodias
1418 4175 1582 4251 dactylicas

302 4261 392 4320 etiam
422 4262 607 4337 tetrapodiae
637 4263 783 4322 admissae
807 4263 869 4322 sint
892 4256 958 4343 (str.
984 4274 999 4320 6
1023 4283 1068 4338 ep.
1092 4254 1137 4341 a),
1166 4281 1243 4337 quae
1272 4263 1374 4321 eadem
1399 4264 1526 4324 variatio
1551 4267 1580 4325 in

301 4350 482 4409 carminibus
507 4349 541 4409 Ο.
565 4370 608 4428 vr,
637 4353 669 4411 P.
694 4372 737 4430 rv,
766 4353 802 4410 N.
826 4373 858 4428 v,
886 4352 908 4410 I.
933 4371 952 4410 v
981 4351 1117 4411 occurrit.
1165 4351 1312 4427 Strophac
1340 4372 1443 4411 versus
1467 4356 1581 4429 priruus

302 4443 332 4497 ct
363 4441 523 4516 secundus,
559 4442 665 4498 tertius
698 4448 728 4500 et
760 4444 887 4518 quartus
917 4441 1117 4501 continuitate
1145 4460 1336 4501 numerorum
1366 4443 1445 4501 iuter
1472 4462 1502 4502 se
1533 4465 1579 4504 co-

302 4530 423 4587 haerere
447 4529 595 4587 videntur.
633 4531 745 4589 Verum
769 4551 837 4590 cum
862 4531 888 4589 ci
912 4531 1041 4589 licentiis
1064 4531 1166 4588 hiatus
1186 4536 1246 4596 (vv.
1263 4542 1305 4590 28.
1321 4524 1369 4603 64)
1393 4535 1424 4590 et
1447 4533 1580 4607 syllabae

301 4617 441 4693 ancipitis
469 4610 530 4697 (vv.
555 4630 597 4677 37.
622 4612 679 4698 57.)
706 4621 776 4694 plus
804 4621 895 4679 semel
924 4620 1063 4696 dirempti
1093 4620 1165 4696 sint,
1190 4620 1218 4677 in
1244 4620 1379 4698 singulos
1403 4640 1506 4680 versus
1531 4644 1581 4682 eos

301 4706 480 4783 coniungere
507 4708 655 4786 dubitavi,
685 4710 780 4787 magis
808 4713 844 4767 ut
871 4730 908 4769 uo
936 4712 1055 4768 mutata
1081 4729 1220 4768 versuum
1244 4709 1451 4769 numeratione
1477 4712 1580 4771 turbas

301 4816 457 4875 moverem,
482 4816 573 4875 quam
598 4798 678 4875 quod
701 4798 893 4859 Boeclrhiana
916 4799 1022 4859 divisio
1047 4799 1119 4857 mihi
1144 4799 1240 4875 magis
1263 4798 1454 4874 probabatur.
1493 4802 1580 4863 Corte
