3406 5378
266 353 311 417 26
737 354 886 407 emnam
905 354 1071 407 ammom,

265 522 296 580 in
326 522 456 581 carmine
481 522 515 585 Ο.
539 542 574 581 ιιι
603 524 727 583 summis
756 523 944 582 lineamentis
975 522 1182 598 adumbrasse,
1217 525 1321 597 postea
1351 522 1381 579 in
1412 523 1542 581 carmine

266 610 299 670 Ο.
317 631 326 667 ι
346 611 530 686 splendidius
553 633 709 673 exornasse
733 618 763 672 et
785 613 978 689 perpolivisse
1002 612 1143 671 dieamus.
1169 610 1331 669 Cantatum
1351 612 1405 670 hoc
1424 631 1543 671 carmen

265 704 310 758 est
331 700 422 759 sacris
437 701 613 761 Theoxeniis
631 704 853 778 Dioscurorum,
868 721 995 777 quorum
1014 701 1110 760 favori
1125 701 1220 760 Thero
1235 700 1392 760 victoriam
1407 699 1541 776 Olympi-

265 809 331 848 cam
354 790 459 848 debere
482 791 635 850 ferebatur
663 785 705 872 (v.
730 791 818 850 schol.
844 791 881 848 ad
905 781 1016 870 insen).
1062 790 1176 850 Horum
1200 789 1294 866 igitur
1317 808 1467 849 sacrorum
1490 810 1540 865 op·

265 879 452 955 portunitate
476 880 572 939 Thero
596 881 733 940 similiter
756 883 847 956 atque
871 879 1052 939 (larneorum
1076 878 1246 938 Arcesilaus
1265 870 1312 959 (P.
1327 870 1360 958 v)
1387 897 1460 937 usus
1479 896 1541 938 esse

264 967 395 1044 videtur,
426 971 462 1026 ut
490 969 648 1028 victoriam
672 968 859 1045 Olympieam
888 970 974 1027 Musa
1004 968 1139 1045 Pindari,
1171 969 1298 1027 fortasse
1326 970 1393 1026 tum
1420 968 1481 1026 iam
1509 969 1540 1025 in

265 1056 368 1116 Sicilia
391 1058 610 1135 commorantis,
634 1058 730 1116 denuo
750 1062 780 1117 ct
798 1058 916 1134 publice
939 1058 1147 1117 celebrandam
1165 1060 1291 1116 curaret.
1329 1057 1540 1133 Namque'boe

264 1165 381 1204 carmen
401 1166 460 1205 non
477 1147 574 1205 solum
591 1147 622 1205 in
639 1147 788 1206 codicibus
809 1151 878 1223 post
895 1146 928 1207 Ο.
943 1166 966 1204 ιι
983 1148 1161 1206 collocatum
1180 1151 1234 1223 est,
1254 1146 1304 1204 sed
1323 1146 1415 1204 etiam
1434 1149 1541 1205 auctor

264 1235 403 1293 carminis
433 1236 495 1311 ipse
526 1239 557 1295 et
584 1256 672 1295 versu
700 1239 807 1312 quarto
838 1228 1024 1317 (νεοσίγαλον
1046 1233 1163 1314 εὑρόντι
1192 1233 1314 1314 τρόπον·
1342 1235 1378 1296 cf.
1401 1235 1425 1295 Ι.
1449 1255 1468 1294 ν
1492 1229 1540 1316 63)

264 1326 295 1382 ct
317 1327 382 1383 toto
406 1328 582 1402 argumento
607 1325 755 1402 caminia,
779 1345 838 1402 quo
862 1324 1047 1401 prooemium
1070 1325 1209 1384 carminis
1233 1324 1407 1401 superioria,
1428 1324 1462 1384 Ο.
1478 1344 1498 1381 ιι
1515 1337 1540 1400 ι,

264 1413 398 1489 respicit,
428 1413 484 1473 hoe
514 1415 637 1473 tertium
666 1435 785 1474 carmen
813 1418 882 1490 post
904 1415 1066 1474 secundum
1089 1415 1234 1490 scriptum
1257 1432 1319 1473 esse
1349 1412 1539 1491 significavit.

265 1502 343 1560 Nolo
374 1505 474 1561 tamen
505 1503 623 1563 silentio
653 1504 891 1580 praetermittere
921 1504 1103 1563 Boeclrhium
1131 1503 1295 1580 Berglriurn
1318 1502 1394 1561 alios
1417 1503 1448 1560 in
1471 1521 1539 1561 eon-

264 1590 388 1649 trarium
419 1592 598 1650 sententiam
628 1594 780 1670 inclinare,
806 1595 842 1650 ut
867 1592 997 1668 primum
1026 1595 1146 1668 poetam
1177 1593 1231 1651 hoc
1261 1590 1391 1649 cannino
1422 1591 1540 1666 publice

264 1680 421 1739 victoriam
445 1680 597 1757 Theronis,
621 1682 726 1740 deinde
750 1682 879 1740 carmine
899 1682 1027 1741 secundo
1050 1681 1129 1740 inter
1152 1680 1285 1756 privatos
1307 1680 1437 1756 parietes
1456 1699 1541 1756 prae-

265 1769 377 1828 dicasse
408 1770 527 1829 ducant.
579 1771 713 1847 Denique
743 1771 878 1829 fabulam
908 1771 944 1829 de
974 1770 1101 1829 Hercule
1132 1769 1283 1829 conditore
1315 1767 1540 1845 Olympicorum

263 1858 402 1917 ludorum
430 1858 490 1917 iam
518 1862 607 1918 antea
635 1879 653 1917 a
681 1862 770 1935 poeta
801 1859 930 1919 carmine
955 1857 988 1917 Ο.
1012 1878 1032 1916 ιι
1055 1860 1120 1918 fuse
1149 1860 1309 1918 tractatam
1340 1876 1402 1917 esse
1426 1877 1540 1918 moneo.

807 2029 853 2097 De
876 2031 997 2096 metris.

352 2162 478 2219 Carmen
507 2161 718 2238 gravissimum
743 2162 780 2220 ad
807 2161 965 2238 antiquam
989 2166 1019 2221 et
1042 2181 1175 2221 severam
1207 2180 1342 2220 normam
1374 2161 1539 2221 carminum

264 2249 622 2326 dactylo-epitritieorum
641 2252 839 2327 compositum
859 2256 912 2327 cst,
931 2251 1010 2310 unde
1030 2251 1111 2329 quod
1129 2255 1220 2326 poeta
1242 2251 1412 2329 νεοσίγαλον
1431 2249 1540 2329 τρόπον

261 2358 292 2398 se
324 2338 472 2398 invenisse
502 2338 575 2398 dicit
603 2332 644 2420 (ι.
668 2333 714 2419 4),
745 2360 803 2399 non
833 2360 944 2400 novum
974 2341 1123 2417 quendam
1147 2342 1177 2398 et
1200 2343 1290 2399 antea
1317 2359 1376 2399 non
1401 2340 1538 2399 auditum

260 2429 382 2487 modum
413 2447 443 2487 se
474 2448 621 2505 promere,
652 2430 702 2487 sed
733 2430 1005 2506 dactylo-epitritos
1035 2429 1125 2489 huius
1153 2429 1292 2487 carminis
1319 2447 1337 2487 a
1365 2429 1538 2507 paeonibus,

261 2517 370 2593 quibus
401 2517 432 2575 in
462 2517 649 2576 antecedenti
678 2518 808 2577 carmine
836 2538 909 2578 usus
940 2523 1029 2595 osset,
1060 2519 1192 2578 diversos
1215 2537 1278 2577 esse
1302 2518 1457 2595 signifieat.
1503 2518 1538 2576 In

259 2606 362 2664 metris
380 2606 459 2665 enim
478 2607 697 2665 conformandis
717 2608 790 2666 adeo
810 2608 885 2665 nihil
904 2612 994 2685 poeta
1014 2607 1145 2684 novavit,
1164 2610 1200 2666 ut
1218 2590 1329 2667 formas
1348 2607 1539 2684 epitritorum

261 2698 292 2753 ct
310 2695 528 2770 dactylicarum
547 2696 745 2770 tripudiarum
765 2697 843 2755 solas
862 2697 1032 2756 adhibuerit
1051 2700 1081 2755 et
1096 2697 1259 2755 secundum
1276 2700 1409 2756 veterem
1425 2716 1539 2755 morem

259 2784 426 2843 carminum
454 2792 646 2861 σχοινοτενῶν
675 2778 725 2863 (cf.
745 2785 781 2843 fr.
802 2778 849 2864 ιιι)
879 2786 1018 2861 strophae
1048 2805 1151 2844 versus
1180 2789 1312 2862 quatuor
1338 2785 1537 2844 continuitate

260 2892 451 2932 numerorum
470 2873 663 2932 coniunxerit.
696 2873 793 2949 Epodi
818 2875 1027 2949 rhythmorum
1050 2893 1154 2935 cursus
1176 2875 1269 2950 paulo
1289 2874 1466 2934 concitatior
1484 2876 1538 2951 est,

259 2962 309 3020 sed
332 2981 368 3019 nc
392 2961 440 3019 hic
465 2961 584 3036 quidem
610 2962 640 3019 in
664 2962 768 3021 mediis
790 2963 925 3021 versibus
949 2983 1093 3039 umquam
1111 2967 1226 3024 rectum
1245 2963 1379 3023 ordinem
1398 2982 1537 3023 numero-

257 3070 325 3108 rum
344 3049 514 3124 interrupit.
552 3050 653 3110 Dorici
672 3071 741 3110 vero
760 3052 850 3127 modi,
875 3053 984 3128 quibus
1007 3072 1124 3112 carmen
1148 3053 1347 3129 compositum
1371 3056 1417 3111 est
1440 3045 1481 3132 (v.
1496 3045 1537 3130 ο),

258 3139 376 3217 egregie
407 3138 553 3216 gravitati
583 3143 614 3196 et
643 3141 816 3199 austeritati
846 3161 1038 3201 numerorum
1069 3141 1439 3218 dactylo-epitriticorum
1468 3161 1536 3201 con·

257 3227 383 3288 veniunt
398 3260 440 3266 --
456 3229 619 3286 Cantatum
643 3232 689 3287 est
712 3250 829 3289 carmen
845 3250 863 3289 a
878 3231 966 3290 choro
986 3224 1026 3311 (r.
1043 3222 1074 3312 o)
1090 3231 1198 3290 fidibus
1222 3236 1253 3289 et
1276 3230 1358 3289 tibiis
1377 3230 1536 3290 accinenti-

258 3316 313 3374 bus
337 3306 379 3396 (v.
403 3307 435 3396 8)
459 3317 490 3374 in
515 3317 691 3376 Theoxeniis
718 3318 933 3378 Dioscurorum
957 3311 998 3399 (ι.
1024 3314 1060 3398 1).
1107 3320 1217 3379 Utrum
1247 3322 1349 3378 autern
1372 3320 1403 3378 in
1426 3338 1537 3396 pompa

258 3406 296 3463 ad
319 3405 422 3464 aedem
446 3405 660 3465 Dioscurorum
684 3410 839 3467 cantatum
862 3409 909 3486 sit,
935 3428 1011 3484 quae
1035 3409 1264 3468 scholiastarum
1290 3408 1391 3485 opinio
1415 3412 1461 3467 est
1484 3402 1536 3489 (ad

256 3487 357 3570 v.10l,
382 3515 420 3552 an
443 3494 522 3553 inter
545 3496 649 3572 epulas
672 3497 817 3575 publicas,
841 3498 950 3574 quibus
974 3498 1004 3555 in
1028 3497 1119 3556 saeris
1134 3497 1370 3557 Theoxeniorum
1389 3498 1535 3574 populum

257 3583 352 3659 excipi
377 3583 500 3642 solitum
528 3603 590 3642 esse
623 3587 756 3661 exemplo
785 3586 985 3663 Euphorionis
1014 3587 1094 3662 apud
1126 3587 1233 3646 Herod.
1258 3605 1289 3644 vr
1314 3598 1363 3645 ιιι
1387 3584 1535 3663 docemur,

255 3692 314 3731 non
346 3673 512 3748 praefracte
542 3673 704 3734 diiudicare
735 3676 845 3751 ausim,
881 3676 932 3735 scd
967 3679 1066 3733 tamen
1102 3676 1230 3750 priorem
1266 3675 1446 3735 sententiam
1477 3674 1535 3733 sre-

257 3762 361 3838 quenti
385 3763 522 3821 nnacrusi
547 3767 577 3821 et
600 3768 694 3822 mclro
718 3758 782 3823 κατ’
807 3762 944 3824 ἐνόπλιον
968 3764 1168 3823 commendari
1192 3765 1338 3825 existimo.

1305 3960 1385 4041 Σιρ.
1409 3953 1453 4019 α’.

353 4061 575 4144 Τννὸαρίὸαις
598 4085 631 4125 ιε
656 4062 856 4145 φιλοξείνοις
879 4061 972 4126 ἁδεῖν
996 4064 1248 4149 καλλιπλοκάμῳ
1272 4060 1310 4128 c’
1331 4059 1446 4149 Ἑλένᾳ

344 4167 478 4230 κλεινὰν
500 4165 701 4251 Ἀκράγαντα
725 4172 890 4252 γεραίρων
912 4169 1063 4253 εὔχομαι,
1487 4168 1494 4177 ’

1527 4238 1536 4263 Ι

326 4394 405 4427 suuis
426 4395 528 4429 arcuo.
563 4378 646 4431 lnsrr.
662 4399 698 4451 τῳ
717 4379 791 4450 αὐτῷ
812 4377 922 4448 ἅρματι.
951 4379 1086 4445 Θεοξένια
1103 4380 1168 4447 AC,
1188 4384 1224 4452 τῷ
1244 4381 1319 4453 αὐτῷ
1339 4380 1378 4444 εἰς
1399 4378 1533 4446 Θεοξένια
1610 4376 1617 4385 ’

254 4448 317 4502 BD
338 4480 369 4485 —
392 4453 415 4500 1.
435 4445 557 4515 φιλοξίν,
576 4450 634 4503 130
651 4481 683 4490 -

325 4607 514 4643 connnrrsan.
551 4609 576 4644 v.
599 4608 617 4645 1.
645 4591 815 4660 Tyndaridis
838 4595 923 4662 poeta
947 4592 1058 4661 placere
1078 4594 1151 4658 vult,
1171 4594 1247 4662 quod
1266 4611 1378 4649 carmen
1397 4595 1427 4649 in
1445 4593 1534 4649 saeris

253 4659 480 4730 Tyndaridarum
499 4661 675 4730 cantabatur,
696 4663 726 4717 id
744 4664 817 4731 qnod
834 4668 862 4718 et
876 4668 969 4717 vetere
988 4664 1171 4735 inscriptione
1186 4665 1226 4727 τίς
1242 4666 1377 4731 Θεοξένια
1391 4665 1535 4720 indicatur

254 4736 283 4787 ct
306 4731 490 4786 adnotatione
513 4731 670 4787 Aristarchi
693 4738 872 4789 confirmatur
895 4734 924 4787 in
948 4735 1074 4790 scholiis:
1100 4733 1223 4804 Ἀρίσταρ
1243 4734 1273 4799 le
1290 4756 1361 4805 φησι
1379 4736 1457 4805 παρὰ
1475 4745 1534 4800 τοῖς

252 4799 474 4873 Ἀκραγαντίνοις
492 4804 540 4857 διὰ
559 4813 639 4874 τιμῆς
658 4800 729 4861 εἶναι
750 4809 815 4870 τοὺς
829 4806 1018 4875 Διοσκούρους
1033 4808 1080 4861 καὶ
1094 4804 1201 4881 πατρίῳ
1221 4757 1283 4862 doec
1302 4808 1349 4861 λαὶ
1364 4815 1417 4863 νῦν
1432 4809 1535 4872 αὐτοὺς
