3406 5378
737 1140 907 1210 [aaaron.
927 1139 966 1209 ι’]

576 1302 808 1387 asnia.
851 1302 1125 1388 ΑΡΓΕΙΩι

745 1497 955 1551 ΠΔΔΑΙΣΤΗι.

762 1778 942 1849 strophae.

576 1912 595 1937 υ
710 1888 1099 1959 av--Lw.wQ

301 3369 426 3429 Carmen
456 3370 511 3429 boo
539 3370 635 3448 magis
663 3369 693 3427 in
721 3370 863 3429 honorem
890 3370 994 3447 populi
1018 3371 1124 3448 Argivi
1148 3390 1238 3445 quain
1267 3371 1340 3431 aivis
1365 3373 1494 3455 Thesei,

211 3459 298 3517 Uliaa
322 3458 385 3535 filii,
409 3459 607 3535 compositum
631 3462 684 3518 est.
730 3459 759 3517 ls
782 3460 861 3518 enim
885 3463 955 3518 ante
978 3478 1097 3518 versum
1121 3471 1154 3518 ‘24
1179 3461 1298 3520 omnino
1322 3481 1380 3520 non
1406 3483 1491 3524 oom-

211 3551 403 3625 memoratur,
426 3567 520 3624 neque
544 3550 713 3624 praeclarae
738 3548 802 3606 eius
820 3548 963 3607 victoriae
985 3549 1111 3624 Pythiae
1130 3549 1295 3608 Nemeaeae
1315 3550 1492 3632 isthmieae,

211 3653 287 3712 quas
315 3637 427 3695 multas
453 3641 620 3713 reportasse
649 3637 760 3696 dieitur
782 3631 823 3718 (v.
842 3631 904 3715 ab),
927 3641 1020 3713 eaput
1042 3637 1162 3714 epinieii
1186 3637 1333 3716 efficiunt,
1358 3640 1408 3698 sed
1434 3642 1490 3701 do-

210 3725 334 3784 mestica
355 3726 457 3801 palma
479 3726 673 3801 Heraeorum,
697 3745 774 3801 quae
798 3729 828 3785 et
850 3727 942 3801 paulo
966 3728 1035 3785 ante
1059 3727 1176 3786 Theseo
1200 3727 1342 3805 obtigisse
1364 3728 1491 3789 videtur

210 3818 241 3872 et
259 3814 364 3873 ceteris
383 3815 438 3874 boo
462 3815 580 3874 nomine
601 3815 781 3892 praestabat,
808 3815 888 3891 quod
913 3815 1032 3874 Heraea
1051 3815 1081 3873 in
1100 3815 1241 3874 bonorem
1261 3817 1391 3894 Argivae
1411 3818 1488 3880 deae

210 3903 384 3981 agebantur,
408 3903 494 3963 ouius
518 3903 548 3960 in
571 3903 663 3963 saeris
686 3904 783 3964 neseio
808 3923 846 3962 an
869 3904 924 3963 boo
947 3922 1065 3963 carmen
1088 3908 1243 3964 cantatum
1262 3906 1310 3965 sit.
1347 3906 1489 3969 Theseus

210 3992 273 4068 ipso
292 3993 431 4051 similiter
449 3995 540 4068 atque
559 3992 706 4070 Diagoras
725 3993 868 4069 Rhodius,
887 3993 1050 4068 Xenophon
1066 3992 1247 4071 Corinthius,
1266 3995 1488 4069 prarmostus

209 4081 330 4155 Locrus,
353 4080 457 4139 multis
480 4081 613 4140 victoriis
637 4082 735 4141 luctae
755 4082 879 4141 florebat
898 4085 928 4140 et
946 4082 1085 4159 gymnica
1104 4083 1203 4141 studia
1222 4103 1241 4141 a
1260 4084 1363 4141 matris
1383 4085 1488 4144 fratri-

208 4170 264 4228 bus
302 4170 388 4245 quasi
425 4170 589 4229 hereditate
626 4174 781 4247 acceperat
813 4161 885 4251 (37).
941 4170 1023 4240 Quae
1057 4171 1177 4247 quidem
1211 4173 1312 4230 studia
1343 4178 1433 4249 poeta
1468 4196 1488 4235 a

210 4259 401 4335 Tyndaridis,
432 4258 485 4334 qui
516 4259 689 4335 PamphaiS,
719 4260 809 4319 unius
839 4278 875 4317 ex
904 4260 1066 4319 maioribus
1094 4260 1172 4338 eius,
1199 4261 1331 4337 hospites
1354 4262 1487 4342 fuerant,

208 4347 364 4405 derivabat
391 4341 433 4428 (v.
457 4342 519 4428 49),
547 4349 609 4407 sive
637 4348 749 4408 famam
776 4351 906 4407 veterem
933 4352 1067 4426 secutae,
1095 4349 1157 4409 sive
1186 4350 1265 4425 quod
1293 4369 1378 4409 saera
1403 4352 1486 4426 Tyn·

209 4435 380 4495 daridarum
408 4436 439 4495 in
469 4441 557 4515 gente
582 4437 646 4496 eius
668 4442 804 4497 materna
833 4437 1014 4496 hereditaria
1036 4442 1122 4497 erant
1145 4431 1196 4519 (of.
1216 4439 1306 4498 sohol.
1325 4439 1357 4498 P.
1376 4459 1387 4496 1
1408 4435 1486 4523 127),

208 4524 446 4585 familiaritatem
477 4527 627 4602 quandam
657 4527 735 4586 inter
765 4525 896 4603 Tyndari
925 4525 1003 4586 filios
1032 4532 1063 4586 et
1092 4532 1244 4587 auctorem
1268 4528 1365 4605 gentis
1390 4529 1485 4589 inter-

208 4614 328 4673 oessisse
348 4615 498 4693 colligens
536 4617 580 4673 De
600 4619 742 4692 ternpore,
766 4635 825 4692 quo
849 4615 904 4674 boo
927 4634 1044 4674 carmen
1065 4618 1210 4694 seriptum
1234 4616 1281 4693 sit,
1306 4617 1380 4674 nibil
1404 4638 1484 4678 oom-

207 4707 325 4778 pertunr
345 4704 497 4762 babemus.
536 4704 631 4764 Acuta
651 4709 752 4764 autern
770 4704 925 4763 Disaenius
944 4726 979 4763 ex
999 4725 1042 4786 oo,
1062 4707 1141 4782 quod
1162 4706 1281 4765 fabulas
1305 4707 1485 4781 Mycenaeas
