3406 5378
218 343 269 400 LII
715 343 996 402 PROLEGOMENA.

218 510 300 595 Equ.
327 511 391 576 559
411 533 459 595 sq.
488 511 560 575 cola
588 510 738 576 similiter
766 509 991 598 conglutinata
1018 516 1161 593 exstant,
1192 509 1300 575 nescio
1331 533 1373 575 an
1401 509 1502 575 etiam

217 640 273 681 eos
293 640 419 702 versus,
443 640 582 703 quorum
601 618 716 683 ultimo
736 619 855 683 cretico
874 618 925 682 vel
945 617 1080 702 epitrito
1100 618 1254 682 catalexis
1274 618 1397 682 anteire
1415 618 1503 683 vide-

216 729 284 808 tur,
314 726 363 790 ita
394 731 562 810 percutere
595 726 705 810 liceat,
737 730 775 790 ut
805 726 955 812 neglecta
986 724 1124 789 catalexi
1156 725 1267 789 cretici
1295 725 1345 789 vel
1374 724 1501 810 epitriti

215 832 305 915 prior
327 855 403 917 pars
428 834 468 898 ad
491 833 586 898 colon
609 833 803 898 antecedens
827 833 1027 916 retrahatur,
1049 836 1086 895 ut

546 935 1166 1024 .2W-osm-om-n(P.16),

304 1053 387 1120 Tum
409 1078 512 1140 paene
535 1055 669 1120 dimidia
690 1078 767 1140 pars
788 1054 1004 1140 tripodiarum
1023 1053 1284 1118 catalecticarum
1303 1077 1377 1119 cum
1396 1054 1500 1118 altera

214 1161 357 1245 tripodia
384 1162 558 1228 coniuncta
585 1167 649 1247 est,
676 1167 713 1226 ut
736 1160 773 1226 0.
792 1180 827 1225 iv
849 1164 876 1226 7.
905 1178 967 1223 xiv
987 1162 1015 1224 7.
1047 1158 1081 1224 Ρ.
1101 1178 1126 1224 11
1150 1184 1198 1245 ep.
1219 1163 1247 1225 1.
1267 1164 1296 1228 3.
1326 1179 1374 1224 vu
1398 1183 1447 1244 ep.
1470 1165 1500 1226 1.

213 1267 287 1332 P.x
305 1271 335 1333 4.
358 1287 395 1332 xi
414 1271 442 1334 6.
466 1268 507 1334 N.
527 1287 566 1332 111
589 1291 637 1353 ep.
657 1271 686 1335 3.
710 1270 739 1333 4.
764 1288 800 1332 vr
820 1270 849 1333 6.
873 1286 923 1331 vn
942 1290 990 1352 ep.
1010 1269 1039 1333 3.
1058 1269 1088 1332 4.
1112 1267 1137 1332 Ι.
1157 1285 1218 1331 vm
1238 1269 1267 1333 5.
1300 1268 1369 1332 Has
1388 1274 1498 1333 autem

213 1375 371 1460 tripudias
399 1376 428 1441 si
456 1376 651 1462 coniungere
680 1375 828 1460 audebis,
854 1398 894 1440 ex
917 1374 1042 1439 duabus
1066 1373 1216 1459 tripodiis
1240 1398 1323 1440 unus
1350 1375 1500 1440 trimeter

213 1483 341 1568 evadet,
365 1488 402 1546 ut

324 1588 1388 1684 :amos-.-omosssso-ooi..=.o.oo-(l.vl115).

303 1705 427 1769 Deinde
456 1705 616 1789 dactylica
644 1705 785 1790 tripodia
810 1704 949 1789 dipodiis
973 1705 1124 1770 immixta
1146 1705 1275 1769 facilius
1298 1705 1376 1770 ferri
1399 1727 1497 1789 posse

214 1811 342 1876 videtur
373 1835 470 1896 quam
502 1811 692 1898 logaoedica
724 1818 757 1876 et
785 1813 965 1897 trochaica,
997 1811 1149 1896 quoniam
1177 1811 1338 1895 tripedica
1368 1812 1497 1876 scansio

212 1940 324 1983 versus
348 1919 500 2003 dactylici
523 1918 703 1984 hexametri
726 1918 800 1982 inde
824 1918 864 1982 ab
887 1918 1123 2002 antiquissimis
1143 1918 1344 2003 temporibus
1363 1918 1498 2003 propria

211 2024 290 2109 fuit,
312 2029 345 2088 et
369 2026 453 2110 apud
473 2025 617 2090 scenicos
636 2029 750 2110 poetas
766 2023 907 2088 Graecos
926 2024 1105 2107 dactyhcae
1124 2024 1284 2108 tripodiae
1303 2024 1497 2109 tetrapodiis

210 2130 423 2217 logaoedicis,
451 2155 524 2197 cum
550 2138 685 2216 utraque
715 2131 898 2196 duodenum
926 2136 1111 2215 temporum
1134 2135 1233 2217 esset,
1259 2154 1326 2196 non
1348 2132 1397 2196 ita
1419 2153 1495 2195 raro

212 2239 375 2304 admixtae
400 2245 484 2304 sunt.

300 2345 447 2430 Denique
479 2346 513 2411 in
546 2346 633 2410 omni
666 2346 727 2411 hac
760 2345 950 2431 quaestione
982 2345 1021 2409 de
1049 2345 1200 2430 tripodiis
1227 2345 1320 2410 iuxta
1347 2344 1496 2430 dipodias

211 2452 351 2518 ferendis
379 2452 520 2518 multum
543 2453 664 2535 differt,
692 2458 798 2518 stetne
821 2453 908 2517 inter
931 2453 1110 2518 canendum
1134 2453 1251 2518 chorus
1276 2476 1317 2518 an
1339 2452 1495 2537 procedat

209 2560 406 2646 paribusque
433 2559 584 2645 passibus
614 2560 782 2649 spatietur.
830 2559 874 2624 Ut
902 2559 989 2624 enim
1016 2582 1132 2644 passus
1156 2560 1385 2625 choreutarum
1408 2559 1495 2624 inter

212 2667 391 2731 canendum
418 2667 663 2752 procedentium
691 2666 873 2751 dipodicam
899 2667 1140 2750 percussionem
1164 2671 1293 2731 tantum
1316 2689 1381 2730 non
1405 2666 1496 2751 flagi-

211 2778 297 2857 tant,
324 2773 373 2838 ita
401 2772 436 2837 in
464 2773 605 2839 carmine
634 2796 653 2836 a
681 2776 788 2837 stante
817 2772 916 2836 choro
944 2772 994 2836 vel
1023 2778 1154 2838 cantore
1180 2778 1310 2838 cantato
1335 2773 1494 2857 tripodiae

209 2881 301 2944 iuxta
334 2881 480 2965 dipodias
513 2878 591 2943 ferri
620 2901 715 2964 posse
745 2884 779 2943 et
810 2879 876 2943 iam
904 2902 923 2943 a
949 2879 1096 2945 Lesbicis
1123 2881 1229 2965 poetis
1257 2881 1291 2944 in
1321 2880 1494 2944 notissima

210 2987 359 3071 stropha,
387 3008 469 3071 quae
493 2987 534 3050 ab
552 2983 675 3050 Alcaeo
698 3008 817 3051 nomon
840 2987 955 3072 traxit,
983 2987 1141 3053 admissas
1165 3010 1235 3053 esse
1258 2988 1339 3052 mihi
1364 2987 1494 3071 quidem

208 3116 400 3180 persuasum
424 3099 481 3158 est.
528 3092 643 3177 Neque
666 3116 718 3159 me
740 3094 775 3158 in
798 3116 894 3159 versu
917 3092 953 3159 0.
972 3096 1074 3161 xrvb

582 3211 921 3252 .=.oo.oo1-.³.ol.
948 3213 1119 3253 ἵκω-υ-

209 3297 292 3363 duae
320 3298 479 3382 tripodiae
506 3303 677 3384 tantopere
706 3300 887 3382 offendunt,
915 3305 951 3364 ut
978 3300 1127 3386 neglecta
1156 3300 1243 3363 omni
1272 3299 1491 3363 concinnitate

209 3411 242 3470 et
265 3405 454 3490 symmetria
476 3428 606 3470 versum
628 3405 714 3470 hunc
737 3405 773 3469 in
795 3406 928 3470 modum
1576 3406 1578 3408 ’

582 3513 1116 3564 .·.υυ-υυι’.-υ1.’..υυιυ-

208 3615 376 3695 percutere
395 3610 539 3676 audeam.
572 3609 657 3675 Nam
676 3611 739 3675 hoc
758 3632 885 3697 quoque
903 3609 973 3674 fieri
993 3629 1088 3692 posse
1104 3607 1260 3691 arbitror,
1278 3611 1315 3669 ut
1330 3604 1487 3670 saltantes

208 3739 274 3781 non
291 3717 407 3782 iisdem
426 3723 522 3802 atque
542 3718 726 3803 gradientes
745 3717 872 3802 legibus
887 3720 1065 3780 teneantur.
1098 3713 1294 3779 Praesertim
1308 3713 1343 3777 in
1358 3712 1489 3778 mimica

209 3825 382 3890 saltatione
400 3846 466 3890 non
480 3825 573 3889 video
589 3847 646 3889 cur
659 3824 836 3908 tripodicas
850 3824 972 3908 figuras
988 3822 1146 3906 dipodicis
1160 3822 1342 3888 immiscere
1355 3844 1489 3907 prorsus

208 3953 275 3996 non
298 3931 434 3997 licuerit.
477 3930 601 4006 Quibus
625 3932 663 3995 de
687 3929 796 3995 causis
820 3934 944 3994 utnon
968 3928 1074 3994 facilis
1097 3929 1145 3993 fui
1167 3929 1202 3993 in
1225 3929 1375 4014 tripodiis
1397 3930 1490 3994 iuxta

208 4038 356 4123 dipodias
374 4037 594 4122 admittendis,
611 4037 658 4100 ita
676 4035 956 4100 artificiosioribus
971 4035 1121 4100 remediis
1137 4034 1295 4120 tripodiae
1311 4059 1349 4101 ex
1364 4036 1488 4102 melicis

208 4149 241 4208 et
268 4141 563 4228 hyporchematicis
589 4142 786 4228 carminibus
815 4165 1017 4208 summovere
1045 4142 1168 4207 veritus
1199 4165 1279 4207 sum.
1334 4143 1488 4228 inprimis

209 4250 312 4314 sicubi
345 4250 427 4315 duae
459 4249 607 4334 pluresve
638 4249 798 4334 tripodiae
831 4272 901 4313 sese
934 4249 1113 4335 excipiunt,
1144 4272 1163 4313 a
1192 4250 1487 4315 vehementioribus

209 4355 368 4421 machinis
387 4356 616 4420 abstinendum
634 4355 747 4441 putavi
766 4379 875 4441 neque·
889 4357 921 4422 in
943 4357 1118 4422 schematis
1137 4357 1281 4423 metricis
1300 4381 1372 4423 eam
1391 4379 1488 4441 quam

208 4485 306 4548 supra
330 4462 510 4547 significavi
533 4461 620 4527 viam
643 4463 721 4527 duas
746 4463 906 4550 tripodias
924 4465 960 4529 in
982 4469 1049 4529 tres
1068 4464 1214 4549 dipodias
1233 4464 1487 4530 transformandi

207 4569 334 4654 ingredi
361 4592 459 4634 ausus
487 4593 567 4635 sum
613 4567 660 4635 Ut
683 4570 768 4635 enim
792 4571 826 4635 in
849 4571 977 4637 creticis
1001 4577 1034 4636 et
1057 4571 1284 4638 choriambicis
1307 4571 1488 4656 ionicisque

208 4676 354 4741 versibus
386 4678 502 4742 umbra
535 4679 693 4763 quaedam
725 4678 928 4763 rhythmicae
957 4679 1198 4763 aequabilitatis
1230 4679 1297 4745 ictu
1330 4680 1486 4765 primario

207 4783 298 4867 pedis
322 4785 495 4871 compositi
519 4785 700 4851 catalectici
723 4808 826 4873 aequo
850 4786 1021 4851 intervallo
1045 4788 1198 4852 redeunte
1222 4786 1363 4853 efficitur
