3406 5378
698 1211 853 1266 ΠΤΘΙΟΝ.
874 1208 921 1263 Θ’.

322 1376 834 1460 ΤΕΛΕΣΙΚΡΑΤΕΙ
880 1375 1260 1458 ΚΤΡΗΝΑΙΩι

668 1571 947 1622 ΟΠΛΙΤΟΔΡΟΜΩι

720 1854 896 1925 Strophae.

695 3770 936 3852 Argumentum.

266 3900 461 3959 'selesierates
482 3900 642 3959 Carneadis
661 3900 739 3959 filius
760 3892 800 3980 (v.
817 3894 905 3981 61),e
924 3901 1018 3959 nobili
1037 3902 1125 3977 gente
1145 3898 1308 3975 Cyrenaica
1330 3890 1371 3977 (v.
1388 3894 1452 3968 105)

176 3992 267 4066 ortus,
287 3989 361 4047 duas
382 3990 523 4049 victorias
542 3990 666 4066 Delphis
685 3991 860 4067 reportavit,
879 4010 969 4048 unam
990 3992 1106 4047 armato
1126 4007 1215 4048 eursu
1234 3986 1380 4065 Pythiade
1402 3988 1451 4062 28,

177 4079 302 4136 alteram
328 4079 424 4138 stadio
449 4079 595 4154 l'ylhiade
621 4082 670 4139 30.
709 4079 819 4137 l'n'oris
843 4079 986 4138 victoriae
1009 4081 1234 4138 monumentum
1255 4076 1381 4152 Delphis
1404 4094 1451 4133 ex·

177 4168 290 4244 stabat,
320 4171 421 4226 statua
448 4168 506 4226 viri
534 4169 647 4227 casside
676 4169 798 4244 armal'3
825 4169 902 4228 hane
930 4169 1054 4227 eandem
1076 4167 1232 4226 victoriam
1262 4186 1330 4226 cum
1358 4165 1452 4224 solam

177 4257 317 4332 respiciat
347 4258 402 4317 hoe
433 4276 550 4316 carmen
581 4257 729 4333 Pythiade
755 4259 795 4316 28
816 4283 858 4304 =
878 4259 941 4316 478
966 4250 1061 4337 (474)
1085 4275 1111 4315 a.
1131 4255 1198 4314 Chr.
1222 4256 1368 4332 scriptum
1398 4257 1451 4313 eet.

176 4346 271 4404 Poeta
298 4366 368 4404 vero
402 4347 517 4404 iuvenis
547 4347 660 4424 egregii
690 4348 817 4406 formam
846 4351 876 4405 et
898 4346 1042 4406 virtulem
1070 4350 1134 4404 tam
1161 4346 1245 4405 enixe
1269 4345 1387 4419 laudat,
1416 4346 1453 4401 ut

177 4436 316 4494 interiore
340 4436 470 4510 <laedam
493 4435 699 4495 familiaritate
724 4436 751 4494 ei
775 4436 951 4494 coniunctus
974 4453 1036 4493 esse
1059 4435 1206 4495 videatur.
1248 4436 1350 4511 Atque
1375 4432 1452 4493 odo-

178 4524 277 4583 fredus
301 4525 463 4583 Muellerus
488 4522 623 4584 Orchom.
647 4537 699 4583 340
722 4530 897 4602 utrumque,
921 4527 1042 4600 poetam
1072 4528 1103 4583 et
1132 4525 1288 4600 victorem,
1321 4523 1453 4582 eiusdem

178 4613 276 4691 gentis
298 4614 481 4690 Aegidarum
509 4613 601 4672 fuisse
630 4618 685 4672 aui
712 4616 818 4673 sallem
846 4615 965 4673 habitos
987 4613 1078 4672 fuisse
1102 4614 1293 4692 sagacissime
1316 4612 1453 4690 collegit3

179 4721 255 4778 quae
278 4702 448 4761 coniectura
471 4703 542 4761 lieet
565 4723 624 4763 non
648 4704 728 4763 omni
752 4724 787 4763 ex
809 4709 896 4779 parte
920 4704 1094 4762 continuata
1116 4704 1165 4780 sil,
1188 4721 1329 4781 magnam
1352 4704 1453 4759 tamen

179 4792 269 4850 hebet
299 4792 551 4868 probabilitatem.
603 4793 729 4852 Carmen
757 4798 793 4853 ut
817 4793 925 4852 Thebis
950 4795 1122 4851 cantaretur
1149 4793 1333 4852 destinatum
1360 4790 1452 4849 fuisse
