3406 5378
750 348 898 399 rennuis
920 352 967 403 111.
1429 359 1494 422 343

1294 517 1377 585 Ἀντ.
1396 520 1440 586 α’.

274 613 417 679 εὐκλέων
441 613 470 678 δ’
498 617 605 701 ἔργων
629 617 749 681 άττοινα
772 619 834 703 χρὴ
856 615 917 702 μὲν
939 619 1085 704 ὑμνῆσαι
1107 624 1166 687 τὸν
1189 610 1296 708 ἐσλόν,

274 723 335 805 χρὴ
360 718 396 785 δὲ
419 719 594 805 κωμάζοντ’
624 722 762 805 ἀγαναῖς
784 729 973 811 χαρίτεσσιν
994 729 1165 811 βαστάσαι.

273 830 341 891 ἔστι
365 825 401 892 δέ
424 826 480 893 καὶ
503 830 654 913 διδύμων
675 829 809 918 άέθλων
832 836 990 921 Μελίσσῳ

220 953 253 998 10
272 947 371 1019 μοῖρα
394 937 476 1020 πρὸς
498 936 712 1023 εὐφροσύναν
734 937 850 1024 τρέψαι
874 944 1030 1020 γλυκεῖαν

272 1036 368 1127 ἦτορ,
391 1041 428 1106 έν
450 1042 627 1125 βάσσαισιν
647 1042 783 1129 Ἰσθμοῦ
807 1045 972 1131 δεξαμένῳ
996 1049 1195 1135 στεφάνους,
1218 1053 1258 1118 τά
1281 1050 1317 1118 δὲ
1340 1058 1408 1120 κοί-

316 1153 357 1235 λςι
381 1148 513 1226 λέοντος

272 1255 308 1319 έν
331 1256 562 1343 βαθυστέρνου
586 1258 674 1346 νάιιςι
697 1258 816 1345 κάρυξε
842 1262 956 1344 Θήβαν

271 1489 472 1575 ι’τιιτοδρομίᾳ
495 1489 650 1574 κρατέων.
674 1491 808 1577 ἀνδρῶν
831 1491 861 1557 δ’
889 1492 1009 1579 ἀρετάν

271 1597 447 1679 σύμφυτον
470 1595 510 1660 οὐ
533 1596 725 1682 κατελέγχει.

218 1719 250 1766 15
271 1708 338 1767 ι”στε
361 1704 427 1786 μάν
450 1706 654 1788 Κλεωνύμου

270 1808 371 1887 δόξαν
393 1811 537 1875 παλαιάν
560 1812 718 1897 ἅρμασιν·
1455 1839 1488 1886 25

268 1915 323 1980 καὶ
351 1921 498 2002 ματρόθε
528 1920 791 2002 Λαβδακίδαισιν
818 1922 978 2006 σύννομοι
1006 1924 1152 1988 πλούτου
1180 1925 1362 2010 διέστειχον
1386 1951 1435 1992 τε-

1063 2042 1222 2118 τραρριᾶν
1244 2036 1368 2110 πόνοις.

269 2114 352 2176 αἰὼν
375 2110 411 2176 δέ
434 2114 687 2200 κυλινδομέναις

313 2217 448 2308 άμέραις
468 2219 540 2286 ἄλλ’
561 2223 672 2287 ἄλλοτ’
694 2223 878 2304 ἐξάλλαξεν·
902 2228 1046 2311 ἄτρωτοί
1062 2251 1098 2309 γε
1116 2230 1183 2312 μάν
1201 2230 1315 2305 παῖδες
1334 2238 1433 2296 θεῶν.
1453 2249 1488 2296 30

811 2457 891 2542 [ru]

293 2582 384 2648 Ἔστι
407 2607 463 2668 μοι
486 2590 577 2648 θεῶν
600 2582 690 2649 ἕκατι
711 2585 814 2667 μυρία
836 2592 943 2669 παντᾷ
965 2580 1137 2666 κέλευθος,
1291 2590 1370 2671 Στρ.
1389 2584 1433 2669 β’.

285 2818 307 2864 7.
324 2813 443 2867 εὐκλεῶν
456 2813 519 2866 BD
533 2844 566 2853 -
582 2817 623 2866 11.
640 2811 770 2884 βάσαισιν
784 2813 812 2867 Β
827 2843 860 2852 -
876 2816 917 2865 12.
933 2808 1127 2883 βαθυστέρνου
1141 2811 1234 2867 codd:
1255 2810 1436 2887 βαθυστέρνῳ
1452 2832 1486 2869 ex

212 2883 326 2938 ¹scholiis
339 2884 432 2953 Bergk
443 2915 476 2925 -
487 2890 528 2938 17.
542 2884 751 2956 Ααβδακίδαισι
764 2888 840 2949 ξυνν.
853 2883 1009 2936 Mommsen
1019 2915 1052 2922 -
1062 2882 1184 2937 πλούτου
1198 2884 1273 2939 BD:
1287 2885 1396 2958 πλούτῳ
1411 2886 1483 2941 coni.

214 2957 296 3009 l‘auw
311 2987 343 2994 -
360 2954 498 3025 διέστιχον
516 2956 544 3010 Β
550 2956 586 3023 D,
606 2954 757 3025 διέστειχον
776 2951 932 3010 Hermann:
952 2951 1106 3024 διέστιλβον
1125 2954 1196 3009 coni.
1216 2954 1306 3024 Bulla,
1325 2955 1485 3025 διέτρεψαν

213 3028 431 3096 interpretantur
454 3026 574 3093 scholia3
597 3026 707 3099 πλούτῳ
732 3025 843 3097 διέσχον
868 3027 916 3080 καὶ
942 3045 1011 3094 τετρ.
1026 3023 1125 3089 πόνοις
1142 3025 1273 3097 Hartung
1296 3059 1330 3067 -
1355 3031 1396 3082 18.
1421 3028 1483 3083 ἄλλ’

212 3097 330 3151 ἅλλοντ’
347 3100 374 3152 Β
393 3131 427 3138 -
447 3104 488 3151 19,
504 3114 615 3152 carmen
630 3100 761 3166 quartum
776 3115 838 3151 cum
852 3097 936 3152 tertio
950 3097 1082 3152 cohaeret
1100 3096 1129 3151 in
1147 3098 1186 3166 D,
1206 3114 1294 3152 vacuo
1313 3098 1376 3153 loco
1395 3099 1432 3154 ab
1451 3117 1484 3155 eo

211 3242 338 3310 χρήματα
357 3240 453 3295 σθένει
472 3239 556 3294 οὐδὲν
572 3240 597 3294 εἰ
610 3241 646 3310 μὴ
657 3241 769 3322 βραχὺν
783 3239 911 3310 ὁμιλῆσαι
929 3237 1078 3309 χρόνον-
1095 3247 1118 3295 7.
1139 3239 1227 3309 ἔργων
1246 3239 1352 3295 ἄποινα
1371 3242 1482 3311 apposi-

211 3314 251 3365 tio
270 3312 464 3381 praedicativa
483 3315 525 3365 est
544 3314 699 3365 sententrae
719 3312 840 3381 ὑμνῆσαι
858 3311 907 3365 τὸν
926 3310 1012 3376 ε’σλόν,
1033 3314 1064 3364 ut
1083 3311 1115 3365 Ο.
1130 3331 1168 3364 vir
1183 3328 1215 3366 ιο.
1235 3311 1377 3367 Risu-
1394 3315 1481 3383 σύμ-

213 3393 293 3452 stom
312 3388 341 3437 et
359 3384 521 3453 κωμάζοντα
535 3382 605 3452 (scil.
620 3386 743 3453 poetam)
757 3384 896 3453 χαρίτεσσι
916 3381 1052 3454 βαστάσαι
1072 3383 1286 3453 coniunguntur,
1305 3386 1338 3437 ut
1351 3392 1439 3453 κῶμοι
1454 3388 1483 3438 et

210 3453 307 3508 ἀοιδαί
326 3456 345 3508 Ι.
361 3475 381 3507 ιι
400 3472 424 3509 ει
445 3486 478 3494 -
498 3459 521 3508 9.
541 3455 590 3507 καὶ
609 3454 741 3524 διδύμων,
760 3453 806 3508 vel
825 3455 953 3519 duorum3
979 3453 1051 3507 bene
1071 3457 1165 3508 autem
1183 3457 1268 3523 poeta
1287 3454 1407 3509 alteram
1425 3455 1481 3510 vio-

210 3527 310 3580 toriam
330 3526 511 3591 Nemeaeum,
530 3542 602 3595 quae
621 3543 694 3580 nove
712 3528 881 3593 accesserat,
901 3524 1021 3595 amplius
1040 3529 1201 3595 persecutus
1220 3528 1264 3579 ost
1282 3558 1316 3565 -—
1337 3533 1377 3580 10.
1398 3536 1482 3596 μοῖρα

211 3596 390 3663 ...τρέψειν
415 3596 526 3651 dicendi
550 3615 600 3651 usu
624 3596 746 3651 Pindaro
769 3595 904 3650 familiari
926 3613 976 3665 pro
1015 3605 1079 3663 οῑρα
1101 3597 1215 3664 τοιαύτη
1240 3596 1307 3651 ὥστε
1325 3596 1428 3666 τρέψαι
1448 3631 1480 3638 -

213 3677 251 3722 11.
276 3669 310 3721 τὰ
334 3667 379 3737 δὲ,
402 3668 494 3723 altera
516 3685 550 3723 ex
571 3671 664 3751 μετέω
688 3669 723 3724 cf.
739 3669 769 3725 Ο.
784 3687 813 3722 11
826 3684 852 3723 es
871 3699 904 3708 -
923 3668 959 3721 τά
978 3617 1013 3721 dl
1029 3666 1143 3735 κάρυξε·
1170 3685 1220 3721 suo
1244 3685 1319 3722 more
1342 3669 1480 3723 Pindarus

210 3741 302 3793 variat
320 3739 439 3794 formam
457 3740 607 3801 orationis,
626 3743 658 3794 ut
677 3740 708 3795 Ο.
728 3760 738 3793 ι
757 3756 781 3794 is
796 3757 836 3809 sq.
856 3771 890 3779 —
909 3736 1019 3801 λέοντος
1038 3737 1115 3793 νάιια
1134 3738 1208 3793 velle
1227 3738 1360 3793 Nemeaei
1379 3740 1480 3807 leonis3

210 3811 340 3865 similiter
352 3811 382 3865 P.
398 3830 425 3864 τι
439 3830 452 3867 u
466 3811 538 3866 dixit
552 3812 582 3866 ἐν
598 3810 763 3887 ’λστολλωνέρι
777 3811 855 3886 νάπᾳ
874 3842 907 3851 -
924 3817 964 3863 1¹2.
982 3808 1088 3882 Θήβαν,
1100 3796 1227 3863 Τὴελικω
1240 3813 1390 3880 patronam
1404 3812 1480 3865 urbis

210 3883 368 3936 Thebarum
387 3885 423 3952 (v.
443 3883 463 3938 1.
482 3902 493 3935 1
512 3900 531 3937 1.
551 3902 589 3937 vrr
607 3900 627 3940 1.
655 3883 688 3937 fr.
708 3900 742 3951 aa,
761 3886 784 3952 ο)
807 3886 901 3936 utrum
920 3880 1091 3934 intellexerit
1115 3899 1151 3935 an
1173 3881 1270 3935 urbem
1288 3881 1380 3951 ipsam
1399 3888 1434 3951 (v.
1450 3883 1480 3938 P.

208 3974 236 4005 ιν
256 3972 302 4007 εον,
331 3954 363 4008 fr.
383 3971 430 4022 τοι,
449 3957 485 4022 s),
511 3954 641 4009 dubitare
663 3955 754 4024 possis
778 3986 811 3994 -
836 3959 876 4008 14.
902 3953 934 4006 ob
961 3952 1131 4023 κατελέγχει,
1155 3970 1212 4005 non
1234 3952 1381 4022 indignum
1404 3953 1481 4007 fama

210 4025 347 4078 maiorum
366 4042 394 4079 se
413 4025 542 4095 praebet;
561 4027 595 4080 of.
611 4025 642 4080 O.
658 4045 707 4079 vm
722 4044 754 4080 ιν,
783 4027 802 4080 l.
818 4044 867 4079 vm
885 4041 911 4079 ue
930 4056 962 4064 -
984 4029 1024 4078 17.
1045 4026 1092 4077 nal
1111 4022 1255 4092 ματρόθε-ν
1273 4022 1481 4096 Λαβδακίδαισι

209 4097 356 4166 σύννομον
377 4096 475 4152 schol:
495 4098 531 4160 ὡς
549 4096 621 4151 κατά
640 4096 744 4167 μητέρα
763 4096 819 4151 άπὸ
837 4095 990 4168 Λαβδάκου
1009 4096 1058 4149 καὶ
1079 4093 1231 4157 Οἰδίποδος
1248 4104 1298 4149 τοῦ
1313 4095 1481 4165 Κλεωνύμου

210 4168 289 4230 ὄντος
309 4201 340 4207 -
360 4168 481 4222 πλούτου
500 4169 652 4239 διέστειχον
669 4187 738 4237 τετρ.
758 4165 867 4231 τόνοις·
887 4167 973 4220 verba
993 4165 1016 4219 si
1035 4166 1158 4236 genuina
1178 4169 1255 4233 sunt,
1275 4166 1367 4221 simile
1385 4166 1482 4221 valent

210 4244 294 4307 atquo
313 4241 399 4313 ἀρετᾷ
418 4239 580 4294 κατάκειται
598 4237 759 4308 ἀμφότερον
777 4238 919 4301 δαπάναις
937 4257 966 4291 τε
986 4237 1033 4290 καὶ
1052 4235 1150 4300 πόνοις
1167 4238 1187 4292 l.
1203 4257 1213 4290 1
1227 4255 1265 4292 ss:
1285 4238 1400 4292 divitias
1419 4256 1480 4308 per-

209 4311 363 4364 metiuntur
381 4328 437 4364 non
454 4310 559 4380 ignavi,
579 4312 627 4365 sed
646 4310 790 4366 laboribus
810 4309 952 4365 curulibus
968 4324 1081 4379 operam
1094 4311 1244 4373 navantes;
1264 4308 1311 4363 vix
1326 4309 1400 4363 enim
1414 4308 1482 4364 licet

209 4385 333 4435 statuere
357 4384 385 4435 et
407 4381 535 4435 dativum
557 4384 764 4455 Λαβδακίδαισι
787 4386 816 4436 et
837 4380 999 4452 genetivum
1023 4380 1143 4434 πλούτου
1167 4397 1184 4434 a
1207 4380 1318 4435 nomine
1347 4382 1481 4451 σύννομοι

208 4455 338 4523 pendere,
357 4470 527 4521 quamquam
541 4455 674 4523 σύννομοι
688 4471 751 4507 oum
765 4453 895 4523 genetivo
910 4456 1011 4523 poetae
1026 4455 1054 4505 et
1068 4451 1216 4534 scriptores
1231 4451 1357 4520 iungunt.
1382 4452 1479 4507 Finem

209 4542 274 4579 vero
301 4524 431 4577 earininis
454 4524 531 4577 tertii
554 4525 583 4578 in
607 4524 704 4579 eodem
723 4542 778 4593 quo
797 4524 909 4578 initium
928 4522 1022 4591 quarti
1042 4523 1173 4577 oarmmis
1193 4523 1258 4578 orbe
1278 4524 1481 4578 sententiarum

208 4597 278 4650 vorti
299 4600 382 4665 poeta
400 4595 503 4659 voluit,
522 4613 577 4664 quo
595 4595 707 4650 facilius
728 4597 782 4650 duo
802 4594 926 4650 carmina
950 4594 1081 4665 coniungi
1107 4598 1136 4649 et
1160 4594 1286 4663 copulari
1308 4599 1423 4666 possent
1446 4628 1479 4636 -

211 4675 251 4721 18.
270 4670 369 4730 παῖδες
388 4671 473 4735 θεῶν,
492 4684 542 4737 pro
560 4665 633 4734 θεοί,
653 4670 684 4721 ut
701 4665 849 4722 παίδεσσιν
864 4665 1005 4720 Ἑλλάνων
1023 4682 1073 4736 pro
1085 4663 1217 4720 Ἕλλασιν
1231 4685 1257 4721 v.
1272 4683 1298 4721 τι
1312 4670 1341 4721 et
1354 4667 1404 4722 τδν
1417 4667 1481 4722 υἱὸν

208 4749 257 4792 τοῦ
276 4741 432 4804 ἀνθρώπου
451 4755 501 4808 pro
519 4739 568 4793 τὸν
587 4738 742 4807 ἄνθρωπον
761 4756 778 4791 a
800 4738 996 4794 ,Matthaeum
1015 4737 1227 4808 evangelistam.

280 4818 320 4864 19.
340 4810 441 4880 incipit
459 4828 561 4865 novum
580 4827 701 4878 carmen,
720 4759 807 4864 simili
821 4810 942 4865 formula
956 4813 1041 4878 atque
1055 4826 1168 4864 carmen
1182 4808 1213 4864 0.
1228 4828 1256 4862 ιι
1270 4808 1431 4863 inchoatum
1447 4841 1480 4849 —
