3406 5378
792 1050 946 1104 ΠΤΘΙΟΝ.
966 1051 1009 1103 Z'.

538 1213 890 1296 ΜΕΓΑΚΛΕΙ
931 1213 1266 1298 ΑΘΗΝΑΙΩι

797 1407 1006 1461 ΤΕΘΡΙΠΠΩι.

812 1691 988 1762 Strophae.

781 3511 1021 3592 Argumentum.

351 3641 475 3701 Carmen
508 3643 562 3702 hoc
595 3643 741 3718 scriptum
773 3628 818 3700 est
850 3642 880 3700 in
913 3642 1054 3700 honorem
1086 3640 1212 3715 Pythiae
1247 3639 1388 3698 victoriae
1421 3639 1534 3697 eurulis

262 3730 405 3807 Megaclis
431 3732 621 3808 Hippocratis
644 3731 842 3790 Atheniensis,
889 3728 982 3789 Ortus
1011 3730 1035 3788 is
1063 3733 1128 3788 erat
1155 3729 1190 3787 de
1219 3728 1423 3787 illustrissima
1445 3732 1533 3806 gente

262 3820 365 3879 Attica
387 3821 683 3895 Alcmaeonidarum,
711 3821 746 3878 de
771 3838 832 3896 qua
855 3819 1002 3878 uberrime
1026 3819 1097 3878 olim
1122 3817 1288 3876 lloeelrhins
1311 3817 1395 3893 llxpl.
1416 3828 1468 3874 300
1488 3835 1533 3893 ss,

262 3927 357 3984 nuper
380 3910 552 3985 'l'oepl'erus
575 3909 711 3968 Attische
736 3909 915 3985 Genealogie
939 3920 991 3966 2⁶25
1008 3907 1036 3965 ff.
1059 3907 1295 3983 disputaverunt.
1342 3907 1442 3982 Alqne
1465 3905 1533 3964 Ale-

261 3998 435 4056 maeonidae
460 3998 579 4074 quidem
603 4018 660 4056 non
686 3999 781 4057 solum
803 4016 920 4056 summa
939 3997 968 4054 in
988 3996 1141 4072 republica
1159 3995 1333 4054 Atheniensi
1354 3995 1533 4053 auctoritate

262 4090 292 4146 et
320 4087 455 4162 potentia
485 4087 642 4162 florebant,
671 4087 720 4145 sed
750 4087 840 4145 etiam
871 4105 1022 4145 sacrorum
1052 4085 1190 4144 ludorum
1221 4084 1376 4160 splendore
1406 4084 1533 4161 gloriam

263 4194 334 4234 suae
359 4175 463 4234 domus
487 4195 666 4253 magnopere
691 4176 850 4253 augebant,
874 4175 1020 4250 siquidem
1039 4179 1070 4233 et
1088 4176 1233 4250 templum
1254 4173 1409 4248 Apollinis,
1429 4192 1534 4232 cuma

261 4264 459 4322 Pisistratidis
478 4265 508 4322 in
528 4265 649 4323 exilium
668 4265 764 4323 exacti
784 4268 889 4341 essent,
910 4264 1064 4341 magnifice
1085 4263 1353 4322 exaedificaverunt
1372 4263 1418 4335 (P.
1434 4281 1475 4319 vn
1493 4274 1533 4321 10.

262 4353 331 4412 Her.
351 4372 370 4409 v
390 4365 431 4410 oa.
456 4353 577 4411 Paean
598 4364 622 4429 5,
644 4352 690 4433 13)
710 4357 740 4411 et
759 4354 900 4413 Alcmaeo
920 4351 964 4412 Ol.
981 4355 1021 4412 47
1038 4345 1153 4433 (polius
1169 4356 1208 4413 57
1226 4371 1281 4411 seo.
1300 4351 1485 4411 Boeckhium
1504 4354 1534 4409 et

263 4441 406 4500 Herodoti
425 4434 567 4523 interpp.)
585 4442 800 4502 nobilissimam
815 4443 970 4501 victoriam
986 4440 1173 4518 Olympicam
1189 4441 1343 4518 quadrigis
1358 4444 1534 4499 consecutus

262 4535 308 4588 est
322 4534 363 4608 lv.
379 4531 468 4590 schol.
485 4532 521 4589 ad
541 4531 626 4589 inser.
642 4536 672 4590 et
691 4532 799 4591 Herod.
814 4550 845 4591 vr
863 4523 936 4611 125).
964 4531 993 4589 Is
1012 4551 1140 4607 quoquo,
1155 4531 1207 4607 qui
1226 4530 1281 4589 hoc
1300 4529 1429 4588 carmine
1449 4549 1532 4605 prae-

262 4619 387 4696 dicatur,
410 4620 557 4697 llegacles
577 4623 645 4679 ante
664 4621 804 4697 Pythiam
823 4620 979 4680 victoriam
999 4621 1073 4679 alias
1092 4621 1232 4680 victorias
1254 4618 1408 4679 Isthmicos
1428 4621 1458 4676 et
1476 4618 1533 4693 Py-

263 4708 358 4767 thicas
382 4713 595 4787 reportaverat,
619 4728 816 4787 quamquam,
840 4730 900 4786 qua
923 4709 1121 4786 ambiguitate
1145 4709 1261 4767 dicendi
1284 4707 1431 4765 l’indmms
1454 4727 1480 4766 v.
1502 4719 1533 4765 17
