3406 5378
533 365 570 416 II.
597 365 647 415 Da
665 365 760 416 ARTE
777 366 937 417 METRICA
956 367 1112 418 PlNDARI.
1370 364 1461 419 XXXI

181 531 297 590 tarum.
343 525 466 590 Eadem
494 529 603 590 autem
631 526 697 591 iam
720 528 824 592 multo
848 527 1087 613 antiquioribus
1109 528 1314 611 temporibus
1336 529 1460 594 radices

179 654 255 697 suas
288 637 408 718 egerat.
460 631 506 696 Ut
537 633 624 697 enim
656 633 897 701 Anacreontem
930 636 1044 699 ducem
1076 639 1109 698 et
1141 635 1332 721 signiferum
1363 635 1459 700 huius

172 739 406 804 cantilenarum
435 739 526 804 lusus
555 739 655 805 fuisse
684 742 813 808 mittam
819 795 828 828 ,
858 742 971 827 hymni
1003 762 1131 826 quoque
1159 745 1192 805 et
1220 764 1372 828 paeones,
1400 742 1456 827 qui
1517 800 1518 804 ,

173 868 277 930 nuper
304 869 343 911 ex
368 846 523 912 thesauro
548 846 797 913 Atheniensium
820 848 980 934 Delphico
1003 848 1037 911 in
1061 847 1166 912 lucem
1188 849 1346 932 protracti
1370 854 1456 934 sunt,

173 953 317 1017 eiusdem
337 953 388 1018 vel
407 957 494 1019 certe
514 953 630 1018 similis
649 953 792 1019 fabricae
811 960 896 1019 sunt.
927 954 1034 1031 Quid?
1054 956 1139 1039 quod
1154 955 1321 1041 Euripidis
1335 956 1457 1040 plerae-

175 1081 236 1143 que
256 1060 423 1145 strophae,
441 1061 633 1145 praesertim
653 1083 733 1144 quas
752 1066 906 1147 provecta
923 1067 1028 1138 aetate
1042 1062 1170 1147 panxit,
1187 1062 1236 1126 ita
1249 1069 1456 1147 comparatae

174 1172 262 1251 sunt,
289 1173 327 1232 ut
356 1190 482 1233 summa
510 1167 559 1231 vis
588 1167 746 1252 colorum,
774 1168 908 1233 minima
935 1190 1087 1233 versuum
1115 1173 1148 1233 et
1173 1168 1380 1252 periodorum
1404 1171 1456 1234 sit.

174 1274 259 1338 Nam
278 1296 359 1358 quae
374 1273 646 1339 Wilamowitaius
665 1275 701 1338 in
715 1274 888 1361 Hippolyti
907 1275 1049 1340 editione
1067 1297 1170 1359 nuper
1183 1276 1328 1341 restituit
1342 1283 1455 1363 metra,

173 1403 212 1445 ea
233 1381 387 1466 pleraque
410 1403 514 1465 neque
538 1381 611 1446 cola
634 1387 710 1445 sunt
732 1404 837 1466 neque
859 1381 940 1446 iusti
963 1404 1090 1467 versus,
1113 1383 1168 1447 sed
1192 1383 1334 1450 medium
1358 1385 1456 1470 quod-

175 1489 248 1553 dam
275 1488 380 1552 invita
405 1487 551 1553 Minerva
573 1488 711 1574 factum,
740 1510 804 1573 quo
829 1489 961 1554 minime
986 1513 1038 1554 ars
1060 1489 1239 1574 Euripides
1262 1492 1455 1556 continetur.

176 1593 283 1660 Huius
310 1599 426 1679 poetae
454 1600 557 1660 artem
584 1596 619 1660 in
646 1595 757 1678 lyricis
785 1595 982 1661 carminibus
1009 1595 1198 1660 lectitandis
1225 1596 1367 1682 positam
1401 1599 1456 1683 qui

176 1701 337 1786 scriptura
369 1706 402 1765 et
433 1701 650 1779 distinctione,
675 1707 916 1789 repraesentare
948 1702 1049 1786 volet,
1081 1704 1109 1767 is
1141 1704 1283 1789 primum
1312 1704 1456 1769 omnium

176 1809 248 1874 cola
270 1809 311 1873 ad
329 1808 492 1893 exemplar
511 1809 649 1873 traditae
669 1809 876 1874 colometriae
895 1832 1059 1895 separare,
1081 1810 1195 1875 deinde
1214 1811 1361 1875 artificiis
1381 1811 1457 1876 scri·

177 1916 274 1981 bendi
293 1915 615 2000 comprehensionem
634 1918 779 1982 colorum
797 1917 832 1981 in
851 1917 1001 2003 periodos
1014 1917 1156 1982 indicare
1171 1917 1309 1982 debebit.
1333 1917 1456 1982 Verum
1554 2006 1556 2010 Ι

175 2022 259 2088 hanc
286 2045 353 2087 non
378 2023 479 2088 fuisse
502 2029 606 2088 artem
629 2024 845 2089 vetustiorum
868 2028 1039 2108 poetarum
1063 2024 1281 2109 choricorum,
1307 2045 1348 2087 ne
1370 2023 1456 2088 Atti-

176 2151 288 2194 corum
312 2130 442 2213 quidem
464 2135 634 2215 poetarum
654 2131 798 2195 omnium
817 2135 929 2195 nostra
949 2131 1105 2195 memoria
1122 2131 1288 2216 praeclaro
1308 2130 1455 2195 acumine

174 2259 248 2302 cum
276 2236 414 2302 aliorum
441 2238 585 2303 virorum
612 2238 784 2303 doctorum
807 2243 877 2302 tum
900 2236 1043 2323 Augusti
1067 2237 1224 2303 Boeclrhii
1252 2237 1455 2322 exploratum

175 2348 272 2428 atque
301 2345 548 2430 comprobatum
576 2349 635 2410 est.
680 2344 787 2409 Probe
810 2345 913 2430 igitur
936 2344 1181 2430 distinguendae
1206 2344 1338 2408 suntin
1361 2344 1455 2409 resti-

175 2450 303 2516 tuendis
328 2451 525 2517 carminibus
548 2452 660 2535 lyricis
683 2456 715 2515 et
740 2455 863 2515 aetates
886 2454 1056 2534 poetarum
1076 2455 1109 2515 et
1129 2472 1249 2537 genera
1267 2451 1455 2515 carminum.

175 2558 363 2624 Carminum
391 2581 509 2645 genera
536 2559 767 2645 distinguenda
790 2557 871 2641 dixi,
898 2558 984 2640 quod
1007 2557 1107 2622 etiam
1129 2558 1234 2623 Attici
1257 2562 1386 2643 poetae,
1407 2558 1455 2622 in-

172 2666 287 2751 primis
305 2666 542 2752 Aristophanes
562 2671 595 2731 et
608 2665 804 2751 Aeschylus,
822 2670 952 2750 praeter
970 2651 1128 2749 carmina,
1147 2664 1264 2748 quibus
1283 2664 1454 2729 hominum

173 2773 356 2857 aequalium
385 2773 568 2839 delicatulis
600 2773 734 2837 auribus
760 2772 967 2858 indulgentes
995 2771 1109 2836 molles
1138 2776 1171 2836 et
1199 2778 1312 2837 tenues
1340 2773 1454 2837 modos

172 2879 383 2965 effinxerunt,
414 2880 478 2945 alia
510 2884 775 2966 composuerunt,
807 2879 843 2943 in
873 2879 991 2964 quibus
1020 2882 1160 2943 veterem
1188 2879 1454 2943 consuetudinem

171 2987 294 3052 imitati
316 2988 422 3074 magis
446 2989 486 3052 ad
509 2989 713 3054 maiestatem
737 2991 770 3051 et
794 2986 1000 3052 severitatem
1017 2986 1126 3071 poesis
1146 2985 1294 3052 choricae
1314 2986 1455 3072 adspira·

172 3095 259 3157 bant.
309 3092 465 3159 Aetatum
498 3098 607 3160 autem
639 3099 762 3179 quanta
793 3094 843 3159 vis
875 3092 987 3178 fuerit,
1023 3093 1145 3178 optime
1177 3093 1360 3180 intelleget,
1398 3094 1454 3180 qui

171 3204 307 3265 naturae
344 3207 442 3285 atque
478 3202 672 3288 proprietati
708 3201 896 3267 Pindaricae
933 3200 1045 3265 Musae
1083 3199 1227 3265 animum
1268 3201 1454 3286 adverterit,

171 3329 305 3393 eamque
330 3331 403 3373 curn
426 3309 558 3375 levitate
578 3310 890 3375 Anacreonticorum
914 3312 947 3373 et
970 3307 1138 3373 dulcedine
1156 3308 1363 3392 popularium
1387 3331 1453 3372 car·

171 3413 295 3478 minum
328 3416 512 3481 contulerit.
562 3416 721 3481 Pindarus
756 3417 842 3481 enim
870 3439 943 3481 cum
972 3438 990 3478 a
1019 3414 1187 3480 lenociniis
1216 3415 1452 3480 cantilenarum

169 3519 354 3586 Ionicarum
382 3544 516 3607 prorsus
541 3523 731 3588 abhorreret
754 3529 787 3588 et
810 3523 915 3610 magis
939 3524 979 3586 ad
1003 3527 1165 3586 tumorem
1189 3526 1222 3586 et
1245 3523 1452 3608 magnificen-

170 3628 250 3693 tiam
279 3651 375 3714 quam
405 3630 444 3694 ad
470 3629 671 3696 dulcedinem
694 3636 727 3696 et
751 3630 968 3716 gracilitatem
990 3629 1175 3713 inclinaret,
1197 3651 1263 3693 uon
1288 3630 1394 3693 solum
1418 3629 1450 3693 in

170 3734 352 3801 elocutione
376 3741 409 3800 et
433 3738 631 3802 ornamentis
656 3737 828 3823 orationis,
851 3738 906 3802 sed
930 3737 1029 3801 etiam
1053 3735 1087 3800 in
1108 3735 1254 3800 versibus
1272 3737 1452 3821 pangendis

170 3842 366 3907 sublimitati
394 3848 427 3908 et
456 3845 633 3930 granditati
662 3867 760 3929 quam
787 3845 927 3909 maxime
956 3843 1091 3908 studuit.
1137 3841 1356 3919 Quamobrem
1380 3842 1452 3907 cola

167 3950 287 4034 pusilla
313 3973 429 4034 parurn
457 3950 605 4036 curabat,
634 3974 785 4016 versuum
813 3950 972 4037 imprimis
1000 3949 1108 4015 decori
1137 3955 1170 4013 et
1198 3949 1353 4035 dignitati
1380 3971 1452 4033 pro·

169 4056 341 4143 spiciebat3
373 4057 436 4123 hoc
464 4061 572 4122 autem
600 4058 721 4145 duplici
750 4059 846 4124 modo
875 4062 1042 4123 assecutus
1072 4061 1136 4142 est,
1167 4057 1253 4140 quod
1277 4061 1310 4120 et
1331 4056 1449 4143 longos

168 4186 280 4228 versus
304 4166 505 4251 grandesque
528 4164 679 4248 periodos
703 4165 931 4249 conformavit,
955 4169 988 4229 et
1010 4169 1120 4249 partes
1140 4186 1290 4228 versuum
1310 4164 1358 4228 ita
1377 4186 1450 4229 con·

168 4270 260 4334 flavit
284 4274 381 4355 atque
404 4271 656 4358 conglutinavit,
679 4278 716 4337 ut
744 4271 876 4337 difficile
900 4272 972 4336 cola
991 4271 1252 4357 disiungerentur
1271 4276 1304 4335 et
1323 4294 1450 4357 separa-

167 4381 288 4442 rentur.
333 4376 411 4443 lnde
442 4402 515 4444 raro
543 4378 639 4465 plura
660 4379 733 4444 cola
756 4380 847 4463 paria
868 4379 903 4442 in
925 4377 1058 4442 Pindari
1082 4377 1280 4442 carminibus
1304 4401 1375 4442 sese
1399 4401 1450 4443 ex·

168 4484 306 4571 cipiunt,
329 4490 362 4550 et
386 4508 551 4570 caesurae,
575 4486 692 4570 quibus
717 4485 789 4551 cola
811 4486 852 4551 ab
876 4485 997 4550 Atticis
1019 4484 1125 4568 poetis
1151 4484 1286 4550 scenicis
1310 4486 1450 4570 plerum·

167 4613 237 4675 que,
256 4615 275 4657 a
292 4592 429 4657 noviciis
448 4594 555 4677 poetis
575 4593 685 4678 lyricis
704 4593 771 4658 fere
791 4614 918 4678 semper
937 4591 1214 4676 discriminantur,
1233 4615 1387 4678 persaepe
1406 4594 1447 4657 ab

166 4720 204 4763 eo
232 4699 399 4785 neglectae
424 4698 641 4764 inveniuntur.
688 4699 802 4784 Neque
826 4704 936 4763 tamen
958 4699 1070 4763 eadem
1094 4721 1191 4763 causa
1214 4700 1358 4764 omnium
1383 4722 1450 4764 car·

166 4806 291 4871 minum
314 4807 400 4871 ratis
419 4805 566 4871 Thebani
589 4811 652 4892 est,
676 4807 762 4891 quod
785 4810 823 4871 ut
845 4806 1031 4893 intellegas,
1055 4806 1201 4871 conferre
1224 4807 1315 4870 iuvat
1333 4811 1447 4871 tenues
