3406 5378
691 366 848 416 OLYllPlA
867 367 900 418 X.

320 524 399 610 ἐμὸν
421 530 618 609 καταίσχυνε
642 529 733 609 βαθὺ
757 525 861 610 χρέος.

319 633 407 716 ὅμως
431 629 465 696 dl
491 638 588 696 λῦσαι
613 633 754 709 δυνατὸς
777 631 858 710 ὀξεῖ-

371 763 413 803 αν
437 739 626 823 ἐπιμομφὰν
650 743 746 816 τόκος
769 740 888 826 ὁμαρτ-

372 846 448 930 {aaa
472 855 537 910 νῦν
560 855 674 930 ψᾶφον
698 845 913 931 ἑλισσομέναν

318 953 381 1017 bau
404 962 491 1037 κῦμα
514 954 731 1018 κατακλύσσει
755 952 847 1039 ῥέον,

318 1059 382 1123 ὅπα
405 1083 439 1123 τε
462 1061 577 1123 κοινὸν
600 1062 703 1140 λόγον

320 1170 423 1249 φίλαν
446 1169 579 1250 τίσομεν
598 1166 631 1242 ἐς
654 1168 759 1250 χόριν.

320 1377 409 1463 νέμει
433 1381 496 1463 γὰρ
515 1378 680 1465 Ἀτρέκεια
703 1382 802 1443 πόλιν

375 1489 515 1568 Λοκρῶν
540 1489 732 1569 Ζεφυρίων,

319 1591 408 1676 με’λει
431 1590 470 1656 τέ
489 1609 584 1675 σφισι
609 1595 781 1657 Καλλιόπα

241 1716 273 1765 15
318 1697 374 1763 καὶ
397 1699 532 1782 χάλκεος
545 1696 660 1784 Ἥρης·
684 1699 785 1784 τράπε
809 1694 844 1762 δὲ
868 1699 958 1762 Κύκ-

373 1830 446 1871 νεια
469 1806 554 1890 μύχα
577 1803 633 1869 καὶ
656 1804 816 1891 ὑπέρβιον
1296 1824 1330 1871 ‘20

233 2041 257 2089 8.
277 2035 444 2103 καταίσχυνε
463 2032 589 2088 Boeckh:
613 2032 793 2103 καταισχύνει
812 2033 946 2100 Aeol),
970 2033 1125 2104 κατήσχυνε
1149 2035 1219 2105 Βμτ.
1240 2066 1272 2075 -
1292 2036 1380 2106 βραχὺ
1400 2035 1438 2089 A¹

161 2139 194 2147 -
215 2111 239 2160 9.
260 2105 300 2159 ἔτι
319 2103 434 2176 μομφὰν
453 2103 523 2159 coni.
540 2104 670 2158 Grumme
686 2136 718 2143 —
733 2102 814 2166 τόκος
828 2102 970 2175 ὁμαρτέων
986 2105 1097 2175 scripsi:
1116 2104 1197 2169 τόκος
1211 2110 1327 2161 θνατῶν
1343 2106 1437 2160 ABD

163 2180 193 2232 et
211 2176 307 2244 schol,
326 2195 356 2245 ys
375 2173 457 2238 τόκος
474 2180 590 2229 θνατῶν
611 2176 639 2242 G,
659 2174 673 2228 d
691 2173 772 2238 τόκος
791 2177 903 2242 ἀνδρῶν
921 2177 1000 2246 Epa,
1025 2183 1107 2239 τόκος
1126 2174 1255 2231 όπαδὲων
1273 2177 1436 2244 Mommsen,

161 2247 243 2311 τόκος
266 2247 374 2315 όνάτωρ
397 2247 553 2314 Hermann,
576 2244 657 2308 τόκος
676 2245 690 2298 ό
709 2254 818 2300 ναυτᾶν
840 2246 945 2317 Bergk,
964 2245 1057 2308 τόκος·
1077 2247 1155 2315 ὁρᾶτ’
1177 2244 1216 2302 ὧν
1236 2247 1437 2312 Schneidewin,

157 2318 252 2383 τόκος·
276 2320 410 2388 ἁθρῶμεν
434 2317 617 2371 Wiskemann
640 2349 675 2356 —
699 2322 740 2371 13.
765 2317 784 2370 ἁ
807 2326 922 2387 τραχεῖα
944 2316 1023 2380 πόλις
1047 2336 1071 2372 v.
1091 2318 1110 2373 l.
1131 2319 1216 2375 schol.
1237 2349 1270 2359 -
1295 2317 1375 2374 πόλιν
1400 2323 1438 2372 Α·

159 2391 261 2447 Boo:
285 2390 365 2454 πόλις
387 2388 428 2444 A¹
447 2420 482 2429 -
502 2395 543 2442 14.
567 2386 643 2458 μέλει
662 2388 701 2442 A:
725 2384 815 2457 μέλλει
833 2390 923 2443 BCD
942 2419 975 2428 -
995 2406 1045 2457 σφι
1063 2389 1091 2443 Α
1110 2422 1143 2429 -
1164 2396 1205 2444 15.
1225 2390 1351 2444 Κύκνεια
1369 2390 1437 2443 Her-

158 2532 302 2602 proprium
327 2534 371 2586 est
395 2530 517 2585 hominis
542 2529 708 2585 remorantia
728 2561 761 2569 —
781 2535 806 2586 8.
830 2526 1009 2600 καταίσχυνε·
1036 2547 1121 2599 grave
1148 2533 1177 2585 et
1200 2534 1282 2602 turpe
1310 2532 1438 2586 debitum

160 2621 253 2658 meum
275 2602 435 2657 frustrando
463 2619 542 2656 mora
569 2601 707 2668 reddidit3
736 2600 771 2655 cf.
790 2600 863 2656 Plat.
884 2618 972 2671 symp.
992 2620 1018 2670 p.
1038 2618 1094 2656 isan
1117 2604 1235 2666 πολλοὺς
1263 2601 1362 2672 λόγους
1389 2605 1437 2657 καλ

160 2672 321 2746 ὑποσχέσεις
330 2674 519 2744 καταισχύνας
528 2706 564 2714 -
574 2679 598 2726 9.
608 2671 701 2736 τόκος·
715 2675 825 2726 veteres
834 2671 1014 2744 grammatici
1024 2689 1135 2726 carmen
1147 2673 1178 2728 Ο.
1188 2692 1216 2726 xr
1229 2673 1437 2741 intellexerunt,

160 2750 306 2815 tamquam
333 2746 433 2800 foenus
458 2744 546 2815 capiti
571 2744 615 2814 (Ο.
636 2746 665 2814 x)
690 2744 832 2811 additum;
860 2760 933 2812 quae
958 2743 1154 2814 interpretatio
1180 2744 1246 2799 ferri
1271 2746 1382 2815 nequit,
1413 2747 1437 2799 si

162 2817 334 2872 Boeckhium
354 2819 465 2871 secutus
485 2834 596 2871 carmen
614 2815 686 2870 illud
701 2814 848 2885 Olympiae
867 2817 931 2884 post
949 2815 1041 2885 ipsam
1054 2815 1203 2870 victoriam
1216 2821 1363 2871 cantatum
1377 2834 1437 2872 esse
1465 2866 1471 2875 .

162 2891 283 2954 statuas;
304 2888 354 2942 sed
372 2888 396 2941 si
414 2905 507 2942 meam
527 2888 696 2942 sententiam
716 2888 753 2940 ad
775 2890 806 2942 0.
821 2905 850 2939 11
870 2885 1010 2956 prolatam
1050 2887 1207 2956 roboreris,
1231 2888 1302 2943 bene
1323 2891 1438 2957 poetam

163 2960 301 3015 dicentem
321 2959 417 3027 facies,
436 2959 541 3013 crimen
559 2976 683 3014 remorae
703 2975 732 3013 se
751 2958 865 3013 abluere
882 2975 938 3011 non
957 2961 1017 3011 tam
1030 2905 1119 3029 longo
1139 2958 1269 3027 carmine,
1286 2959 1362 3029 quod
1381 2976 1438 3013 una

159 3048 224 3085 cum
242 3031 336 3102 capite
355 3032 453 3084 foenus
473 3030 581 3099 solvat,
600 3047 685 3098 quam
704 3030 812 3084 duobus
832 3028 1016 3098 carminibus,
1034 3046 1153 3098 quorum
1172 3048 1257 3083 unum
1276 3030 1329 3100 (ol.
1344 3034 1372 3099 x)
1391 3048 1437 3084 ca·

159 3102 240 3172 pitis,
266 3102 386 3157 alterum
405 3101 458 3171 (Ol.
473 3104 512 3170 xi)
532 3101 653 3154 foenoris
672 3100 733 3154 vice
756 3102 942 3171 fungatur-
963 3106 1004 3156 10.
1032 3099 1101 3169 ὅπα,
1127 3101 1202 3170 quod
1225 3118 1275 3172 pro
1299 3100 1374 3164 ὅπως
1392 3101 1437 3156 vel

160 3175 197 3236 ὡς
215 3174 302 3227 etiam
315 3192 341 3227 τ.
357 3189 383 3229 σε
421 3175 486 3226 oeta
508 3171 617 3242 posuit,
644 3175 687 3225 est
711 3171 899 3240 exhortantis,
927 3172 1038 3243 copiam
1064 3177 1159 3227 autem
1185 3172 1320 3227 orationis
1344 3173 1437 3227 undae

159 3245 238 3300 fluvii
264 3243 379 3315 lapillos
401 3191 496 3297 litoris
520 3241 663 3297 volutatos
691 3242 831 3297 haurienti
858 3246 886 3296 ot
911 3243 1050 3298 auferenti
1075 3248 1232 3314 comparat,
1260 3244 1437 3326 paralactica

161 3318 302 3370 sauctura
321 3313 457 3369 orationis
476 3331 542 3367 usus
561 3345 595 3353 —
622 3319 663 3368 11.
690 3315 787 3369 κοινὸν
812 3311 909 3381 λόγον·
935 3315 1073 3370 rationem
1097 3315 1171 3369 inter
1189 3315 1391 3385 Agesidamum
1408 3319 1438 3370 et

159 3386 312 3441 Pindarum
332 3388 507 3440 contractam
525 3387 590 3455 post
607 3383 762 3454 Kayserum
781 3378 929 3439 Meindlius
950 3390 1052 3457 (progr.
1073 3385 1140 3440 Cam
1161 3386 1247 3441 oduni
1267 3391 1336 3441 1890
1355 3406 1381 3457 p.
1402 3389 1438 3456 so)

159 3457 373 3582 interpretatur,
397 3474 469 3526 quae
493 3456 606 3526 quidem
629 3456 824 3526 interpretatio
843 3455 873 3509 vi
891 3458 1005 3528 cognati
1029 3405 1162 3512 vocabuli
1186 3462 1337 3526 συνθηκῶν
1363 3476 1437 3512 com·

161 3547 224 3584 men
247 3534 310 3584 atur
328 3534 358 3583 et
376 3529 461 3582 verbo
480 3528 628 3582 coniuncto
643 3525 754 3597 τίσομεν
773 3526 877 3597 optime
897 3528 1036 3597 convenit,
1055 3546 1226 3597 quamquam
1245 3529 1345 3582 similis
1360 3528 1436 3582 locu-

160 3601 201 3654 tio
220 3601 303 3667 ξυνὸς
321 3599 401 3670 λόγος
421 3600 450 3655 Ο.
468 3618 508 3653 vn
526 3615 551 3654 τι
570 3616 686 3653 causam
704 3615 878 3652 communem
897 3602 926 3652 et
944 3599 1099 3653 orationem
1118 3601 1154 3653 ad
1174 3617 1285 3654 omnem
1303 3600 1438 3671 populum

159 3673 347 3741 pertinentem
372 3671 514 3742 significat
540 3702 573 3710 -
600 3675 641 3725 13.
665 3667 814 3739 Ἀτρέκεια·
841 3669 957 3738 respicit
980 3671 1089 3725 sincera
1111 3671 1217 3725 iudicia
1235 3672 1385 3726 Locrorum
1409 3676 1438 3726 et

159 3759 218 3797 rem
245 3742 389 3814 publicam
417 3741 528 3812 legibus
558 3741 670 3796 Zaleuci
698 3740 802 3811 optime
831 3743 1033 3810 temperatam
1071 3741 1106 3796 cf.
1129 3742 1201 3796 Plat.
1225 3743 1296 3799 Tim.
1322 3760 1347 3798 νο
1361 3769 1375 3797 τ
1402 3775 1437 3784 -

160 3820 201 3869 15.
226 3814 313 3883 τράπε
337 3813 368 3868 δὲ
392 3813 518 3868 Κύκνεια
542 3810 630 3884 μάχα·
658 3829 715 3866 non
741 3812 785 3866 Ps.
805 3810 959 3865 Hesiodum
986 3813 1015 3865 in
1044 3812 1128 3866 Scuto
1156 3812 1284 3867 Herculis
1332 3833 1349 3867 u
1390 3832 1436 3868 am

160 3885 287 3940 Herculis
302 3903 365 3940 cum
380 3884 482 3955 Cycn0,
496 3884 597 3938 Martis
611 3884 678 3951 filio,
692 3883 722 3937 in
736 3883 799 3937 luco
814 3882 952 3952 Apollinis
962 3883 1108 3953 Pagasaeo
1122 3886 1284 3938 narrantem
1322 3885 1351 3937 in
1372 3900 1436 3938 arus

160 3958 298 4026 sequitur,
325 3957 374 4010 sed
394 3956 595 4024 Stesichorum,
619 3959 733 4025 poetam
751 3954 847 4008 Locris
865 3954 1026 4024 oriundum,
1050 3971 1133 4023 quem
1151 3955 1180 4007 in
1199 3955 1322 4009 carmine
1341 3955 1437 4024 aliquo

159 4044 288 4082 narrasse
307 4027 460 4082 scholiasta
477 4030 607 4095 testatur,
628 4026 749 4097 primum
768 4025 916 4080 Herculem
934 4024 1027 4095 Cycno
1047 4025 1162 4080 cessisse
1182 4029 1211 4079 et
1228 4026 1344 4113 fussisse.
1382 4027 1436 4081 Sed

160 4114 292 4165 quorsum
316 4099 404 4153 haec?
430 4098 585 4153 scholiasta
609 4098 767 4168 respondit:
800 4096 941 4167 τοιγάρτοι
971 4097 1020 4151 διὰ
1048 4097 1080 4151 τό
1111 4099 1159 4150 καὶ
1183 4096 1232 4151 τὸν
1259 4095 1436 4168 λχησίδαμον

160 4169 337 4237 ἀπολήγοντα
362 4168 415 4239 ἤδη
442 4169 498 4224 ὑπὸ
520 4167 628 4224 Ἰολάου
654 4167 786 4223 όιλείπτου
811 4169 1006 4236 ἀνερρῶσθαι,
1033 4167 1144 4230 εἰκότως
1165 4177 1254 4222 ταῦτα
1273 4169 1436 4239 ἐπηγάγετο,

161 4240 253 4306 Atque
267 4239 467 4307 Agesidamum
481 4258 538 4296 non
551 4240 641 4311 primo
657 4239 764 4310 impetu
778 4240 970 4294 adversarium
983 4239 1108 4310 pugilem
1123 4239 1266 4307 deiecisse,
1283 4241 1333 4294 sed
1346 4241 1436 4295 multo

163 4327 226 4363 cum
245 4309 345 4364 sudore
363 4310 488 4380 palmam
507 4329 591 4383 aegre
609 4311 710 4367 tulisse
728 4315 877 4380 sequentes
895 4328 992 4365 versus
1010 4311 1155 4381 perspicue
1174 4310 1310 4367 indicant.
1338 4311 1436 4366 Nihilo

162 4384 258 4435 tamen
277 4381 367 4435 secius
386 4384 489 4437 temere
508 4384 575 4437 ficta
597 4383 655 4437 ista
673 4401 691 4437 a
708 4382 901 4455 grammaticis
920 4382 1058 4437 videntur.
1095 4383 1224 4451 Namque
1243 4382 1282 4437 ali
1303 4385 1350 4437 tae
1368 4400 1436 4453 quo·

159 4452 253 4506 minus
275 4451 420 4522 discipulis
444 4453 502 4507 suis
520 4454 717 4509 laborantibus
736 4453 929 4522 subvenirent,
948 4453 1058 4524 legibus
1078 4454 1181 4509 severis
1200 4402 1338 4524 prohibiti
1357 4458 1437 4509 erant

159 4529 195 4593 (r.
214 4524 252 4578 lc.
273 4523 413 4593 chrysost.
433 4541 478 4594 ap.
497 4525 538 4578 Mi
578 4543 670 4580 εστι
692 4545 719 4597 p.
738 4543 777 4582 asc
797 4529 825 4581 et
844 4528 900 4594 sar).
939 4524 999 4589 Quo
1028 4543 1091 4579 cum
1118 4526 1248 4595 accedat,
1272 4526 1346 4595 quod
1372 4526 1435 4598 χόλ-

159 4615 222 4658 κεος
235 4593 315 4664 Ἀρης
333 4595 369 4649 ad
388 4594 478 4663 ludos,
497 4595 546 4664 qui
567 4613 600 4649 us
618 4596 655 4651 ab
674 4597 769 4652 aeneis
788 4597 873 4651 armis
892 4595 1086 4663 abstinebant,
1105 4614 1207 4722 parurn
1225 4598 1361 4668 pertinet,
1381 4597 1435 4652 Ta·

160 4667 239 4736 lelio,
259 4667 380 4722 Dilucid.
399 4666 479 4721 Pind.
499 4684 526 4736 p.
541 4683 593 4735 σοι,
612 4666 782 4738 adstipulor,
806 4668 854 4737 qui
876 4667 927 4723 illa
945 4668 1033 4723 verba
1051 4669 1088 4722 ad
1126 4668 1213 4723 ellum
1231 4670 1267 4724 ab
1286 4668 1435 4739 Anaxilao,

159 4742 280 4808 tyranno
298 4738 410 4809 Rhegii,
428 4738 523 4821 Locris
543 4737 668 4819 illatum,
686 4741 765 4864 guod
780 4739 891 4822 fortiter
908 4738 953 4793 illi
970 4739 1090 4822 primum
1109 4741 1322 4823 propulsassent
1340 4741 1385 4810 (cf.
1404 4740 1434 4823 P,

160 4829 181 4863 11
195 4816 241 4881 ra),
260 4810 408 4865 referenda
427 4826 487 4865 esse
505 4808 651 4883 rudrcayrt.
708 4827 735 4866 ic
756 4814 844 4881 igitur
863 4813 1031 4866 sententiam
1054 4813 1203 4881 procedere
1227 4816 1331 4868 sentio:
1354 4812 1436 4866 Locri

213 4910 337 4952 Pramus
351 4911 386 4952 sd.
400 4909 505 4952 christ.
1206 4907 1222 4957 6
