3406 5378
260 356 301 419 28
729 358 877 407 PlNDARl
896 358 1062 408 EPlNlClA.

350 518 434 604 ἀμφὶ
457 521 589 603 κόμαισι
613 519 697 603 βάλη
722 520 929 603 γλαυκόχροα
953 521 1076 603 κόσμον
1100 517 1225 592 ἐλαίας·
1249 517 1311 581 τάν
1333 540 1411 582 ποτε

339 626 471 711 Ἴστρου
496 625 558 690 άπὸ
582 635 724 709 σκιαρᾶν
746 635 855 707 παγᾶν
879 629 1002 690 ἔνεικεν
1024 623 1354 708 Ἀμφιτρυωνιάδας,
1500 642 1533 687 ‘35

261 749 293 796 15
347 742 458 817 μνᾶμα
481 745 548 797 τῶν
572 733 749 819 Οὐλυμπία
771 732 948 796 κάλλιστον
972 731 1119 817 άξθλων,

1300 825 1378 904 Στρ.
1402 818 1445 903 β’,
1500 836 1534 882 30

348 928 454 1011 δᾶμον
474 926 701 1012 Ὑπερβορέων
724 932 853 1004 πείσαις
871 927 1079 1004 ’Λπόλλωνος
1101 927 1291 1012 θεράποντα
1316 930 1414 1014 λόγῳ·

348 1035 448 1098 πιστά
471 1033 624 1119 φρονέων
647 1035 731 1111 Διὸς
754 1040 836 1099 αἴτει
860 1036 1015 1122 πανδόκῳ

347 1142 439 1206 άλσει
467 1144 604 1225 σκιαρόν
632 1164 666 1205 τε
694 1142 846 1226 φύτευμα
875 1142 976 1219 ξυνὸν
1005 1140 1197 1224 ἀνθρώποις
1225 1143 1391 1224 στεφανόν
1414 1138 1441 1204 τ’

897 1248 1025 1333 ἀρετᾶν.

346 1356 410 1438 ἤδη
444 1356 506 1440 γάρ
540 1355 629 1443 αὐτῷ
662 1354 761 1440 πατρὶ
791 1351 852 1439 μὲν
881 1360 1002 1439 βωμῶν
1035 1353 1243 1436 ἁγισθέντων
1275 1355 1447 1438 διχόμηνις

897 1462 976 1527 ὅλον
999 1462 1228 1546 χρυσάρματος
1499 1477 1533 1524 35

348 1566 484 1653 ἑσπέρας
507 1570 685 1654 ὀφθαλμὸν
708 1569 883 1654 ἀντέφλεξε
907 1571 1021 1652 Μήνα·

1290 1656 1376 1722 Ἀντ.
1399 1656 1442 1740 β’,

346 1762 401 1828 καὶ
424 1765 575 1848 μεγάλων
599 1764 732 1830 ἀέθλων
750 1764 856 1846 ἁγνάν
879 1768 990 1849 κρίσιν
1014 1763 1068 1829 καὶ
1091 1762 1315 1847 πενταετηρίδ’
1343 1763 1409 1847 ἁμᾶ

345 1878 428 1954 θῆκε
453 1870 583 1949 ζαθέοις
606 1869 658 1936 ἐπὶ
682 1884 840 1956 κρημνοῖς
860 1869 1013 1954 Ἀλφεοῦ·

344 1976 414 2042 ἀλλ’
442 1979 482 2043 οὐ
511 1980 593 2043 καλά
621 1976 750 2062 δένδρε’
776 1981 916 2042 ἔθαλλεν
944 1988 1050 2062 χῶρος
1073 1976 1109 2042 ἐν
1132 1977 1271 2060 βάσσαις
1294 1979 1443 2060 Κρονίου
1497 1994 1531 2040 40

895 2082 1053 2160 Πέλοπος.

345 2193 472 2257 τούτων
487 2190 598 2270 ἔδοξεν
613 2194 737 2277 γυμνὸς
752 2192 840 2278 αὐτῷ
856 2199 958 2264 κᾶπος
972 2189 1091 2270 ὀξείαις
1105 2190 1312 2275 ὑπακουέμεν
1327 2190 1444 2273 αὐγαῖς

896 2294 1018 2386 dictabo.

257 2422 291 2470 25
348 2407 389 2490 δὴ
413 2404 482 2470 τότ’
508 2405 540 2482 ἐς
563 2418 662 2488 γαῖαν
684 2409 825 2490 πόρευεν
848 2410 958 2491 θυμὸς
980 2405 1067 2492 δρμζι
1498 2421 1532 2468 45

328 2605 369 2654 13,
390 2598 475 2671 βιίλλη
494 2600 524 2653 D
549 2631 580 2639 -
607 2606 647 2654 14.
672 2609 786 2667 σκιερῐιν
805 2601 832 2653 Α
856 2630 890 2639 -
912 2598 1166 2669 Ἀμφιτρυωνιάδας
1189 2600 1216 2652 Β
1236 2615 1271 2653 τα
1299 2595 1533 2667 Ἀμφιτρυωνίδας

256 2671 379 2725 ABCD
402 2703 432 2710 —
457 2656 498 2725 lt.
521 2671 618 2741 ὀλυμπ,
641 2671 773 2737 Alam),
801 2671 915 2740 ούλυμπ.
943 2671 1046 2724 Moscb.
1070 2702 1101 2710 -
1126 2676 1166 2723 17.
1190 2618 1261 2724 αδέει
1282 2669 1434 2723 Bl'cCD':
1462 2668 1536 2722 αἰτεῖ

256 2742 338 2807 ΑΒῑ,
361 2740 415 2795 ἔτει
437 2743 466 2795 Ι)
488 2774 521 2781 -
544 2746 585 2797 18.
606 2741 695 2796 ἄλσεα
710 2739 791 2795 Ἄλτει
816 2741 888 2795 coni.
908 2741 1003 2796 Koene
1021 2773 1055 2782 -
1075 2738 1186 2810 σκιερόν
1207 2742 1264 2796 01)
1282 2772 1314 2782 -
1336 2746 1377 2795 19.
1397 2741 1472 2811 αὐτῷ
1492 2740 1532 2794 B:

255 2813 331 2866 αὐτῶ
346 2814 443 2881 ΑΟΙ),
463 2815 551 2867 αὐτοῦ
564 2812 671 2879 πατρὸς
686 2814 729 2879 0⁸,
747 2814 897 2880 utrumque
912 2813 997 2867 schol.
1019 2845 1050 2853 —
1071 2819 1113 2867 21.
1133 2811 1256 2882 papaticis
1270 2813 1298 2865 A
1318 2844 1350 2851 —
1371 2817 1414 2866 23.
1434 2808 1530 2879 tenan’

256 2886 286 2939 D
305 2917 337 2923 —
357 2883 457 2956 βάσαις
476 2885 533 2938 ΑΟ
550 2915 581 2924 -
602 2889 644 2937 ⁶25.
663 2884 784 2948 πορεύεν
803 2884 844 2938 A:
864 2885 997 2950 τορεύειν
1015 2885 1112 2948 ΒΟΙ),
1131 2881 1275 2951 περαίνειν
1299 2882 1370 2937 coni.
1390 2883 1485 2937 Nabar
1501 2915 1531 2921 —

255 2954 341 3079 ρρμᾶι
361 2954 438 3025 ὥρμα
458 2956 493 3022 Α,
512 2953 626 3025 ὥρμαιν’
647 2955 745 3022 ΒθΙ),
764 2952 862 3023 πόρια
885 2954 1008 3025 ένθυμος
1026 2955 1098 3025 ὁρμά
1113 2955 1183 3009 coni.
1199 2955 1236 3010 M.
1252 2954 1380 3010 Schmidt
1394 2954 1453 3008 lnd.
1468 2953 1532 3008 lect.

269 3042 311 3080 eu.
328 3032 397 3079 1879
416 3046 442 3096 p.
458 3042 470 3079 a
488 3058 522 3066 —

258 3166 402 3237 Olympios
421 3168 502 3222 ludos
522 3167 689 3222 instituendi
708 3171 870 3292 suppeteret
892 3170 934 3237 (es
959 3168 1050 3224 Strab.
1066 3189 1091 3239 p.
1107 3184 1154 3223 aaa.
1176 3169 1257 3222 Paus.
1273 3188 1300 3221 vr
1315 3184 1349 3233 as,
1363 3184 1389 3233 ες
1413 3167 1534 3221 Bursian

257 3238 356 3308 Geogr.
375 3258 396 3291 n
415 3243 478 3307 εει),
506 3239 644 3293 Pindarus
670 3239 722 3293 hoc
759 3256 809 3293 oco
836 3245 932 3310 aperte
957 3241 1001 3294 ius
1027 3240 1170 3308 Eleorum,
1196 3243 1229 3294 ut
1253 3239 1301 3309 qui
1327 3242 1387 3294 tum
1412 3255 1442 3293 re
1468 3255 1534 3293 vera

257 3309 418 3433 ΟῙχμηχὶοοε
437 3309 519 3364 ludos
539 3310 764 3379 administarcnt,
783 3311 872 3365 tuitus
888 3314 937 3367 est.
964 3311 1005 3367 Ile
1019 3311 1130 3366 nomine
1150 3316 1179 3365 et
1197 3328 1312 3365 numero
1328 3309 1533 3365 Ἑλλανοδικῶν

257 3399 282 3436 v.
321 3397 379 3435 roe
401 3399 526 3437 ,naara

329 3458 360 3505 13
376 3400 411 3507 δἐι
432 3453 468 3507 ad
483 3453 610 3507 fabulam
624 3453 752 3508 Herculis
767 3454 859 3508 oleam
874 3455 910 3508 ab
925 3455 996 3509 lstro
1012 3453 1171 3524 Olympiam
1186 3453 1413 3523 transplantante
1431 3451 1533 3506 transit

258 3556 288 3563 --
311 3530 350 3578 14.
371 3533 498 3592 σκιαρᾶν,
518 3525 593 3593 quod
613 3524 750 3578 Pindarus
768 3526 870 3579 Istrum
889 3526 991 3581 flunren
1006 3526 1035 3579 in
1050 3524 1232 3579 tenebricosis
1247 3523 1408 3595 regionibus
1423 3527 1532 3593 septen·

256 3594 379 3649 trionum
399 3596 466 3649 oriri
484 3596 608 3666 putavit;
629 3596 700 3650 conf.
721 3596 752 3651 Ο,
772 3616 821 3649 vm
839 3613 873 3651 ιι.
893 3597 913 3650 l.
934 3617 962 3650 vr
980 3614 1013 3652 as.
1034 3600 1063 3649 ct
1081 3596 1165 3666 Soph.
1186 3596 1244 3650 OC.
1269 3599 1338 3650 1248
1357 3603 1458 3665 νυχιᾶν
1477 3594 1533 3648 ἀπὸ

258 3664 363 3720 Ῥιπᾶν.
393 3666 536 3738 Originern
557 3667 671 3721 fabulae
690 3667 805 3723 oleastri
824 3685 857 3722 cx
876 3669 946 3722 Istro
962 3667 1123 3738 Olympiam
1141 3666 1274 3721 translati
1294 3666 1330 3720 ab
1350 3664 1533 3721 similitudine

258 3736 391 3792 foliorum
410 3737 524 3792 oleastri
545 3743 573 3793 et
592 3738 686 3792 salicis
706 3739 736 3792 in
754 3738 823 3809 ripis
842 3740 907 3793 lstri
926 3738 1080 3808 frequentis
1099 3740 1253 3820 repetenda
1267 3756 1328 3793 esse
1341 3736 1461 3793 ridetur.
1490 3737 1533 3791 Ab

259 3809 312 3863 hoc
336 3808 398 3863 loco
422 3809 537 3864 Pindari
561 3810 702 3880 proiectus
727 3810 857 3865 Simmiae·
881 3813 965 3880 poeta
984 3810 1189 3864 Alexandrinus
1208 3809 1300 3880 Apoll.
1320 3808 1352 3864 fr.
1373 3826 1384 3863 1
1404 3808 1482 3863 oleas
1505 3808 1534 3862 in

256 3879 356 3934 insulis
371 3881 613 3952 Hyperboreorum
627 3881 705 3935 nasci
721 3881 793 3935 dixit
813 3914 844 3922 -
862 3888 902 3937 16.
920 3880 1085 3945 ’Λπόλλωνος
1099 3880 1276 3950 θεράποντα·
1297 3880 1369 3936 conf.
1385 3880 1415 3935 P.
1430 3900 1446 3933 x
1462 3896 1488 3935 ει
1498 3898 1532 3934 ss.

256 3984 288 3993 -
310 3958 350 4007 17.
371 3952 517 4007 aiveinon
536 3954 610 4007 αἰτεῖ
627 3952 803 4007 scribendum
822 3953 926 4019 consui,
946 3954 1020 4023 quod
1040 3954 1204 4023 imperfecto
1224 3952 1293 4007 αἴτει
1314 3953 1379 4022 post
1397 3951 1534 4006 aoristum

256 4022 363 4078 ἔνεικεν
387 4023 416 4077 in
440 4025 600 4079 narratione
626 4041 680 4078 non
704 4028 851 4095 pergente,
876 4026 925 4079 sed
951 4026 987 4079 ad
1014 4025 1153 4080 actionem
1180 4025 1343 4078 adirmotam
1369 4022 1534 4077 deflectente

257 4096 473 4164 (παρατατικήν)
488 4114 554 4150 suus
568 4096 645 4149 loeus
664 4098 755 4149 est-
772 4102 812 4150 18.
833 4096 921 4150 ἄλσει·
941 4097 1056 4167 respicit
1074 4099 1158 4166 poeta
1172 4095 1268 4161 Ἄλτιν,
1287 4111 1359 4163 quae
1379 4094 1415 4148 ab
1435 4093 1534 4148 eadem

257 4166 343 4235 stirpe
371 4169 456 4234 atque
483 4167 564 4229 ἄλσος
584 4165 764 4220 denominata
783 4171 827 4221 est
845 4171 874 4221 et
892 4170 952 4221 tum
971 4167 1105 4238 temporis
1125 4167 1272 4221 roboribus
1291 4166 1401 4220 consita
1420 4167 1482 4219 erat
1501 4198 1532 4205 —-

256 4242 296 4290 19.
318 4238 392 4308 αὐτῷ
412 4240 440 4290 et
458 4237 508 4291 ὑπ’
530 4239 617 4291 αὐτοῦ
636 4236 696 4291 scil.
717 4237 891 4307 ἁγισθέντων
912 4239 1070 4309 significare
1096 4241 1125 4292 ot
1149 4256 1167 4291 ει
1192 4238 1278 4293 verbo
1297 4236 1448 4306 ἀντέφλεξε
1466 4253 1534 4318 pen-

256 4308 321 4361 dere
346 4311 453 4377 pote-st3
482 4309 602 4363 alterum
627 4309 750 4362 ethicam
775 4309 952 4364 dulcedinem
979 4309 1099 4364 orationi
1125 4309 1206 4363 addit
1232 4342 1264 4349 —
1290 4310 1387 4376 πατρὶ·
1413 4308 1474 4363 Ιοει
1500 4339 1534 4347 -

255 4384 298 4432 20.
318 4379 418 4445 Μήνα
439 4379 537 4434 schol:
557 4380 617 4434 ἐπεὶ
636 4380 666 4434 ἐν
684 4389 717 4451 τη
736 4381 900 4453 πανσελήνῳ
919 4381 934 4434 ό
952 4380 1135 4450 Ὀλυμπιακὸς
1153 4382 1229 4450 ἀγὼν
1249 4381 1360 4450 ἄγεται·
1379 4379 1414 4434 ci.
1430 4379 1461 4434 Ο.
1478 4396 1531 4431 aar

255 4452 285 4502 et
303 4448 375 4503 l‘rol.
391 4469 489 4502 nmxvr
514 4483 546 4490 —
571 4458 612 4506 ⁸23.
637 4452 694 4504 lam
724 4456 830 4506 veteres
879 4452 1036 4506 rammatici
1065 4451 1261 4523 ambigebant,
1288 4455 1383 4505 utrum
1410 4447 1533 4520 Κρονίου

255 4538 292 4575 so.
313 4519 395 4587 ὄρους
421 4538 470 4574 suo
496 4522 555 4575 talo
582 4526 649 4590 stet,
674 4540 711 4576 an
737 4541 800 4576 eum
826 4527 952 4586 Πελοπος
977 4522 1202 4593 coniungendam
1222 4523 1271 4591 sit,
1292 4527 1324 4576 ut
1343 4524 1373 4578 0.
1390 4542 1416 4574 vr
1431 4538 1457 4576 aa
1476 4520 1532 4574 dio·

255 4595 315 4645 tum
335 4596 377 4645 ost
396 4592 570 4647 Ποσειδάωνι
592 4591 709 4661 Κρονίῳ,
748 4594 873 4648 Alteram
893 4594 1153 4664 interpretationem
1173 4594 1220 4663 qni
1240 4594 1409 4664 probabant,
1429 4592 1534 4647 Tanta-

255 4662 322 4730 lum,
352 4666 450 4717 ratrem
476 4665 603 4735 Pelopis,
630 4682 647 4718 ιι
674 4665 786 4733 Plutoe,
809 4665 868 4719 lilia
895 4665 1020 4733 Saturni,
1050 4669 1161 4736 partum
1187 4683 1247 4719 esse
1275 4665 1422 4734 dicebant,
1448 4680 1534 4733 quarn

255 4751 345 4801 ganea
358 4734 463 4804 ogiam,
491 4736 570 4789 cuius
596 4735 717 4806 vestigia
743 4737 774 4789 in
800 4736 915 4790 Pindari
944 4737 1115 4792 carminibus
1140 4737 1245 4791 frustra
1271 4752 1404 4805 quaeras,
1428 4735 1534 4789 Pausa-

255 4806 317 4861 nias
336 4826 355 4858 n
375 4822 409 4876 aa,
429 4824 441 4861 ι
459 4807 539 4861 novit
559 4839 590 4847 -
621 4813 653 4861 25
673 4826 708 4861 ss.
736 4807 922 4877 Apollodorus
940 4828 960 4861 11
981 4826 1018 4863 ιιι
1038 4807 1186 4863 Herculem
1209 4811 1273 4879 post
1299 4806 1411 4861 labores
1438 4823 1534 4860 omnes
