3406 5378
282 380 349 443 220
754 384 902 435 rrnnsnr
919 383 1087 435 nrrnrcrs.

283 562 316 610 οὐ
337 545 515 629 εὐφαμίαις
538 569 571 609 τε
595 543 724 629 μάλιστ’
748 543 916 609 Ἀπόλλων

337 655 457 737 χαίρει,
480 658 559 739 γελᾷ
582 651 619 717 θ’
647 652 736 737 δρῶν
759 652 860 736 ὕβριν
882 651 1006 736 ὀρθίαν
1020 693 1033 700 -
1048 650 1237 715 κνωδάλων.

338 762 453 823 Μοῖσα
476 757 505 822 δ’
534 759 595 823 οὐκ
619 758 782 843 ἀποδαμεῖ

336 868 472 950 τρόποις
495 864 547 931 ἐπὶ
570 864 773 952 σφετέροισι·
796 889 877 930 παν-

380 981 421 1058 τᾷ
444 968 481 1036 δέ
504 971 597 1058 χοροὶ
612 1014 625 1021 -
639 971 820 1058 παρθένων

337 1084 443 1165 λυρᾶν
467 1103 500 1145 τε
523 1079 599 1163 βοαὶ
622 1083 764 1164 καναχαί
784 1079 810 1144 τ’
839 1080 951 1145 αὐλῶν
974 1078 1158 1144 δονέονται·

283 1202 317 1249 40
337 1185 449 1274 δάφνᾳ
472 1210 506 1251 τε
530 1185 652 1274 χρυσέᾳ
675 1190 777 1271 κόμας
800 1186 921 1269 ἀναδή-

380 1310 496 1370 σαντες
519 1294 790 1373 είλαπινά-ζοισιν
814 1295 994 1380 εὐφρόνως.

335 1402 429 1465 νόσοι
453 1402 473 1465 δ
513 1403 588 1467 οὐτε
615 1412 718 1486 γῆρας
742 1401 923 1486 οὐλόμενον
946 1399 1099 1486 κέκραται

336 1509 407 1594 ίερᾷ
430 1519 540 1595 γενεᾷ·
564 1511 677 1574 πόνων
700 1505 736 1572 δέ
759 1506 815 1572 καὶ
838 1517 945 1592 μαχᾶν
968 1509 1044 1593 ίίτερ

335 1702 471 1768 οἰκέοισι
495 1706 658 1787 φυγόντες

337 1808 516 1894 ὑπέρδικον
539 1809 693 1893 Νέμεσιν.
739 1812 873 1892 θρασεί-

379 1941 400 2002 ᾳ
423 1913 459 1980 δέ
483 1913 593 1981 πνέων
608 1957 621 1965 -
638 1917 758 2002 καρδίᾳ

281 2040 315 2087 45
335 2025 434 2107 μόλεν
458 2024 594 2099 Δανάας
616 2020 692 2088 ποτὲ
716 2035 807 2104 παῖς,
831 2022 940 2104 ἁγεῖτο
964 2021 993 2086 δ’
1020 2021 1159 2105 Ἀθάνα,

335 2129 367 2205 ές
391 2129 525 2215 ἀνδρῶν
546 2131 703 2216 μακάρων
726 2130 856 2213 ὅμιλον·
881 2132 978 2213 έπεφ-

382 2235 437 2301 νέν
460 2260 494 2301 τε
518 2239 683 2323 Γοργόνα,
706 2234 788 2300 καὶ-
803 2240 955 2301 ποικίλον
978 2236 1061 2319 κάρα

334 2345 527 2429 δρακόντων
549 2345 707 2427 φόβαισιν
731 2345 835 2427 ἤλυθε
861 2345 1035 2419 νασιώταις

334 2454 469 2515 λίθινον
493 2450 642 2515 θάνατον
664 2448 785 2535 φέρων.
832 2449 904 2535 ἐμοὶ
928 2447 964 2514 δέ
987 2452 1157 2535 θαυμάσαι

335 2652 425 2711 θεῶν
449 2644 667 2712 τελεσάν-των
690 2645 790 2712 οὐδέν
813 2669 891 2711 ποτε
915 2649 1067 2730 φαίνεται
1368 2647 1432 2713 ’Ere
1457 2649 1499 2730 γ’.

351 2845 392 2894 85,
418 2837 558 2909 εὐφαμίας
585 2840 612 2892 D
638 2871 671 2881 -
698 2845 739 2895 86.
763 2843 830 2924 γελρλ
856 2842 895 2895 B:
920 2844 991 2909 γαλᾶ
1014 2839 1044 2893 D
1067 2872 1100 2879 -
1125 2840 1229 2908 όρθιᾶν
1253 2842 1330 2907 BD3
1354 2840 1451 2912 γελῶσ’
1472 2839 1554 2913 ὕβριν

277 2909 377 2980 Ὀρθία
402 2909 473 2966 coni.
493 2910 606 2965 Crusius
631 2910 660 2964 in
686 2911 820 2965 Rosoherr
846 2911 898 2965 lex.
918 2910 1006 2979 myth.
1026 2930 1035 2963 r
1056 2928 1107 2965 rste
1131 2911 1194 2965 adn.
1216 2944 1248 2951 -
1272 2918 1315 2967 38.
1341 2912 1457 2979 δρόιιοις
1482 2912 1553 2967 eoni.

279 2982 423 3108 3332ss
442 2980 474 3092 δὲ
494 2983 572 3052 χοροὶ
590 2981 619 3036 τὲ
641 2984 669 3036 Ι)
687 3015 720 3023 -
740 2989 782 3038 43.
802 2982 865 3038 fort.
882 2980 1010 3051 οἰκέοντι,
1029 2983 1064 3037 ef.
1079 2982 1109 3037 P.
1125 3002 1153 3036 vr
1167 3000 1192 3037 re
1211 3016 1243 3023 -
1264 2988 1304 3037 48.
1325 2984 1461 3053 θαυματὰ
1480 2983 1552 3038 coni.

350 3201 392 3250 36.
412 3194 494 3267 όβριν
514 3192 626 3264 ὀρθίαν,
645 3194 791 3249 libidinem
812 3196 948 3250 salarium
967 3197 1121 3257 asinorum:
1142 3198 1175 3251 us.
1191 3198 1332 3268 Aristoph.
1347 3198 1410 3266 Lys.
1426 3214 1465 3252 ura
1484 3197 1553 3266 ὀρσὰ

278 3265 464 3337 Λακεδαίμων
478 3275 555 3320 πᾶσα
570 3268 617 3320 καὶ
631 3268 674 3320 rol
688 3268 836 3338 σύμμαχοι·
852 3286 907 3337 quo
918 3271 1034 3338 aspectu
1044 3268 1183 3338 Apollinis
1198 3270 1243 3323 dei
1257 3269 1343 3322 risum
1358 3268 1463 3322 moveri
1478 3269 1552 3337 quod

279 3340 364 3409 poeta
377 3336 485 3392 lasciva
498 3338 580 3391 Musa
598 3338 721 3407 referret,
740 3338 840 3393 merito
854 3356 872 3392 a
886 3339 1006 3407 Didymo
1020 3340 1050 3393 in
1064 3340 1178 3394 seholiis
1193 3341 1368 3410 vituperatus
1388 3344 1443 3406 est3
1463 3356 1552 3408 neque

279 3414 375 3464 tamen
393 3409 476 3480 Leop.
492 3408 647 3463 Schmidtio
666 3409 789 3463 ruditum
808 3410 957 3477 asinorum,
977 3428 1059 3479 quem
1078 3416 1107 3465 et
1125 3411 1216 3482 ipsum
1236 3413 1319 3465 verbo
1339 3409 1460 3493 ὑβρίζειν
1479 3411 1553 3464 Hero

278 3482 361 3536 dotus
376 3500 402 3533 ιν
419 3496 456 3535 ren
475 3480 589 3549 iudicet,
607 3480 784 3550 intellegenti
803 3481 968 3551 adstipulor,
988 3482 1120 3550 qnoniam
1139 3483 1270 3536 rudentes
1290 3483 1407 3549 bestrae,
1427 3486 1459 3536 ut
1477 3485 1552 3536 reete
1630 3529 1632 3533 2

279 3551 435 3607 Boeckhins
454 3552 571 3621 monuit,
590 3552 677 3606 risum
695 3570 750 3607 non
768 3556 889 3608 movent.
919 3554 1010 3607 Motus
1031 3554 1290 3624 hyporohematieos
1308 3553 1553 3623 Hyperboreoruni

279 3624 452 3691 (κνωδάλων)
472 3623 624 3694 significari
643 3624 712 3679 mire
731 3623 833 3677 statuit
852 3623 985 3679 Zielinski
1004 3624 1055 3678 llh.
1071 3625 1107 3679 M.
1123 3642 1157 3693 aa,
1172 3642 1212 3680 ors
1231 3658 1262 3665 —
1283 3631 1325 3679 38.
1344 3624 1551 3694 παρθένων...

278 3695 388 3770 δάφνᾳ·
413 3695 578 3765 parthenice
601 3696 726 3749 earmina
749 3700 778 3749 et
805 3695 1035 3766 daphnephoriea
1058 3694 1151 3766 lepide
1177 3713 1194 3750 a
1218 3702 1302 3766 poeta
1320 3696 1382 3749 uslei
1404 3695 1553 3749 nifieantur

278 3799 313 3806 —
331 3772 373 3821 40.
397 3765 513 3840 χρυσέᾳ,
533 3784 588 3821 non
607 3769 641 3821 de
660 3768 751 3822 colora
770 3766 889 3835 dietum,
910 3768 958 3821 sed
978 3767 1011 3821 de
1032 3766 1172 3836 dignitate
1191 3772 1219 3820 et
1237 3716 1458 3836 pulchritudine,
1478 3786 1503 3822 v,
1520 3772 1551 3822 r).

279 3858 327 3892 v1n
348 3857 354 3891 ι
377 3870 410 3878 -
432 3838 586 3906 εὐφρόνως·
606 3838 640 3894 es.
655 3839 688 3894 N.
704 3858 721 3890 v
735 3854 761 3893 aa
780 3838 916 3907 εὔφρονες
936 3834 991 3891 ἶλαι
1011 3839 1062 3892 σὺν
1081 3837 1216 3907 καλάμοιο
1242 3840 1295 3914 βοᾷ
1318 3839 1388 3893 θεὸν
1412 3837 1552 3903 δέκονται,

277 3910 357 3963 Hom.
378 3909 429 3964 Od.
450 3926 515 3962 xxa
538 3908 668 3980 ἀλλήλῃσι
695 3908 800 3978 γέλωτα
829 3910 877 3962 καὶ
901 3910 1078 3978 εὐφροσύνην
1100 3909 1272 3979 παρέχουσαιΙ
1298 3942 1327 3949 -
1353 3916 1395 3964 41.
1420 3909 1498 3963 νόσοι
1522 3909 1548 3964 δ’

278 3981 341 4035 οὔτε
361 3989 459 4050 γῆρας·
480 3980 513 4034 el'.
533 3999 557 4034 v.
578 3996 604 4034 as
623 4012 656 4019 -
675 3987 717 4034 44.
737 3979 898 4049 ὑπέρδικον,
918 3997 1013 4034 severe
1033 3986 1062 4034 et
1080 3981 1125 4034 vel
1144 3998 1228 4051 supra
1247 3981 1360 4034 moduni
1378 3980 1551 4034 iudicantem

277 4055 362 4120 atque
381 4052 557 4122 punieuto1n3
577 4050 611 4104 ef.
628 4052 725 4105 nosch.
740 4054 840 4121 Agam.
856 4068 909 4107 rano
923 4056 952 4106 et
967 4053 1049 4121 Soph.
1064 4051 1107 4107 ni.
1125 4069 1184 4115 nis,
1203 4052 1306 4120 quibus
1325 4052 1394 4105 loeis
1413 4051 1552 4121 ὑπέρδικα

278 4124 391 4177 rnodnur
411 4121 528 4176 δικαίαν
542 4122 675 4176 excedere
694 4121 826 4176 dicuntur
841 4155 873 4163 -
888 4129 930 4177 45.
950 4123 1067 4177 Perseus
1087 4141 1103 4175 o
1125 4140 1139 4176 ο
1158 4121 1300 4177 Minervae
1319 4124 1389 4177 deae
1410 4141 1475 4176 usus
1490 4140 1551 4178 asse

277 4194 382 4248 dicitur
406 4193 491 4246 etiam
515 4193 543 4246 P.
564 4213 600 4245 xn
623 4212 659 4261 ru,
683 4211 737 4262 quo
763 4194 824 4248 loeo
847 4194 946 4248 eadem
969 4195 1067 4248 fabula
1092 4142 1202 4264 lilenius
1225 4199 1361 4248 narratur.
1399 4194 1551 4248 Pindarum

277 4268 391 4335 poetam
415 4264 472 4317 ianr
492 4266 599 4317 vet-eree
618 4265 795 4333 prarnmstiei
814 4265 913 4319 merito
933 4266 1162 4336 exagitaverunt,
1186 4266 1259 4333 quod
1284 4266 1382 4319 itinero
1409 4266 1503 4319 Persei
1522 4266 1551 4319 in

277 4340 380 4390 tsirrrnn
407 4335 648 4404 llyperboreornm
666 4341 695 4390 et
713 4336 891 4407 expeditione
911 4336 970 4390 eius
990 4337 1123 4390 adversus
1143 4337 1284 4405 Gorgones
1304 4338 1427 4391 contusis
1454 4340 1552 4391 contra

277 4407 424 4461 historiam
439 4412 468 4460 et
482 4423 572 4459 rernrn
589 4407 735 4462 veritatem
750 4412 800 4462 aut
815 4407 957 4478 Gorgones
973 4410 1000 4460 in
1016 4407 1229 4477 septentrionali
1244 4412 1294 4461 aut·
1308 4408 1503 4477 Hyperboreos
1522 4409 1551 4461 in

276 4477 445 4531 oeeidentali
471 4480 550 4546 parte
576 4479 704 4547 lluropae
730 4479 859 4533 habitare
885 4482 1020 4548 putasset.
1059 4479 1193 4533 Similiter
1221 4483 1315 4533 autem
1341 4480 1427 4533 etiarn
1453 4479 1552 4533 sabula

277 4550 312 4604 de
335 4549 425 4602 bobus
448 4548 520 4602 Solis
544 4552 573 4603 et
593 4553 704 4619 pastore
724 4550 851 4619 Geryone
875 4567 908 4604 ex
932 4549 1039 4604 oriente
1063 4550 1092 4603 in
1116 4551 1348 4620 septentrionales
1367 4551 1494 4619 regiones
1514 4552 1550 4604 ab

276 4620 417 4675 Herodoto
437 4638 464 4671 ιτ
483 4636 508 4688 s,
527 4620 638 4675 Anates
657 4621 756 4691 opinor
774 4622 853 4689 duee,
872 4622 1012 4675 translata
1031 4626 1082 4689 est,
1101 4639 1158 4690 qua
1177 4622 1211 4675 de
1230 4639 1259 4676 re
1278 4621 1373 4676 confer
1392 4622 1465 4677 Stzb.
1482 4623 1507 4677 d.
1523 4622 1550 4676 b.

276 4694 323 4748 Aa.
345 4694 412 4743 1896
436 4709 462 4760 p.
483 4709 508 4745 aa
532 4724 564 4732 —
589 4698 630 4746 47.
657 4693 731 4761 κάρα
750 4710 806 4747 aee.
827 4692 940 4760 obiecti,
959 4692 1166 4747 devorasses.
1185 4692 1342 4775 praedicati
1361 4725 1393 4732 —
1414 4699 1456 4747 48,
1476 4698 1550 4748 θαα-

276 4762 361 4833 μάσαι
381 4778 437 4815 non
456 4779 518 4815 eum
538 4763 719 4825 τελεσάντων,
741 4765 790 4817 sed
812 4781 875 4817 eum
897 4762 1030 4832 φαίνεται-
1051 4765 1169 4818 (inroras
1188 4764 1359 4833 iungendum
1378 4780 1439 4818 esse
1457 4768 1547 4834 patet:

276 4832 414 4905 expressit
432 4837 526 4888 autem
546 4836 682 4889 Pindarus
701 4834 880 4889 Homericum
898 4837 964 4890 θεολ
983 4835 1015 4889 δέ
1033 4855 1060 4889 τε
1080 4835 1174 4889 πάντα
1193 4838 1329 4889 δύνανται
1348 4836 1409 4903 edd.
1425 4856 1442 4888 x
1456 4840 1514 4901 suo).
