3406 5378
621 406 630 429 '
689 346 965 398 PROLEGOMENA.

799 579 855 645 IV.

622 722 681 788 DE
705 723 811 788 VITA
835 722 1031 787 PINDARI.

808 901 840 954 A.

469 1009 549 1074 vita
572 1026 612 1074 ox
634 1007 767 1074 scholiis
790 1007 1009 1073 Ambrosiam
1032 1010 1192 1091 excerpta.

278 1156 450 1238 Πίνδαρος
472 1153 490 1218 6
513 1153 650 1236 ποιητὴς
671 1154 815 1235 Θηβαῖος
835 1146 878 1234 ήν
896 1150 931 1215 ἐκ
953 1151 1198 1235 Κυνοκεφάλων
1217 1148 1323 1235 (κώμη
1342 1148 1382 1213 δέ
1399 1148 1469 1213 ἐστι

192 1262 370 1347 Θηβαϊκή),
395 1262 471 1336 υίὸς
499 1257 535 1323 δέ
558 1258 772 1343 Δαίφάντου,
798 1259 881 1322 κατά
909 1256 941 1320 δ’
967 1257 1077 1334 ἐνίους
1098 1258 1276 1340 Παγώνδα.
1322 1260 1406 1322 ἔνιοι
1431 1254 1470 1321 δὲ

191 1373 398 1435 Σκοπελίνον
427 1368 530 1432 αὐτὸν
557 1372 804 1448 μενεαλογοῦσι,
831 1361 919 1439 τινες
942 1360 977 1426 δὲ
1001 1366 1060 1430 τὸν
1084 1370 1291 1430 Σκοπελϊνον
1312 1365 1470 1449 πάτρωον

190 1478 293 1542 αὐτοῦ
320 1476 478 1559 γενέσθαι
506 1472 558 1536 καλ
588 1473 734 1555 αὐλητὴν
761 1474 842 1535 ὄντα
869 1472 929 1553 τήν
957 1470 1075 1555 τέχνην
1101 1472 1240 1550 διδάξαι.
1285 1473 1409 1557 μητρὸς
1431 1469 1471 1535 δὲ

155 1602 170 1647 ο
191 1585 385 1665 Κλεοδίκης·
414 1583 449 1645 οί
475 1577 510 1643 δὲ
538 1581 702 1661 Κληδίκης
730 1578 910 1663 γράφουσι·
938 1589 1015 1653 παῖς
1038 1576 1075 1642 δὲ
1098 1580 1147 1643 ὢν
1169 1579 1187 1645 6
1211 1580 1397 1664 Πίνδαρος,
1424 1578 1472 1655 ὡς

194 1689 384 1773 Χαμαιλέων
406 1686 462 1751 καὶ
475 1685 605 1771 Ἴστρος
627 1683 720 1769 φασὶ,
743 1682 816 1769 περὶ
841 1684 900 1747 τὸν
919 1682 1078 1749 Ἑλικῶνα
1101 1694 1261 1770 θηρῶντα
1282 1686 1384 1750 αὐτὸν
1402 1685 1471 1751 ὑπὸ

189 1801 314 1860 πολλοῦ
342 1794 489 1878 καμάτου
517 1795 564 1868 είς
589 1792 697 1856 ὄπνον
719 1799 972 1874 κατενεχθῆναι,
999 1792 1207 1877 κοιμωμένου
1231 1790 1267 1857 δὲ
1291 1793 1395 1857 αὐτοῦ
1418 1792 1473 1876 μέ·

191 1909 309 1968 λισσαν
335 1912 380 1990 τῷ
409 1904 544 1984 στόματι
572 1896 847 1984 προδκαθίσασαν
869 1902 967 1984 κηρία
990 1910 1133 1983 ποιῆσαι.
1175 1902 1210 1964 οί
1231 1899 1271 1965 δέ
1291 1918 1396 1985 φασιν
1419 1899 1472 1965 ὄτι

190 2013 272 2097 ὄναρ
297 2006 395 2085 εἶδεν,
419 2008 463 2083 ὡς
486 2006 616 2090 μέλιτος
639 2004 693 2070 καὶ
715 2014 820 2091 κηροῦ
843 2011 965 2089 πλῆρες
987 2000 1072 2070 εἶναι
1096 2007 1200 2071 αὐτοῦ
1221 2008 1258 2072 τὸ
1277 2010 1392 2092 στόμα,
1415 2006 1473 2072 καὶ

137 2136 170 2183 10
190 2115 241 2181 ἐπὶ
265 2117 440 2198 ποιιμικήν
463 2114 594 2201 ἐτράπη.
636 2113 837 2178 διδάσκαλον
861 2110 898 2177 δὲ
921 2112 1025 2176 αὐτοῦ
1046 2111 1228 2198 Ἀθήνησιν
1251 2118 1286 2180 οί
1300 2112 1361 2199 μὲν
1377 2114 1472 2198 Ἀνα-

188 2222 323 2303 θοκλία,
346 2224 381 2286 οί
401 2219 437 2285 δὲ
459 2220 709 2307 Ἀπολλόδωρον
732 2219 897 2303 λέγουσιν,
921 2220 961 2285 ὃν
983 2220 1038 2285 καὶ
1061 2223 1303 2307 προϊστάμενον
1325 2226 1474 2287 κυκλίων

188 2342 298 2416 χορῶν
326 2329 561 2413 ἀποδημοῦντα
588 2337 761 2394 πιστεῦσαι
789 2329 851 2411 τὴν
878 2329 1096 2393 διδασκαλίαν
1120 2340 1166 2418 τῷ
1191 2329 1352 2417 Πινδάρῳ
1375 2328 1471 2394 παιδὶ

189 2440 271 2520 ὄντι,
295 2438 354 2501 τὸν
375 2433 413 2501 δὲ
438 2432 474 2502 εὖ
499 2438 765 2521 διακοσμήσαντα
789 2437 969 2520 διαβόητον
992 2434 1159 2518 γενέσθαι.
1201 2440 1335 2521 ἔρεισμα
1358 2434 1396 2501 δὲ
1413 2446 1474 2521 τῆς

120 2558 124 2565 ’
184 2542 341 2620 Ἑλλάδος
364 2546 466 2609 είπὼν
487 2543 630 2626 Ἀθήνας
653 2543 818 2627 ἐζημιώθη
843 2544 908 2607 ὑπὸ
934 2547 1091 2626 Θηβαίων
1114 2547 1222 2628 χιλίας
1245 2544 1407 2631 δραχμάς,
1432 2543 1472 2621 ἃς

138 2671 169 2718 15
190 2651 336 2729 ἐξέτισαν
367 2649 450 2737 ὑπὲρ
484 2652 587 2716 αὐτοῦ
613 2649 795 2733 Ἀθηναῖοι.
846 2645 888 2731 ἦν
916 2647 953 2713 δὲ
981 2651 1020 2714 ού
1048 2653 1153 2734 μόνον
1180 2652 1307 2735 εὐφυής
1333 2652 1474 2735 ποιητής

190 2759 273 2824 ἀλλὰ
299 2756 354 2822 καὶ
382 2760 562 2842 ἄνθρωπος
588 2759 760 2841 θεοφιλής.
806 2755 824 2819 6
851 2765 937 2837 γοῦν
963 2758 1041 2821 Πὰν
1068 2758 1086 2822 6
1114 2761 1194 2835 θεὸς
1222 2761 1323 2843 ὤφθη
1350 2758 1473 2842 μεταξύ

189 2876 249 2931 τοῦ
274 2870 488 2951 Κιθαιρῶνος
509 2862 563 2928 καὶ
588 2873 647 2927 τοῦ
666 2861 843 2938 Ἑλικῶνος
865 2861 958 2949 ᾄδων
980 2873 1104 2929 παιᾶνα
1128 2866 1315 2950 Πινδάρου·
1339 2863 1473 2930 διὸκαὶ

190 2969 277 3061 ᾆσμα
305 2972 458 3055 ἐποίησεν
485 2974 531 3047 είς
557 2972 737 3053 τὸνθεόν,
766 2968 802 3034 ἐν
826 2962 853 3056 ᾧ
876 2971 974 3056 χάριν
996 2971 1150 3054 ὁμολογεῖ
1172 2983 1230 3056 τῆς
1253 2983 1348 3057 τιμῆς
1371 2972 1474 3061 αὐτῷ,

190 3078 230 3146 06
248 3079 269 3162 η
289 3079 385 3165 ἀρχή·
409 3075 435 3143 ὦ
455 3080 540 3142 Πάν
559 3079 646 3142 Πὰν
666 3075 871 3163 Ἀρκαδίας
894 3075 1042 3160 μεδέων
1061 3078 1124 3143 καὶ
1144 3092 1297 3164 σεμνῶν
1316 3080 1475 3145 ἀδύτων

138 3206 171 3253 ‘20
191 3186 325 3270 φύλαξ.
377 3185 460 3250 ἀλλὰ
487 3183 541 3250 καὶ
567 3184 587 3267 ἡ
611 3187 771 3270 Δημήτηρ
800 3186 881 3268 ὄναρ
911 3183 1068 3250 ἐπιστᾶσα
1096 3186 1185 3274 αὐτῷ
1214 3186 1393 3271 ἐμέμψατο,
1422 3188 1473 3252 ὄτι

190 3296 297 3377 μάνην
323 3302 391 3357 τῶν
418 3299 509 3356 θεῶν
537 3291 597 3374 οὐχ
620 3290 779 3375 ὄμνησεν·
808 3290 826 3353 6
850 3286 887 3355 δὲ
910 3294 958 3367 είς
980 3293 1086 3377 αὐτὴν
1110 3292 1241 3376 ἐποίησε
1262 3280 1403 3378 ποίημα,
1432 3290 1474 3359 οὗ

190 3399 211 3482 ἡ
235 3399 330 3486 ἀρχή·
355 3402 505 3464 Πύτνια
528 3399 755 3483 θεσμοφόρε
778 3398 1003 3482 χρυσάνιον,
1045 3399 1205 3465 ἀλλὰκαὶ
1228 3402 1343 3486 βωμὸν
1365 3400 1475 3486 ἀμφο-

191 3505 296 3591 τίρων
318 3517 385 3571 τῶν
407 3514 498 3571 θεῶν
520 3508 584 3591 πρὸ
607 3515 665 3589 τῆς
688 3507 793 3580 οίκίας
816 3514 873 3588 τῆς
897 3507 984 3582 ι’δίας
1004 3508 1173 3591 ίδρύσατο.
1217 3512 1416 3574 Παυσανίου
1436 3504 1473 3573 δὲ

191 3623 251 3678 τοῦ
275 3616 546 3698 Λακεδαιμονίων
573 3611 733 3697 βασιλέως
761 3611 988 3697 ἐμπιπρῶντος
1015 3614 1074 3691 τάς
1098 3617 1210 3700 Θήβας
1237 3612 1404 3701 ἐπέγραψέ
1424 3640 1476 3693 τις

140 3742 173 3789 ‘25
193 3732 232 3807 τῇ
260 3724 359 3809 οἰκία·
388 3721 690 3806 Πινδάρου’τοῦ
718 3729 961 3804 μουσοποιοῦ
990 3724 1059 3804 τὴν
1087 3722 1229 3805 στέγην
1257 3726 1305 3807 μὴ
1330 3726 1475 3788 καίετε·

193 3827 247 3892 καὶ
266 3829 371 3906 οὕτως
388 3833 473 3913 μόνη
493 3829 682 3914 ἀπόρθητος
701 3832 840 3912 ἔμεινεν·
859 3826 913 3891 καὶ
934 3831 1001 3893 ἐστι
1021 3831 1058 3893 τὸ
1077 3839 1142 3894 νῦν
1157 3829 1193 3894 ἐν
1209 3834 1335 3914 Θήβαις
1348 3854 1476 3916 πρυτα-

193 3948 292 4001 νεῖον.
338 3936 421 4001 ἀλλά
449 3936 503 4001 καί
532 3936 568 4001 ἐν
592 3941 739 4019 Δελφοῖς
767 3935 785 4000 6
813 3938 985 4020 προφήτης
1007 3935 1137 4020 με’λλων
1159 3941 1281 4002 κλείειν
1304 3939 1364 4002 τὸν
1387 3938 1477 4003 νεὼν

193 4045 349 4129 κηρύσσει
378 4045 460 4107 καθ’
488 4043 617 4130 ήμίραν.
665 4044 867 4126 Πίνδαρος
895 4042 912 4105 6
941 4046 1181 4127 μουσοποιὸς
1203 4048 1352 4129 παρίτω
1376 4046 1477 4131 πρὸς

193 4152 235 4215 τὸ
259 4152 421 4215 δεῖπνον
445 4161 493 4238 τῷ
518 4158 605 4239 θεῷ.
646 4148 699 4214 καί
725 4150 787 4235 γάρ
812 4148 848 4213 ἐν
871 4160 910 4234 τῇ
931 4161 997 4214 τῶν
1017 4155 1163 4215 Πυθίων
1182 4150 1278 4238 ἑορτῇ
1298 4151 1477 4236 ἐγεννήθη,

142 4278 176 4327 30
195 4258 240 4334 ὡς
267 4258 366 4334 αὐτάς
388 4277 484 4343 φησι·
514 4255 778 4342 Πενταετηρίς
805 4254 919 4339 ἐορτά
946 4260 1173 4342 βουπομπὸς
1203 4259 1243 4324 ἐν
1270 4252 1291 4347 ᾇ
1318 4270 1477 4345 πρῶτον

195 4365 395 4449 εύνάσθην
419 4365 616 4447 ἀγαπατὸς
638 4364 711 4428 ὑπὸ
735 4363 985 4446 σπαργάνοις.
1028 4363 1153 4447 λε’γεται
1177 4364 1214 4431 δέ
1237 4374 1380 4451 θεωροῖς
1398 4364 1476 4431 ἀπι-

195 4483 292 4537 οῦσιν
315 4476 361 4549 είς
373 4472 549 4556 ’Ἄμμωνος
571 4474 702 4554 αι’τήσαι
729 4473 898 4554 Πίνδαρος
920 4472 956 4534 τὸ
981 4471 1017 4535 ἐν
1041 4472 1233 4557 ἀνθρώποις
1256 4476 1394 4560 ὄριστον
1417 4472 1476 4537 καὶ

286 4668 368 4720 [υτον.
391 4664 452 4728 Βίας
472 4664 618 4730 Πινδάρου
642 4665 669 4717 in
693 4665 753 4718 cod.
775 4665 810 4731 A,
834 4663 912 4715 euius
935 4664 1066 4718 notitiam
1092 4667 1263 4721 humanitati
1282 4666 1477 4723 Brachmanai

196 4739 293 4792 debeo.
322 4772 346 4777 —
366 4746 382 4791 4
402 4740 708 4808 μητρὸς...θι,ρώντα
723 4737 755 4803 Α,
775 4754 827 4789 0111.
842 4735 921 4789 Vrat.
936 4736 1057 4792 Boeekh.
1090 4772 1110 4778 -
1132 4747 1164 4791 1ο
1181 4738 1324 4807 Ἀθηναῖοι
1343 4756 1377 4791 οι
1393 4737 1476 4808 Ἀθη-
1521 4804 1524 4809 ¹

199 4809 287 4874 ναίοις
301 4812 403 4865 eorm
420 4842 452 4850 -
469 4818 510 4862 22.
526 4810 560 4863 νί.
576 4810 654 4862 vaus.
667 4828 691 4859 τι
703 4814 746 4875 23,
757 4813 780 4861 3.
798 4839 828 4846 -
846 4814 887 4861 28.
898 4807 932 4861 νί.
945 4808 1029 4863 svhol,
1043 4810 1070 4863 λ’.
1083 4831 1110 4863 111
1124 4818 1181 4865 131.
1202 4844 1227 4849 -
1246 4818 1288 4865 3⁴2.
1303 4809 1440 4885 Πινδάρῳ
1450 4814 1476 4865 Α
1491 4874 1498 4883 Ι

65 4894 218 5008 Α
