<?xml version="1.0" encoding="UTF-8"?>
<!DOCTYPE html PUBLIC "-//W3C//DTD XHTML 1.0 Transitional//EN"
    "http://www.w3.org/TR/xhtml1/DTD/xhtml1-transitional.dtd">
<html xmlns="http://www.w3.org/1999/xhtml" xml:lang="en" lang="en">
 <head>
  <title>
</title>
<meta http-equiv="Content-Type" content="text/html;charset=utf-8" />
  <meta name='ocr-system' content='tesseract 3.04.00' />
  <meta name='ocr-capabilities' content='ocr_page ocr_carea ocr_par ocr_line ocrx_word'/>
</head>
<body>
  <div class='ocr_page' id='page_1' title='image "./pindaricarminap00pindgoog_0105.png"; bbox 0 0 3406 5378; ppageno 0'>
   <div class='ocr_carea' id='block_1_1' title="bbox 282 335 1063 390">
    <p class='ocr_par' dir='ltr' id='par_1_1' title="bbox 282 335 1063 390">
     <span class='ocr_line' id='line_1_1' title="bbox 282 335 1063 390; baseline 0 -1"><span class='ocrx_word' id='word_1_1' title='bbox 282 335 407 390; x_wconf 84' lang='lat' dir='ltr'>LXXXII</span> <span class='ocrx_word' id='word_1_2' title='bbox 786 335 1063 389; x_wconf 68' lang='lat' dir='ltr'><strong>Pnonuoonuna</strong></span> 
     </span>
    </p>
   </div>
   <div class='ocr_carea' id='block_1_2' title="bbox 278 496 1563 4642">
    <p class='ocr_par' dir='ltr' id='par_1_2' title="bbox 278 496 1563 4642">
     <span class='ocr_line' id='line_1_2' title="bbox 284 496 1560 585; baseline 0 -24"><span class='ocrx_word' id='word_1_3' title='bbox 284 500 344 563; x_wconf 86' lang='lat' dir='ltr'><strong>bus</strong></span> <span class='ocrx_word' id='word_1_4' title='bbox 368 522 451 564; x_wconf 91' lang='lat' dir='ltr'><strong>unus</strong></span> <span class='ocrx_word' id='word_1_5' title='bbox 476 499 649 584; x_wconf 88' lang='lat' dir='ltr'><strong>ephedrus,</strong></span> <span class='ocrx_word' id='word_1_6' title='bbox 677 499 731 585; x_wconf 90' lang='lat' dir='ltr'><strong>qui</strong></span> <span class='ocrx_word' id='word_1_7' title='bbox 759 498 977 563; x_wconf 86' lang='lat' dir='ltr'><strong>adversarium</strong></span> <span class='ocrx_word' id='word_1_8' title='bbox 1000 519 1066 561; x_wconf 91' lang='lat' dir='ltr'><strong>non</strong></span> <span class='ocrx_word' id='word_1_9' title='bbox 1089 498 1239 581; x_wconf 85' lang='lat' dir='ltr'><strong>duxerat,</strong></span> <span class='ocrx_word' id='word_1_10' title='bbox 1266 500 1442 579; x_wconf 75' lang='lat' dir='ltr'>supererat.</span> <span class='ocrx_word' id='word_1_11' title='bbox 1488 496 1560 561; x_wconf 89' lang='lat' dir='ltr'><strong>Iam</strong></span> 
     </span>
     <span class='ocr_line' id='line_1_3' title="bbox 284 603 1563 691; baseline -0.002 -22"><span class='ocrx_word' id='word_1_12' title='bbox 284 606 378 690; x_wconf 89' lang='lat' dir='ltr'><strong>plane</strong></span> <span class='ocrx_word' id='word_1_13' title='bbox 407 628 545 691; x_wconf 89' lang='lat' dir='ltr'><strong>aequum</strong></span> <span class='ocrx_word' id='word_1_14' title='bbox 573 609 657 689; x_wconf 89' lang='lat' dir='ltr'><strong>erat,</strong></span> <span class='ocrx_word' id='word_1_15' title='bbox 685 611 722 669; x_wconf 93' lang='lat' dir='ltr'><strong>ut</strong></span> <span class='ocrx_word' id='word_1_16' title='bbox 748 605 890 690; x_wconf 89' lang='lat' dir='ltr'><strong>primum</strong></span> <span class='ocrx_word' id='word_1_17' title='bbox 918 609 1057 689; x_wconf 87' lang='lat' dir='ltr'><strong>quatuor</strong></span> <span class='ocrx_word' id='word_1_18' title='bbox 1084 605 1176 688; x_wconf 88' lang='lat' dir='ltr'><strong>paria</strong></span> <span class='ocrx_word' id='word_1_19' title='bbox 1201 604 1416 686; x_wconf 88' lang='lat' dir='ltr'><strong>luctarentur,</strong></span> <span class='ocrx_word' id='word_1_20' title='bbox 1449 603 1563 667; x_wconf 88' lang='lat' dir='ltr'><strong>deinde</strong></span> 
     </span>
     <span class='ocr_line' id='line_1_4' title="bbox 285 710 1562 796; baseline -0.002 -19"><span class='ocrx_word' id='word_1_21' title='bbox 285 712 387 777; x_wconf 87' lang='lat' dir='ltr'><strong>altera</strong></span> <span class='ocrx_word' id='word_1_22' title='bbox 410 713 539 778; x_wconf 75' lang='lat' dir='ltr'><strong>sortitio</strong></span> <span class='ocrx_word' id='word_1_23' title='bbox 562 715 655 777; x_wconf 89' lang='lat' dir='ltr'><strong>ficret</strong></span> <span class='ocrx_word' id='word_1_24' title='bbox 673 717 813 796; x_wconf 91' lang='lat' dir='ltr'><strong>quatuor</strong></span> <span class='ocrx_word' id='word_1_25' title='bbox 831 712 947 775; x_wconf 89' lang='lat' dir='ltr'><strong>horum</strong></span> <span class='ocrx_word' id='word_1_26' title='bbox 966 712 1125 776; x_wconf 83' lang='lat' dir='ltr'><strong>victorum</strong></span> <span class='ocrx_word' id='word_1_27' title='bbox 1146 716 1179 775; x_wconf 90' lang='lat' dir='ltr'><strong>et</strong></span> <span class='ocrx_word' id='word_1_28' title='bbox 1197 710 1337 796; x_wconf 81' lang='lat' dir='ltr'>ephedri,</span> <span class='ocrx_word' id='word_1_29' title='bbox 1361 715 1430 774; x_wconf 89' lang='lat' dir='ltr'><strong>tum</strong></span> <span class='ocrx_word' id='word_1_30' title='bbox 1450 732 1562 774; x_wconf 91' lang='lat' dir='ltr'><strong>rursus</strong></span> 
     </span>
     <span class='ocr_line' id='line_1_5' title="bbox 285 816 1562 904; baseline -0.002 -21"><span class='ocrx_word' id='word_1_31' title='bbox 285 820 347 883; x_wconf 89' lang='lat' dir='ltr'><strong>duo</strong></span> <span class='ocrx_word' id='word_1_32' title='bbox 367 820 459 904; x_wconf 89' lang='lat' dir='ltr'><strong>paria</strong></span> <span class='ocrx_word' id='word_1_33' title='bbox 477 819 766 903; x_wconf 75' lang='lat' dir='ltr'><strong>committerentur,</strong></span> <span class='ocrx_word' id='word_1_34' title='bbox 785 840 849 901; x_wconf 92' lang='lat' dir='ltr'><strong>quo</strong></span> <span class='ocrx_word' id='word_1_35' title='bbox 869 818 956 882; x_wconf 86' lang='lat' dir='ltr'><strong>lacto</strong></span> <span class='ocrx_word' id='word_1_36' title='bbox 970 816 1086 880; x_wconf 88' lang='lat' dir='ltr'><strong>horum</strong></span> <span class='ocrx_word' id='word_1_37' title='bbox 1101 817 1240 882; x_wconf 91' lang='lat' dir='ltr'><strong>victores</strong></span> <span class='ocrx_word' id='word_1_38' title='bbox 1255 818 1318 882; x_wconf 93' lang='lat' dir='ltr'><strong>duo</strong></span> <span class='ocrx_word' id='word_1_39' title='bbox 1334 840 1406 882; x_wconf 84' lang='lat' dir='ltr'><strong>cunr</strong></span> <span class='ocrx_word' id='word_1_40' title='bbox 1422 817 1562 901; x_wconf 87' lang='lat' dir='ltr'><strong>ephedro</strong></span> 
     </span>
     <span class='ocr_line' id='line_1_6' title="bbox 284 924 1562 1008; baseline -0.002 -17"><span class='ocrx_word' id='word_1_41' title='bbox 284 927 417 991; x_wconf 87' lang='lat' dir='ltr'><strong>alterius</strong></span> <span class='ocrx_word' id='word_1_42' title='bbox 446 926 629 991; x_wconf 83' lang='lat' dir='ltr'><strong>sortitionis</strong></span> <span class='ocrx_word' id='word_1_43' title='bbox 661 924 794 988; x_wconf 89' lang='lat' dir='ltr'><strong>tertium</strong></span> <span class='ocrx_word' id='word_1_44' title='bbox 823 924 1032 1008; x_wconf 86' lang='lat' dir='ltr'><strong>sortirentur,</strong></span> <span class='ocrx_word' id='word_1_45' title='bbox 1058 946 1155 1008; x_wconf 90' lang='lat' dir='ltr'><strong>porro</strong></span> <span class='ocrx_word' id='word_1_46' title='bbox 1180 924 1235 1007; x_wconf 87' lang='lat' dir='ltr'><strong>qui</strong></span> <span class='ocrx_word' id='word_1_47' title='bbox 1259 925 1391 988; x_wconf 87' lang='lat' dir='ltr'><strong>eandem</strong></span> <span class='ocrx_word' id='word_1_48' title='bbox 1418 924 1562 988; x_wconf 77' lang='lat' dir='ltr'><strong>litteram</strong></span> 
     </span>
     <span class='ocr_line' id='line_1_7' title="bbox 284 1030 1561 1116; baseline -0.002 -19"><span class='ocrx_word' id='word_1_49' title='bbox 284 1033 443 1098; x_wconf 85' lang='lat' dir='ltr'><strong>duxerant</strong></span> <span class='ocrx_word' id='word_1_50' title='bbox 470 1033 557 1097; x_wconf 90' lang='lat' dir='ltr'><strong>inter</strong></span> <span class='ocrx_word' id='word_1_51' title='bbox 584 1054 618 1097; x_wconf 90' lang='lat' dir='ltr'><strong>se</strong></span> <span class='ocrx_word' id='word_1_52' title='bbox 646 1036 822 1116; x_wconf 81' lang='lat' dir='ltr'><strong>certarent,</strong></span> <span class='ocrx_word' id='word_1_53' title='bbox 849 1035 881 1094; x_wconf 94' lang='lat' dir='ltr'><strong>et</strong></span> <span class='ocrx_word' id='word_1_54' title='bbox 910 1030 965 1114; x_wconf 93' lang='lat' dir='ltr'><strong>qui</strong></span> <span class='ocrx_word' id='word_1_55' title='bbox 994 1053 1032 1094; x_wconf 80' lang='lat' dir='ltr'><strong>ex</strong></span> <span class='ocrx_word' id='word_1_56' title='bbox 1059 1030 1110 1094; x_wconf 93' lang='lat' dir='ltr'><strong>his</strong></span> <span class='ocrx_word' id='word_1_57' title='bbox 1138 1031 1242 1095; x_wconf 87' lang='lat' dir='ltr'><strong>vietor</strong></span> <span class='ocrx_word' id='word_1_58' title='bbox 1272 1031 1464 1095; x_wconf 82' lang='lat' dir='ltr'><strong>discesserat</strong></span> <span class='ocrx_word' id='word_1_59' title='bbox 1488 1053 1561 1095; x_wconf 89' lang='lat' dir='ltr'><strong>cum</strong></span> 
     </span>
     <span class='ocr_line' id='line_1_8' title="bbox 283 1136 1562 1225; baseline -0.002 -22"><span class='ocrx_word' id='word_1_60' title='bbox 283 1140 424 1225; x_wconf 90' lang='lat' dir='ltr'><strong>ephedro</strong></span> <span class='ocrx_word' id='word_1_61' title='bbox 454 1139 569 1203; x_wconf 83' lang='lat' dir='ltr'><strong>tertiae</strong></span> <span class='ocrx_word' id='word_1_62' title='bbox 597 1137 780 1203; x_wconf 86' lang='lat' dir='ltr'><strong>sortitionis</strong></span> <span class='ocrx_word' id='word_1_63' title='bbox 808 1136 958 1201; x_wconf 81' lang='lat' dir='ltr'><strong>ultimam</strong></span> <span class='ocrx_word' id='word_1_64' title='bbox 985 1158 1128 1222; x_wconf 82' lang='lat' dir='ltr'><strong>pugnam</strong></span> <span class='ocrx_word' id='word_1_65' title='bbox 1152 1138 1190 1201; x_wconf 92' lang='lat' dir='ltr'><strong>de</strong></span> <span class='ocrx_word' id='word_1_66' title='bbox 1215 1160 1334 1202; x_wconf 89' lang='lat' dir='ltr'><strong>corona</strong></span> <span class='ocrx_word' id='word_1_67' title='bbox 1356 1137 1462 1201; x_wconf 86' lang='lat' dir='ltr'><strong>iniret.</strong></span> <span class='ocrx_word' id='word_1_68' title='bbox 1508 1136 1562 1201; x_wconf 85' lang='lat' dir='ltr'><strong>Sic</strong></span> 
     </span>
     <span class='ocr_line' id='line_1_9' title="bbox 283 1244 1563 1331; baseline -0.002 -20"><span class='ocrx_word' id='word_1_69' title='bbox 283 1247 354 1311; x_wconf 86' lang='lat' dir='ltr'><strong>fieri</strong></span> <span class='ocrx_word' id='word_1_70' title='bbox 381 1246 504 1331; x_wconf 90' lang='lat' dir='ltr'><strong>potuit,</strong></span> <span class='ocrx_word' id='word_1_71' title='bbox 531 1246 646 1329; x_wconf 91' lang='lat' dir='ltr'><strong>utqui</strong></span> <span class='ocrx_word' id='word_1_72' title='bbox 671 1245 915 1309; x_wconf 84' lang='lat' dir='ltr'><strong>adextremum</strong></span> <span class='ocrx_word' id='word_1_73' title='bbox 944 1244 1047 1308; x_wconf 76' lang='lat' dir='ltr'><strong>victor</strong></span> <span class='ocrx_word' id='word_1_74' title='bbox 1075 1245 1334 1328; x_wconf 83' lang='lat' dir='ltr'><strong>renuntiabatur,</strong></span> <span class='ocrx_word' id='word_1_75' title='bbox 1367 1248 1482 1329; x_wconf 88' lang='lat' dir='ltr'><strong>quater</strong></span> <span class='ocrx_word' id='word_1_76' title='bbox 1510 1244 1563 1309; x_wconf 87' lang='lat' dir='ltr'><strong>ad·</strong></span> 
     </span>
     <span class='ocr_line' id='line_1_10' title="bbox 284 1351 1562 1436; baseline -0.002 -19"><span class='ocrx_word' id='word_1_77' title='bbox 284 1353 461 1417; x_wconf 88' lang='lat' dir='ltr'><strong>versarium</strong></span> <span class='ocrx_word' id='word_1_78' title='bbox 494 1353 621 1436; x_wconf 73' lang='lat' dir='ltr'><strong>vicerit,</strong></span> <span class='ocrx_word' id='word_1_79' title='bbox 653 1374 764 1416; x_wconf 88' lang='lat' dir='ltr'><strong>verum</strong></span> <span class='ocrx_word' id='word_1_80' title='bbox 797 1374 838 1415; x_wconf 93' lang='lat' dir='ltr'><strong>ne</strong></span> <span class='ocrx_word' id='word_1_81' title='bbox 865 1351 945 1414; x_wconf 91' lang='lat' dir='ltr'><strong>illud</strong></span> <span class='ocrx_word' id='word_1_82' title='bbox 974 1351 1115 1433; x_wconf 86' lang='lat' dir='ltr'><strong>quidem,</strong></span> <span class='ocrx_word' id='word_1_83' title='bbox 1148 1351 1202 1435; x_wconf 93' lang='lat' dir='ltr'><strong>qui</strong></span> <span class='ocrx_word' id='word_1_84' title='bbox 1231 1351 1439 1415; x_wconf 86' lang='lat' dir='ltr'><strong>sortitionum</strong></span> <span class='ocrx_word' id='word_1_85' title='bbox 1467 1372 1562 1414; x_wconf 89' lang='lat' dir='ltr'><strong>casus</strong></span> 
     </span>
     <span class='ocr_line' id='line_1_11' title="bbox 284 1458 1561 1543; baseline -0.002 -19"><span class='ocrx_word' id='word_1_86' title='bbox 284 1464 372 1541; x_wconf 90' lang='lat' dir='ltr'><strong>sunt,</strong></span> <span class='ocrx_word' id='word_1_87' title='bbox 401 1459 567 1524; x_wconf 88' lang='lat' dir='ltr'><strong>exclusum</strong></span> <span class='ocrx_word' id='word_1_88' title='bbox 595 1464 678 1543; x_wconf 88' lang='lat' dir='ltr'><strong>erat,</strong></span> <span class='ocrx_word' id='word_1_89' title='bbox 704 1464 742 1522; x_wconf 92' lang='lat' dir='ltr'><strong>ut</strong></span> <span class='ocrx_word' id='word_1_90' title='bbox 770 1459 825 1542; x_wconf 91' lang='lat' dir='ltr'><strong>qui</strong></span> <span class='ocrx_word' id='word_1_91' title='bbox 852 1459 950 1522; x_wconf 88' lang='lat' dir='ltr'><strong>semel</strong></span> <span class='ocrx_word' id='word_1_92' title='bbox 975 1462 1102 1521; x_wconf 89' lang='lat' dir='ltr'><strong>tautum</strong></span> <span class='ocrx_word' id='word_1_93' title='bbox 1127 1458 1268 1522; x_wconf 87' lang='lat' dir='ltr'><strong>luctatus</strong></span> <span class='ocrx_word' id='word_1_94' title='bbox 1292 1463 1390 1542; x_wconf 88' lang='lat' dir='ltr'><strong>esset,</strong></span> <span class='ocrx_word' id='word_1_95' title='bbox 1417 1458 1561 1541; x_wconf 90' lang='lat' dir='ltr'><strong>praemio</strong></span> 
     </span>
     <span class='ocr_line' id='line_1_12' title="bbox 283 1564 1562 1649; baseline -0.002 -18"><span class='ocrx_word' id='word_1_96' title='bbox 283 1566 439 1631; x_wconf 83' lang='lat' dir='ltr'><strong>victoriae</strong></span> <span class='ocrx_word' id='word_1_97' title='bbox 468 1570 646 1630; x_wconf 89' lang='lat' dir='ltr'><strong>ornaretur.</strong></span> <span class='ocrx_word' id='word_1_98' title='bbox 692 1566 895 1649; x_wconf 72' lang='lat' dir='ltr'><strong>Quamquam</strong></span> <span class='ocrx_word' id='word_1_99' title='bbox 922 1565 976 1629; x_wconf 91' lang='lat' dir='ltr'><strong>hic</strong></span> <span class='ocrx_word' id='word_1_100' title='bbox 1004 1586 1144 1648; x_wconf 91' lang='lat' dir='ltr'><strong>quoque,</strong></span> <span class='ocrx_word' id='word_1_101' title='bbox 1172 1564 1200 1627; x_wconf 90' lang='lat' dir='ltr'><strong>si</strong></span> <span class='ocrx_word' id='word_1_102' title='bbox 1229 1565 1426 1649; x_wconf 83' lang='lat' dir='ltr'><strong>aequitatem</strong></span> <span class='ocrx_word' id='word_1_103' title='bbox 1455 1564 1562 1630; x_wconf 91' lang='lat' dir='ltr'><strong>minus</strong></span> 
     </span>
     <span class='ocr_line' id='line_1_13' title="bbox 284 1670 1562 1757; baseline -0.002 -18"><span class='ocrx_word' id='word_1_104' title='bbox 284 1696 393 1739; x_wconf 88' lang='lat' dir='ltr'><strong>severe</strong></span> <span class='ocrx_word' id='word_1_105' title='bbox 417 1672 588 1757; x_wconf 87' lang='lat' dir='ltr'><strong>curabant,</strong></span> <span class='ocrx_word' id='word_1_106' title='bbox 614 1670 742 1735; x_wconf 90' lang='lat' dir='ltr'><strong>institui</strong></span> <span class='ocrx_word' id='word_1_107' title='bbox 765 1673 886 1757; x_wconf 90' lang='lat' dir='ltr'><strong>potuit,</strong></span> <span class='ocrx_word' id='word_1_108' title='bbox 909 1677 947 1735; x_wconf 87' lang='lat' dir='ltr'><strong>ut</strong></span> <span class='ocrx_word' id='word_1_109' title='bbox 969 1671 1110 1755; x_wconf 91' lang='lat' dir='ltr'><strong>primum</strong></span> <span class='ocrx_word' id='word_1_110' title='bbox 1134 1671 1197 1735; x_wconf 90' lang='lat' dir='ltr'><strong>duo</strong></span> <span class='ocrx_word' id='word_1_111' title='bbox 1220 1671 1326 1755; x_wconf 90' lang='lat' dir='ltr'><strong>prima</strong></span> <span class='ocrx_word' id='word_1_112' title='bbox 1348 1672 1440 1756; x_wconf 89' lang='lat' dir='ltr'><strong>paria</strong></span> <span class='ocrx_word' id='word_1_113' title='bbox 1462 1677 1562 1736; x_wconf 85' lang='lat' dir='ltr'><strong>certa·</strong></span> 
     </span>
     <span class='ocr_line' id='line_1_14' title="bbox 284 1778 1562 1865; baseline 0 -22"><span class='ocrx_word' id='word_1_114' title='bbox 284 1786 369 1865; x_wconf 92' lang='lat' dir='ltr'><strong>rent,</strong></span> <span class='ocrx_word' id='word_1_115' title='bbox 402 1780 515 1844; x_wconf 89' lang='lat' dir='ltr'><strong>deinde</strong></span> <span class='ocrx_word' id='word_1_116' title='bbox 543 1779 682 1845; x_wconf 86' lang='lat' dir='ltr'><strong>victores</strong></span> <span class='ocrx_word' id='word_1_117' title='bbox 711 1779 846 1842; x_wconf 91' lang='lat' dir='ltr'><strong>duorum</strong></span> <span class='ocrx_word' id='word_1_118' title='bbox 874 1779 990 1842; x_wconf 90' lang='lat' dir='ltr'><strong>horum</strong></span> <span class='ocrx_word' id='word_1_119' title='bbox 1016 1778 1158 1863; x_wconf 89' lang='lat' dir='ltr'><strong>parium,</strong></span> <span class='ocrx_word' id='word_1_120' title='bbox 1185 1782 1255 1842; x_wconf 91' lang='lat' dir='ltr'><strong>tum</strong></span> <span class='ocrx_word' id='word_1_121' title='bbox 1283 1779 1414 1843; x_wconf 90' lang='lat' dir='ltr'><strong>tertium</strong></span> <span class='ocrx_word' id='word_1_122' title='bbox 1442 1801 1501 1863; x_wconf 90' lang='lat' dir='ltr'><strong>par</strong></span> <span class='ocrx_word' id='word_1_123' title='bbox 1529 1783 1562 1843; x_wconf 88' lang='lat' dir='ltr'><strong>et</strong></span> 
     </span>
     <span class='ocr_line' id='line_1_15' title="bbox 286 1885 1562 1971; baseline -0.001 -20"><span class='ocrx_word' id='word_1_124' title='bbox 286 1892 446 1971; x_wconf 88' lang='lat' dir='ltr'><strong>quartum,</strong></span> <span class='ocrx_word' id='word_1_125' title='bbox 469 1886 541 1951; x_wconf 84' lang='lat' dir='ltr'><strong>exin</strong></span> <span class='ocrx_word' id='word_1_126' title='bbox 567 1886 705 1950; x_wconf 90' lang='lat' dir='ltr'><strong>victores</strong></span> <span class='ocrx_word' id='word_1_127' title='bbox 729 1885 818 1949; x_wconf 87' lang='lat' dir='ltr'><strong>tertii</strong></span> <span class='ocrx_word' id='word_1_128' title='bbox 842 1885 928 1968; x_wconf 90' lang='lat' dir='ltr'><strong>paris</strong></span> <span class='ocrx_word' id='word_1_129' title='bbox 953 1891 985 1948; x_wconf 83' lang='lat' dir='ltr'><strong>et</strong></span> <span class='ocrx_word' id='word_1_130' title='bbox 1009 1885 1124 1969; x_wconf 85' lang='lat' dir='ltr'><strong>quarti,</strong></span> <span class='ocrx_word' id='word_1_131' title='bbox 1148 1908 1244 1969; x_wconf 91' lang='lat' dir='ltr'><strong>porro</strong></span> <span class='ocrx_word' id='word_1_132' title='bbox 1267 1885 1404 1950; x_wconf 87' lang='lat' dir='ltr'><strong>victores</strong></span> <span class='ocrx_word' id='word_1_133' title='bbox 1425 1887 1562 1950; x_wconf 89' lang='lat' dir='ltr'><strong>duorum</strong></span> 
     </span>
     <span class='ocr_line' id='line_1_16' title="bbox 282 1992 1562 2078; baseline 0.001 -22"><span class='ocrx_word' id='word_1_134' title='bbox 282 1993 428 2078; x_wconf 87' lang='lat' dir='ltr'><strong>priorum</strong></span> <span class='ocrx_word' id='word_1_135' title='bbox 457 1993 583 2077; x_wconf 90' lang='lat' dir='ltr'><strong>parium</strong></span> <span class='ocrx_word' id='word_1_136' title='bbox 612 1993 809 2056; x_wconf 87' lang='lat' dir='ltr'><strong>etduornm</strong></span> <span class='ocrx_word' id='word_1_137' title='bbox 837 1992 1028 2076; x_wconf 86' lang='lat' dir='ltr'><strong>alterorum,</strong></span> <span class='ocrx_word' id='word_1_138' title='bbox 1059 1994 1098 2056; x_wconf 85' lang='lat' dir='ltr'><strong>ad</strong></span> <span class='ocrx_word' id='word_1_139' title='bbox 1127 1998 1306 2061; x_wconf 79' lang='lat' dir='ltr'><strong>extremum</strong></span> <span class='ocrx_word' id='word_1_140' title='bbox 1334 1993 1438 2058; x_wconf 81' lang='lat' dir='ltr'><strong>victor</strong></span> <span class='ocrx_word' id='word_1_141' title='bbox 1465 1992 1562 2057; x_wconf 89' lang='lat' dir='ltr'><strong>huius</strong></span> 
     </span>
     <span class='ocr_line' id='line_1_17' title="bbox 283 2097 1562 2184; baseline 0 -22"><span class='ocrx_word' id='word_1_142' title='bbox 283 2099 370 2184; x_wconf 88' lang='lat' dir='ltr'><strong>paris</strong></span> <span class='ocrx_word' id='word_1_143' title='bbox 390 2122 462 2164; x_wconf 89' lang='lat' dir='ltr'><strong>curn</strong></span> <span class='ocrx_word' id='word_1_144' title='bbox 482 2100 631 2184; x_wconf 78' lang='lat' dir='ltr'><strong>ephedra</strong></span> <span class='ocrx_word' id='word_1_145' title='bbox 664 2098 773 2162; x_wconf 69' lang='lat' dir='ltr'><strong>Edam</strong></span> <span class='ocrx_word' id='word_1_146' title='bbox 790 2099 922 2162; x_wconf 89' lang='lat' dir='ltr'><strong>tertium</strong></span> <span class='ocrx_word' id='word_1_147' title='bbox 937 2097 1064 2162; x_wconf 90' lang='lat' dir='ltr'><strong>institui</strong></span> <span class='ocrx_word' id='word_1_148' title='bbox 1080 2100 1196 2183; x_wconf 91' lang='lat' dir='ltr'><strong>potuit,</strong></span> <span class='ocrx_word' id='word_1_149' title='bbox 1216 2105 1253 2163; x_wconf 87' lang='lat' dir='ltr'><strong>ut</strong></span> <span class='ocrx_word' id='word_1_150' title='bbox 1266 2100 1407 2183; x_wconf 90' lang='lat' dir='ltr'><strong>primum</strong></span> <span class='ocrx_word' id='word_1_151' title='bbox 1422 2105 1562 2183; x_wconf 88' lang='lat' dir='ltr'><strong>quatuor</strong></span> 
     </span>
     <span class='ocr_line' id='line_1_18' title="bbox 282 2204 1561 2290; baseline 0 -21"><span class='ocrx_word' id='word_1_152' title='bbox 282 2206 373 2290; x_wconf 88' lang='lat' dir='ltr'><strong>paria</strong></span> <span class='ocrx_word' id='word_1_153' title='bbox 401 2206 695 2287; x_wconf 87' lang='lat' dir='ltr'><strong>committerentur,</strong></span> <span class='ocrx_word' id='word_1_154' title='bbox 727 2209 760 2268; x_wconf 91' lang='lat' dir='ltr'><strong>et</strong></span> <span class='ocrx_word' id='word_1_155' title='bbox 788 2205 900 2268; x_wconf 89' lang='lat' dir='ltr'><strong>deinde</strong></span> <span class='ocrx_word' id='word_1_156' title='bbox 928 2204 1087 2290; x_wconf 90' lang='lat' dir='ltr'><strong>ephedrus</strong></span> <span class='ocrx_word' id='word_1_157' title='bbox 1116 2228 1188 2270; x_wconf 87' lang='lat' dir='ltr'><strong>cum</strong></span> <span class='ocrx_word' id='word_1_158' title='bbox 1217 2212 1355 2290; x_wconf 91' lang='lat' dir='ltr'><strong>quatuor</strong></span> <span class='ocrx_word' id='word_1_159' title='bbox 1383 2206 1561 2271; x_wconf 90' lang='lat' dir='ltr'><strong>victoribus</strong></span> 
     </span>
     <span class='ocr_line' id='line_1_19' title="bbox 283 2311 1561 2398; baseline 0.001 -22"><span class='ocrx_word' id='word_1_160' title='bbox 283 2319 423 2398; x_wconf 89' lang='lat' dir='ltr'><strong>quatuor</strong></span> <span class='ocrx_word' id='word_1_161' title='bbox 446 2313 574 2377; x_wconf 93' lang='lat' dir='ltr'><strong>illorum</strong></span> <span class='ocrx_word' id='word_1_162' title='bbox 598 2312 724 2396; x_wconf 89' lang='lat' dir='ltr'><strong>parium</strong></span> <span class='ocrx_word' id='word_1_163' title='bbox 749 2311 898 2396; x_wconf 86' lang='lat' dir='ltr'><strong>deinceps</strong></span> <span class='ocrx_word' id='word_1_164' title='bbox 923 2317 1075 2397; x_wconf 87' lang='lat' dir='ltr'><strong>certaret,</strong></span> <span class='ocrx_word' id='word_1_165' title='bbox 1102 2313 1152 2376; x_wconf 84' lang='lat' dir='ltr'><strong>vel</strong></span> <span class='ocrx_word' id='word_1_166' title='bbox 1176 2314 1203 2377; x_wconf 90' lang='lat' dir='ltr'><strong>si</strong></span> <span class='ocrx_word' id='word_1_167' title='bbox 1227 2313 1359 2377; x_wconf 81' lang='lat' dir='ltr'><strong>fortuna</strong></span> <span class='ocrx_word' id='word_1_168' title='bbox 1382 2318 1415 2377; x_wconf 89' lang='lat' dir='ltr'><strong>et</strong></span> <span class='ocrx_word' id='word_1_169' title='bbox 1437 2312 1561 2378; x_wconf 83' lang='lat' dir='ltr'><strong>viribus</strong></span> 
     </span>
     <span class='ocr_line' id='line_1_20' title="bbox 282 2418 1561 2503; baseline 0 -19"><span class='ocrx_word' id='word_1_170' title='bbox 282 2421 389 2485; x_wconf 90' lang='lat' dir='ltr'><strong>miuus</strong></span> <span class='ocrx_word' id='word_1_171' title='bbox 418 2421 546 2485; x_wconf 91' lang='lat' dir='ltr'><strong>adiutus</strong></span> <span class='ocrx_word' id='word_1_172' title='bbox 569 2419 728 2503; x_wconf 89' lang='lat' dir='ltr'><strong>ephedrus</strong></span> <span class='ocrx_word' id='word_1_173' title='bbox 751 2418 786 2482; x_wconf 89' lang='lat' dir='ltr'><strong>in</strong></span> <span class='ocrx_word' id='word_1_174' title='bbox 813 2419 919 2503; x_wconf 91' lang='lat' dir='ltr'><strong>primo</strong></span> <span class='ocrx_word' id='word_1_175' title='bbox 942 2419 992 2484; x_wconf 86' lang='lat' dir='ltr'><strong>vol</strong></span> <span class='ocrx_word' id='word_1_176' title='bbox 1016 2420 1118 2483; x_wconf 87' lang='lat' dir='ltr'><strong>altero</strong></span> <span class='ocrx_word' id='word_1_177' title='bbox 1143 2420 1317 2484; x_wconf 88' lang='lat' dir='ltr'><strong>certamine</strong></span> <span class='ocrx_word' id='word_1_178' title='bbox 1341 2443 1414 2485; x_wconf 91' lang='lat' dir='ltr'><strong>cnm</strong></span> <span class='ocrx_word' id='word_1_179' title='bbox 1438 2419 1561 2485; x_wconf 85' lang='lat' dir='ltr'><strong>victore</strong></span> 
     </span>
     <span class='ocr_line' id='line_1_21' title="bbox 281 2525 1561 2612; baseline -0.002 -21"><span class='ocrx_word' id='word_1_180' title='bbox 281 2527 379 2612; x_wconf 91' lang='lat' dir='ltr'><strong>primi</strong></span> <span class='ocrx_word' id='word_1_181' title='bbox 403 2528 451 2591; x_wconf 87' lang='lat' dir='ltr'><strong>vel</strong></span> <span class='ocrx_word' id='word_1_182' title='bbox 476 2527 607 2592; x_wconf 90' lang='lat' dir='ltr'><strong>secundi</strong></span> <span class='ocrx_word' id='word_1_183' title='bbox 631 2526 718 2610; x_wconf 86' lang='lat' dir='ltr'><strong>paris</strong></span> <span class='ocrx_word' id='word_1_184' title='bbox 742 2525 875 2590; x_wconf 84' lang='lat' dir='ltr'><strong>inferior</strong></span> <span class='ocrx_word' id='word_1_185' title='bbox 898 2526 1099 2610; x_wconf 83' lang='lat' dir='ltr'><strong>discesserat,</strong></span> <span class='ocrx_word' id='word_1_186' title='bbox 1123 2527 1226 2592; x_wconf 86' lang='lat' dir='ltr'><strong>victor</strong></span> <span class='ocrx_word' id='word_1_187' title='bbox 1245 2527 1339 2611; x_wconf 89' lang='lat' dir='ltr'><strong>primi</strong></span> <span class='ocrx_word' id='word_1_188' title='bbox 1359 2527 1410 2590; x_wconf 86' lang='lat' dir='ltr'><strong>vel</strong></span> <span class='ocrx_word' id='word_1_189' title='bbox 1429 2526 1561 2592; x_wconf 91' lang='lat' dir='ltr'><strong>secundi</strong></span> 
     </span>
     <span class='ocr_line' id='line_1_22' title="bbox 282 2632 1562 2718; baseline -0.001 -21"><span class='ocrx_word' id='word_1_190' title='bbox 282 2634 369 2717; x_wconf 90' lang='lat' dir='ltr'><strong>paris</strong></span> <span class='ocrx_word' id='word_1_191' title='bbox 394 2657 468 2698; x_wconf 91' lang='lat' dir='ltr'><strong>cum</strong></span> <span class='ocrx_word' id='word_1_192' title='bbox 492 2633 624 2717; x_wconf 88' lang='lat' dir='ltr'><strong>reliquis</strong></span> <span class='ocrx_word' id='word_1_193' title='bbox 645 2632 823 2696; x_wconf 83' lang='lat' dir='ltr'><strong>victoribus</strong></span> <span class='ocrx_word' id='word_1_194' title='bbox 847 2632 1049 2718; x_wconf 81' lang='lat' dir='ltr'><strong>singulorum</strong></span> <span class='ocrx_word' id='word_1_195' title='bbox 1073 2633 1200 2717; x_wconf 89' lang='lat' dir='ltr'><strong>parium</strong></span> <span class='ocrx_word' id='word_1_196' title='bbox 1224 2633 1374 2717; x_wconf 86' lang='lat' dir='ltr'><strong>deinceps</strong></span> <span class='ocrx_word' id='word_1_197' title='bbox 1397 2637 1562 2699; x_wconf 88' lang='lat' dir='ltr'><strong>certamen</strong></span> 
     </span>
     <span class='ocr_line' id='line_1_23' title="bbox 280 2738 1562 2825; baseline 0.001 -23"><span class='ocrx_word' id='word_1_198' title='bbox 280 2739 386 2804; x_wconf 88' lang='lat' dir='ltr'><strong>iniret.</strong></span> <span class='ocrx_word' id='word_1_199' title='bbox 436 2740 506 2804; x_wconf 90' lang='lat' dir='ltr'><strong>Iam</strong></span> <span class='ocrx_word' id='word_1_200' title='bbox 535 2741 561 2803; x_wconf 92' lang='lat' dir='ltr'><strong>si</strong></span> <span class='ocrx_word' id='word_1_201' title='bbox 591 2740 732 2822; x_wconf 87' lang='lat' dir='ltr'><strong>quaeris,</strong></span> <span class='ocrx_word' id='word_1_202' title='bbox 765 2738 897 2822; x_wconf 91' lang='lat' dir='ltr'><strong>quinam</strong></span> <span class='ocrx_word' id='word_1_203' title='bbox 926 2762 964 2803; x_wconf 85' lang='lat' dir='ltr'><strong>cx</strong></span> <span class='ocrx_word' id='word_1_204' title='bbox 997 2739 1048 2804; x_wconf 92' lang='lat' dir='ltr'><strong>his</strong></span> <span class='ocrx_word' id='word_1_205' title='bbox 1076 2740 1202 2804; x_wconf 91' lang='lat' dir='ltr'><strong>duobus</strong></span> <span class='ocrx_word' id='word_1_206' title='bbox 1231 2740 1280 2804; x_wconf 87' lang='lat' dir='ltr'><strong>vel</strong></span> <span class='ocrx_word' id='word_1_207' title='bbox 1309 2740 1414 2805; x_wconf 90' lang='lat' dir='ltr'><strong>tribus</strong></span> <span class='ocrx_word' id='word_1_208' title='bbox 1447 2740 1562 2825; x_wconf 91' lang='lat' dir='ltr'><strong>modis,</strong></span> 
     </span>
     <span class='ocr_line' id='line_1_24' title="bbox 281 2844 1560 2930; baseline 0.001 -21"><span class='ocrx_word' id='word_1_209' title='bbox 281 2868 420 2929; x_wconf 90' lang='lat' dir='ltr'><strong>quorum</strong></span> <span class='ocrx_word' id='word_1_210' title='bbox 450 2846 590 2929; x_wconf 90' lang='lat' dir='ltr'><strong>primum</strong></span> <span class='ocrx_word' id='word_1_211' title='bbox 620 2845 777 2909; x_wconf 84' lang='lat' dir='ltr'><strong>Krausius</strong></span> <span class='ocrx_word' id='word_1_212' title='bbox 806 2844 957 2929; x_wconf 82' lang='lat' dir='ltr'><strong>Olympia</strong></span> <span class='ocrx_word' id='word_1_213' title='bbox 984 2848 1059 2930; x_wconf 86' lang='lat'><strong>114,</strong></span> <span class='ocrx_word' id='word_1_214' title='bbox 1090 2846 1223 2911; x_wconf 90' lang='lat' dir='ltr'><strong>tertium</strong></span> <span class='ocrx_word' id='word_1_215' title='bbox 1252 2846 1436 2912; x_wconf 81' lang='lat' dir='ltr'><strong>Boeclrhius</strong></span> <span class='ocrx_word' id='word_1_216' title='bbox 1464 2846 1560 2930; x_wconf 83' lang='lat' dir='ltr'><strong>Expl.</strong></span> 
     </span>
     <span class='ocr_line' id='line_1_25' title="bbox 280 2951 1560 3037; baseline 0.001 -21"><span class='ocrx_word' id='word_1_217' title='bbox 280 2951 372 3019; x_wconf 88' lang='lat' dir='ltr'><strong>Pind.</strong></span> <span class='ocrx_word' id='word_1_218' title='bbox 387 2953 451 3018; x_wconf 90' lang='grc'><strong>318</strong></span> <span class='ocrx_word' id='word_1_219' title='bbox 473 2951 736 3036; x_wconf 87' lang='lat' dir='ltr'><strong>amplectebatur,</strong></span> <span class='ocrx_word' id='word_1_220' title='bbox 758 2951 944 3034; x_wconf 90' lang='lat' dir='ltr'><strong>probandus</strong></span> <span class='ocrx_word' id='word_1_221' title='bbox 968 2952 1048 3017; x_wconf 92' lang='lat' dir='ltr'><strong>mihi</strong></span> <span class='ocrx_word' id='word_1_222' title='bbox 1066 2975 1136 3018; x_wconf 89' lang='lat' dir='ltr'><strong>esse</strong></span> <span class='ocrx_word' id='word_1_223' title='bbox 1156 2953 1311 3037; x_wconf 88' lang='lat' dir='ltr'><strong>videatur,</strong></span> <span class='ocrx_word' id='word_1_224' title='bbox 1334 2953 1440 3037; x_wconf 89' lang='lat' dir='ltr'><strong>primo</strong></span> <span class='ocrx_word' id='word_1_225' title='bbox 1463 2954 1560 3018; x_wconf 88' lang='lat' dir='ltr'><strong>modo</strong></span> 
     </span>
     <span class='ocr_line' id='line_1_26' title="bbox 281 3056 1561 3144; baseline 0.002 -22"><span class='ocrx_word' id='word_1_226' title='bbox 281 3059 427 3143; x_wconf 89' lang='lat' dir='ltr'><strong>aequitas</strong></span> <span class='ocrx_word' id='word_1_227' title='bbox 452 3059 552 3142; x_wconf 84' lang='lat' dir='ltr'><strong>favet,</strong></span> <span class='ocrx_word' id='word_1_228' title='bbox 580 3058 720 3122; x_wconf 85' lang='lat' dir='ltr'><strong>secundo</strong></span> <span class='ocrx_word' id='word_1_229' title='bbox 745 3056 794 3120; x_wconf 87' lang='lat' dir='ltr'><strong>vel</strong></span> <span class='ocrx_word' id='word_1_230' title='bbox 818 3059 956 3122; x_wconf 90' lang='lat' dir='ltr'><strong>secundo</strong></span> <span class='ocrx_word' id='word_1_231' title='bbox 981 3063 1014 3124; x_wconf 92' lang='lat' dir='ltr'><strong>et</strong></span> <span class='ocrx_word' id='word_1_232' title='bbox 1036 3061 1134 3125; x_wconf 89' lang='lat' dir='ltr'><strong>tertio</strong></span> <span class='ocrx_word' id='word_1_233' title='bbox 1157 3060 1203 3144; x_wconf 92' lang='lat' dir='ltr'><strong>id,</strong></span> <span class='ocrx_word' id='word_1_234' title='bbox 1227 3059 1311 3144; x_wconf 93' lang='lat' dir='ltr'><strong>quod</strong></span> <span class='ocrx_word' id='word_1_235' title='bbox 1337 3059 1498 3126; x_wconf 80' lang='lat' dir='ltr'><strong>Lucienus</strong></span> <span class='ocrx_word' id='word_1_236' title='bbox 1522 3061 1561 3125; x_wconf 91' lang='lat' dir='ltr'><strong>dc</strong></span> 
     </span>
     <span class='ocr_line' id='line_1_27' title="bbox 279 3163 1560 3249; baseline 0.002 -21"><span class='ocrx_word' id='word_1_237' title='bbox 279 3165 427 3249; x_wconf 90' lang='lat' dir='ltr'><strong>pluribus</strong></span> <span class='ocrx_word' id='word_1_238' title='bbox 446 3164 674 3229; x_wconf 90' lang='lat' dir='ltr'><strong>sortitionibus</strong></span> <span class='ocrx_word' id='word_1_239' title='bbox 693 3163 774 3227; x_wconf 92' lang='lat' dir='ltr'><strong>nihil</strong></span> <span class='ocrx_word' id='word_1_240' title='bbox 789 3166 925 3230; x_wconf 88' lang='lat' dir='ltr'><strong>rettulit.</strong></span> <span class='ocrx_word' id='word_1_241' title='bbox 957 3165 1019 3231; x_wconf 83' lang='lat' dir='ltr'><strong>Sed</strong></span> <span class='ocrx_word' id='word_1_242' title='bbox 1034 3190 1099 3232; x_wconf 92' lang='lat' dir='ltr'><strong>non</strong></span> <span class='ocrx_word' id='word_1_243' title='bbox 1112 3168 1178 3233; x_wconf 87' lang='lat' dir='ltr'><strong>iarn</strong></span> <span class='ocrx_word' id='word_1_244' title='bbox 1193 3169 1233 3232; x_wconf 90' lang='lat' dir='ltr'><strong>ad</strong></span> <span class='ocrx_word' id='word_1_245' title='bbox 1248 3168 1450 3233; x_wconf 87' lang='lat' dir='ltr'><strong>coniecturas</strong></span> <span class='ocrx_word' id='word_1_246' title='bbox 1464 3168 1560 3232; x_wconf 91' lang='lat' dir='ltr'><strong>nobis</strong></span> 
     </span>
     <span class='ocr_line' id='line_1_28' title="bbox 280 3270 1561 3358; baseline 0.002 -23"><span class='ocrx_word' id='word_1_247' title='bbox 280 3272 531 3358; x_wconf 84' lang='lat' dir='ltr'><strong>confugiendum</strong></span> <span class='ocrx_word' id='word_1_248' title='bbox 545 3276 610 3350; x_wconf 89' lang='lat' dir='ltr'><strong>est;</strong></span> <span class='ocrx_word' id='word_1_249' title='bbox 629 3272 703 3336; x_wconf 89' lang='lat' dir='ltr'><strong>lites</strong></span> <span class='ocrx_word' id='word_1_250' title='bbox 719 3270 804 3335; x_wconf 88' lang='lat' dir='ltr'><strong>enirn</strong></span> <span class='ocrx_word' id='word_1_251' title='bbox 820 3273 1019 3356; x_wconf 89' lang='lat' dir='ltr'><strong>compositae</strong></span> <span class='ocrx_word' id='word_1_252' title='bbox 1035 3280 1112 3339; x_wconf 90' lang='lat' dir='ltr'><strong>sunt</strong></span> <span class='ocrx_word' id='word_1_253' title='bbox 1126 3277 1251 3339; x_wconf 83' lang='lat' dir='ltr'><strong>duobus</strong></span> <span class='ocrx_word' id='word_1_254' title='bbox 1267 3275 1372 3339; x_wconf 89' lang='lat' dir='ltr'><strong>titulis</strong></span> <span class='ocrx_word' id='word_1_255' title='bbox 1388 3297 1426 3338; x_wconf 85' lang='lat' dir='ltr'><strong>ex</strong></span> <span class='ocrx_word' id='word_1_256' title='bbox 1440 3274 1561 3338; x_wconf 89' lang='lat' dir='ltr'><strong>ruderi-</strong></span> 
     </span>
     <span class='ocr_line' id='line_1_29' title="bbox 279 3376 1559 3464; baseline 0.003 -24"><span class='ocrx_word' id='word_1_257' title='bbox 279 3377 341 3441; x_wconf 92' lang='lat' dir='ltr'><strong>bus</strong></span> <span class='ocrx_word' id='word_1_258' title='bbox 357 3376 533 3464; x_wconf 80' lang='lat' dir='ltr'><strong>Olympicis</strong></span> <span class='ocrx_word' id='word_1_259' title='bbox 553 3378 728 3463; x_wconf 88' lang='lat' dir='ltr'><strong>protractis</strong></span> <span class='ocrx_word' id='word_1_260' title='bbox 747 3401 777 3441; x_wconf 96' lang='lat' dir='ltr'><strong>n.</strong></span> <span class='ocrx_word' id='word_1_261' title='bbox 796 3381 857 3443; x_wconf 72' lang='lat'><strong>146</strong></span> <span class='ocrx_word' id='word_1_262' title='bbox 871 3378 906 3444; x_wconf 92' lang='grc' dir='ltr'><strong>Ρ.</strong></span> <span class='ocrx_word' id='word_1_263' title='bbox 922 3379 1062 3446; x_wconf 83' lang='lat' dir='ltr'><strong>Cornelii</strong></span> <span class='ocrx_word' id='word_1_264' title='bbox 1079 3383 1243 3447; x_wconf 75' lang='lat' dir='ltr'><strong>Aristonis</strong></span> <span class='ocrx_word' id='word_1_265' title='bbox 1262 3388 1295 3446; x_wconf 93' lang='lat' dir='ltr'><strong>et</strong></span> <span class='ocrx_word' id='word_1_266' title='bbox 1313 3406 1342 3445; x_wconf 92' lang='lat' dir='ltr'><strong>n.</strong></span> <span class='ocrx_word' id='word_1_267' title='bbox 1361 3383 1421 3446; x_wconf 73' lang='lat'><strong>147</strong></span> <span class='ocrx_word' id='word_1_268' title='bbox 1438 3380 1559 3445; x_wconf 85' lang='lat' dir='ltr'><strong>Tiberii</strong></span> 
     </span>
     <span class='ocr_line' id='line_1_30' title="bbox 279 3482 1559 3574; baseline 0.002 -27"><span class='ocrx_word' id='word_1_269' title='bbox 279 3482 405 3548; x_wconf 79' lang='lat' dir='ltr'><strong>Claudii</strong></span> <span class='ocrx_word' id='word_1_270' title='bbox 429 3485 504 3549; x_wconf 85' lang='lat' dir='ltr'><strong>ltufi</strong></span> <span class='ocrx_word' id='word_1_271' title='bbox 528 3484 639 3569; x_wconf 78' lang='lat' dir='ltr'><strong>(Arch.</strong></span> <span class='ocrx_word' id='word_1_272' title='bbox 659 3485 738 3549; x_wconf 88' lang='lat' dir='ltr'><strong>Zeit.</strong></span> <span class='ocrx_word' id='word_1_273' title='bbox 763 3486 875 3571; x_wconf 77' lang='grc'><strong>1818),</strong></span> <span class='ocrx_word' id='word_1_274' title='bbox 904 3508 984 3569; x_wconf 91' lang='lat' dir='ltr'><strong>quos</strong></span> <span class='ocrx_word' id='word_1_275' title='bbox 1013 3511 1086 3552; x_wconf 90' lang='lat' dir='ltr'><strong>oum</strong></span> <span class='ocrx_word' id='word_1_276' title='bbox 1116 3489 1180 3553; x_wconf 91' lang='lat' dir='ltr'><strong>iam</strong></span> <span class='ocrx_word' id='word_1_277' title='bbox 1205 3489 1476 3574; x_wconf 78' lang='lat' dir='ltr'><strong>llitteubergerus</strong></span> <span class='ocrx_word' id='word_1_278' title='bbox 1499 3488 1519 3551; x_wconf 94' lang='lat' dir='ltr'><strong>l.</strong></span> <span class='ocrx_word' id='word_1_279' title='bbox 1539 3488 1559 3550; x_wconf 90' lang='lat' dir='ltr'><strong>l.</strong></span> 
     </span>
     <span class='ocr_line' id='line_1_31' title="bbox 280 3592 1561 3680; baseline 0.002 -26"><span class='ocrx_word' id='word_1_280' title='bbox 280 3592 320 3655; x_wconf 86' lang='lat' dir='ltr'><strong>ad</strong></span> <span class='ocrx_word' id='word_1_281' title='bbox 348 3592 572 3674; x_wconf 84' lang='lat' dir='ltr'><strong>quaestionem</strong></span> <span class='ocrx_word' id='word_1_282' title='bbox 599 3592 696 3656; x_wconf 90' lang='lat' dir='ltr'><strong>istam</strong></span> <span class='ocrx_word' id='word_1_283' title='bbox 725 3592 910 3656; x_wconf 84' lang='lat' dir='ltr'><strong>solvendam</strong></span> <span class='ocrx_word' id='word_1_284' title='bbox 935 3594 1152 3680; x_wconf 88' lang='lat' dir='ltr'><strong>adhibuisset,</strong></span> <span class='ocrx_word' id='word_1_285' title='bbox 1179 3595 1273 3679; x_wconf 88' lang='lat' dir='ltr'><strong>plane</strong></span> <span class='ocrx_word' id='word_1_286' title='bbox 1297 3594 1459 3679; x_wconf 80' lang='lat' dir='ltr'><strong>expedivit</strong></span> <span class='ocrx_word' id='word_1_287' title='bbox 1483 3593 1561 3657; x_wconf 88' lang='lat' dir='ltr'><strong>Hol-</strong></span> 
     </span>
     <span class='ocr_line' id='line_1_32' title="bbox 280 3696 1560 3788; baseline 0.001 -26"><span class='ocrx_word' id='word_1_288' title='bbox 280 3698 399 3781; x_wconf 82' lang='lat' dir='ltr'><strong>werda,</strong></span> <span class='ocrx_word' id='word_1_289' title='bbox 428 3697 525 3762; x_wconf 79' lang='lat' dir='ltr'><strong>Arch.</strong></span> <span class='ocrx_word' id='word_1_290' title='bbox 545 3696 623 3763; x_wconf 83' lang='lat' dir='ltr'><strong>Zeit.</strong></span> <span class='ocrx_word' id='word_1_291' title='bbox 649 3700 736 3764; x_wconf 73' lang='grc'><strong>1880</strong></span> <span class='ocrx_word' id='word_1_292' title='bbox 762 3723 792 3783; x_wconf 87' lang='lat' dir='ltr'><strong>p.</strong></span> <span class='ocrx_word' id='word_1_293' title='bbox 811 3701 880 3764; x_wconf 79' lang='grc'><strong>171.</strong></span> <span class='ocrx_word' id='word_1_294' title='bbox 928 3700 976 3764; x_wconf 77' lang='lat' dir='ltr'><strong>&#39;l‘i</strong></span> <span class='ocrx_word' id='word_1_295' title='bbox 1000 3700 1154 3765; x_wconf 78' lang='lat' dir='ltr'><strong>Claudius</strong></span> <span class='ocrx_word' id='word_1_296' title='bbox 1181 3702 1285 3766; x_wconf 83' lang='lat' dir='ltr'><strong>Rufus</strong></span> <span class='ocrx_word' id='word_1_297' title='bbox 1312 3701 1414 3788; x_wconf 82' lang='lat' dir='ltr'><strong>igitur</strong></span> <span class='ocrx_word' id='word_1_298' title='bbox 1441 3700 1560 3765; x_wconf 87' lang='lat' dir='ltr'><strong>dicitur</strong></span> 
     </span>
     <span class='ocr_line' id='line_1_33' title="bbox 279 3802 1559 3894; baseline 0.002 -25"><span class='ocrx_word' id='word_1_299' title='bbox 279 3804 404 3881; x_wconf 77' lang='grc' dir='ltr'><em>πάντας</em></span> <span class='ocrx_word' id='word_1_300' title='bbox 430 3802 491 3889; x_wconf 69' lang='grc' dir='ltr'><strong>μὲν</strong></span> <span class='ocrx_word' id='word_1_301' title='bbox 519 3803 701 3892; x_wconf 75' lang='grc' dir='ltr'><em>άνέφεδρος</em></span> <span class='ocrx_word' id='word_1_302' title='bbox 728 3804 979 3890; x_wconf 78' lang='grc' dir='ltr'><em>ἐπαγκρατίασε,</em></span> <span class='ocrx_word' id='word_1_303' title='bbox 1007 3810 1085 3884; x_wconf 87' lang='grc' dir='ltr'><em>τοὺς</em></span> <span class='ocrx_word' id='word_1_304' title='bbox 1112 3811 1255 3894; x_wconf 77' lang='grc' dir='ltr'><strong><em>κλήρους</em></strong></span> <span class='ocrx_word' id='word_1_305' title='bbox 1281 3819 1351 3886; x_wconf 83' lang='grc' dir='ltr'><em>τοῖς</em></span> <span class='ocrx_word' id='word_1_306' title='bbox 1378 3808 1559 3892; x_wconf 87' lang='grc' dir='ltr'><em>δοκιμωτά-</em></span> 
     </span>
     <span class='ocr_line' id='line_1_34' title="bbox 279 3910 1559 3999; baseline 0.003 -24"><span class='ocrx_word' id='word_1_307' title='bbox 279 3934 348 3988; x_wconf 85' lang='grc' dir='ltr'><strong><em>τοις</em></strong></span> <span class='ocrx_word' id='word_1_308' title='bbox 371 3913 480 3996; x_wconf 82' lang='grc' dir='ltr'><em>λαχὼν</em></span> <span class='ocrx_word' id='word_1_309' title='bbox 500 3912 649 3997; x_wconf 74' lang='grc' dir='ltr'><em>άνδράσι,</em></span> <span class='ocrx_word' id='word_1_310' title='bbox 674 3910 727 3977; x_wconf 80' lang='grc' dir='ltr'><strong>ἐπὶ</strong></span> <span class='ocrx_word' id='word_1_311' title='bbox 746 3921 906 3977; x_wconf 87' lang='grc' dir='ltr'><em>τοσοῦτον</em></span> <span class='ocrx_word' id='word_1_312' title='bbox 930 3910 1036 3978; x_wconf 75' lang='grc' dir='ltr'><em>δὲκαὶ</em></span> <span class='ocrx_word' id='word_1_313' title='bbox 1058 3914 1174 3999; x_wconf 81' lang='grc' dir='ltr'><em>άρετῆς</em></span> <span class='ocrx_word' id='word_1_314' title='bbox 1192 3914 1246 3980; x_wconf 84' lang='grc' dir='ltr'><strong>καὶ</strong></span> <span class='ocrx_word' id='word_1_315' title='bbox 1266 3916 1425 3999; x_wconf 78' lang='grc' dir='ltr'><em>εὐψυχίας</em></span> <span class='ocrx_word' id='word_1_316' title='bbox 1444 3911 1559 3998; x_wconf 77' lang='grc' dir='ltr'><em>ἦλθεν,</em></span> 
     </span>
     <span class='ocr_line' id='line_1_35' title="bbox 279 4016 1560 4106; baseline 0.003 -24"><span class='ocrx_word' id='word_1_317' title='bbox 279 4019 360 4082; x_wconf 82' lang='grc' dir='ltr'><em>ὥστε</em></span> <span class='ocrx_word' id='word_1_318' title='bbox 388 4016 463 4103; x_wconf 82' lang='grc' dir='ltr'><em>περὶ</em></span> <span class='ocrx_word' id='word_1_319' title='bbox 491 4028 550 4083; x_wconf 85' lang='grc' dir='ltr'><strong>τοῦ</strong></span> <span class='ocrx_word' id='word_1_320' title='bbox 578 4019 744 4103; x_wconf 78' lang='grc' dir='ltr'><em>στεφάνου</em></span> <span class='ocrx_word' id='word_1_321' title='bbox 772 4020 1022 4105; x_wconf 79' lang='grc' dir='ltr'><em>παγκρατιάζων</em></span> <span class='ocrx_word' id='word_1_322' title='bbox 1049 4023 1133 4106; x_wconf 89' lang='grc' dir='ltr'><em>πρὸς</em></span> <span class='ocrx_word' id='word_1_323' title='bbox 1156 4022 1262 4106; x_wconf 88' lang='grc' dir='ltr'><em>άνδρα</em></span> <span class='ocrx_word' id='word_1_324' title='bbox 1286 4025 1462 4106; x_wconf 75' lang='grc' dir='ltr'><em>λελογχότα</em></span> <span class='ocrx_word' id='word_1_325' title='bbox 1487 4021 1560 4106; x_wconf 78' lang='grc' dir='ltr'><em>ἑφε-</em></span> 
     </span>
     <span class='ocr_line' id='line_1_36' title="bbox 279 4126 1561 4215; baseline 0.004 -27"><span class='ocrx_word' id='word_1_326' title='bbox 279 4126 404 4209; x_wconf 75' lang='grc' dir='ltr'><em>δρειάν,</em></span> <span class='ocrx_word' id='word_1_327' title='bbox 428 4129 550 4190; x_wconf 88' lang='grc' dir='ltr'><em>καλλίω</em></span> <span class='ocrx_word' id='word_1_328' title='bbox 575 4130 773 4208; x_wconf 75' lang='grc' dir='ltr'><em>λογίσασθαι</em></span> <span class='ocrx_word' id='word_1_329' title='bbox 797 4135 855 4208; x_wconf 78' lang='grc' dir='ltr'><strong>τῆς</strong></span> <span class='ocrx_word' id='word_1_330' title='bbox 878 4137 985 4211; x_wconf 78' lang='grc' dir='ltr'><em>ψυχῆς</em></span> <span class='ocrx_word' id='word_1_331' title='bbox 1006 4128 1177 4215; x_wconf 81' lang='grc' dir='ltr'><em>ὑπεριδεῖν</em></span> <span class='ocrx_word' id='word_1_332' title='bbox 1200 4127 1220 4211; x_wconf 72' lang='lat' dir='ltr'><strong>i)</strong></span> <span class='ocrx_word' id='word_1_333' title='bbox 1244 4138 1302 4212; x_wconf 78' lang='grc' dir='ltr'><strong>τῆς</strong></span> <span class='ocrx_word' id='word_1_334' title='bbox 1318 4127 1393 4213; x_wconf 78' lang='grc' dir='ltr'><em>περὶ</em></span> <span class='ocrx_word' id='word_1_335' title='bbox 1413 4129 1471 4193; x_wconf 91' lang='grc' dir='ltr'><strong>τὸν</strong></span> <span class='ocrx_word' id='word_1_336' title='bbox 1490 4128 1561 4193; x_wconf 77' lang='grc' dir='ltr'><em>στέ-</em></span> 
     </span>
     <span class='ocr_line' id='line_1_37' title="bbox 279 4230 1560 4321; baseline 0.005 -27"><span class='ocrx_word' id='word_1_337' title='bbox 279 4255 388 4314; x_wconf 85' lang='grc' dir='ltr'><em>φανον</em></span> <span class='ocrx_word' id='word_1_338' title='bbox 417 4231 563 4313; x_wconf 77' lang='grc' dir='ltr'><em>ἐλπίδος,</em></span> <span class='ocrx_word' id='word_1_339' title='bbox 592 4230 761 4296; x_wconf 83' lang='lat' dir='ltr'><strong>Cornelius</strong></span> <span class='ocrx_word' id='word_1_340' title='bbox 789 4255 865 4297; x_wconf 85' lang='lat' dir='ltr'><strong>vero</strong></span> <span class='ocrx_word' id='word_1_341' title='bbox 891 4235 1025 4299; x_wconf 88' lang='lat' dir='ltr'><strong>Ariston</strong></span> <span class='ocrx_word' id='word_1_342' title='bbox 1054 4234 1221 4319; x_wconf 81' lang='grc' dir='ltr'><em>ἐστέφθην</em></span> <span class='ocrx_word' id='word_1_343' title='bbox 1245 4235 1427 4321; x_wconf 81' lang='grc' dir='ltr'><em>άνέφεδρος</em></span> <span class='ocrx_word' id='word_1_344' title='bbox 1448 4234 1560 4320; x_wconf 83' lang='grc' dir='ltr'><em>Ὀλύμ-</em></span> 
     </span>
     <span class='ocr_line' id='line_1_38' title="bbox 278 4338 1559 4427; baseline 0.004 -26"><span class='ocrx_word' id='word_1_345' title='bbox 278 4359 337 4401; x_wconf 89' lang='grc' dir='ltr'><strong>πια</strong></span> <span class='ocrx_word' id='word_1_346' title='bbox 359 4342 549 4425; x_wconf 77' lang='grc' dir='ltr'><em>παγκρατίῳ</em></span> <span class='ocrx_word' id='word_1_347' title='bbox 572 4351 650 4414; x_wconf 83' lang='grc' dir='ltr'><em>παῖς</em></span> <span class='ocrx_word' id='word_1_348' title='bbox 669 4339 674 4425; x_wconf 89' lang='grc'><strong>1</strong></span> <span class='ocrx_word' id='word_1_349' title='bbox 695 4341 809 4424; x_wconf 78' lang='grc' dir='ltr'><em>τρισσὰ</em></span> <span class='ocrx_word' id='word_1_350' title='bbox 832 4338 905 4404; x_wconf 87' lang='grc' dir='ltr'><em>κατ’</em></span> <span class='ocrx_word' id='word_1_351' title='bbox 926 4341 1115 4407; x_wconf 81' lang='grc' dir='ltr'><em>ἀντιπάλων</em></span> <span class='ocrx_word' id='word_1_352' title='bbox 1134 4338 1222 4407; x_wconf 77' lang='grc' dir='ltr'><em>ἆθλα</em></span> <span class='ocrx_word' id='word_1_353' title='bbox 1241 4343 1482 4427; x_wconf 84' lang='grc' dir='ltr'><em>κονεισάμενος,</em></span> <span class='ocrx_word' id='word_1_354' title='bbox 1506 4392 1559 4407; x_wconf 94' lang='grc'><strong>...</strong></span> 
     </span>
     <span class='ocr_line' id='line_1_39' title="bbox 278 4442 1555 4536; baseline 0.005 -29"><span class='ocrx_word' id='word_1_355' title='bbox 278 4442 358 4508; x_wconf 83' lang='grc' dir='ltr'><em>ἑπτὰ</em></span> <span class='ocrx_word' id='word_1_356' title='bbox 381 4446 443 4529; x_wconf 85' lang='grc' dir='ltr'><strong>γάρ</strong></span> <span class='ocrx_word' id='word_1_357' title='bbox 468 4444 502 4509; x_wconf 82' lang='grc' dir='ltr'><strong>ἐκ</strong></span> <span class='ocrx_word' id='word_1_358' title='bbox 525 4447 654 4509; x_wconf 88' lang='grc' dir='ltr'><em>παίδων</em></span> <span class='ocrx_word' id='word_1_359' title='bbox 677 4446 827 4530; x_wconf 82' lang='grc' dir='ltr'><em>παλάμας</em></span> <span class='ocrx_word' id='word_1_360' title='bbox 849 4451 951 4531; x_wconf 89' lang='grc' dir='ltr'><em>μόνος</em></span> <span class='ocrx_word' id='word_1_361' title='bbox 974 4449 1034 4513; x_wconf 84' lang='grc' dir='ltr'><strong>οὐκ</strong></span> <span class='ocrx_word' id='word_1_362' title='bbox 1057 4448 1500 4536; x_wconf 68' lang='grc' dir='ltr'><em>άνε’παυσα,1ζευγνύμενος</em></span> <span class='ocrx_word' id='word_1_363' title='bbox 1523 4449 1555 4513; x_wconf 91' lang='grc' dir='ltr'><strong>δ’</strong></span> 
     </span>
     <span class='ocr_line' id='line_1_40' title="bbox 279 4550 1558 4642; baseline 0.005 -28"><span class='ocrx_word' id='word_1_364' title='bbox 279 4550 342 4614; x_wconf 77' lang='lat' dir='ltr'><strong>adel</strong></span> <span class='ocrx_word' id='word_1_365' title='bbox 365 4552 489 4627; x_wconf 88' lang='grc' dir='ltr'><em>πάντας</em></span> <span class='ocrx_word' id='word_1_366' title='bbox 513 4551 772 4638; x_wconf 83' lang='grc' dir='ltr'><em>άπεστεφάνονν.</em></span> <span class='ocrx_word' id='word_1_367' title='bbox 809 4554 927 4618; x_wconf 77' lang='lat' dir='ltr'><strong>Tribus</strong></span> <span class='ocrx_word' id='word_1_368' title='bbox 946 4556 1110 4621; x_wconf 89' lang='lat' dir='ltr'><strong>continuis</strong></span> <span class='ocrx_word' id='word_1_369' title='bbox 1130 4557 1413 4623; x_wconf 90' lang='lat' dir='ltr'><strong>commissionibus</strong></span> <span class='ocrx_word' id='word_1_370' title='bbox 1433 4562 1558 4642; x_wconf 89' lang='lat' dir='ltr'><strong>septem</strong></span> 
     </span>
    </p>
   </div>
   <div class='ocr_carea' id='block_1_3' title="bbox 277 4657 1562 4857">
    <p class='ocr_par' dir='ltr' id='par_1_3' title="bbox 277 4657 1562 4857">
     <span class='ocr_line' id='line_1_41' title="bbox 278 4657 1562 4749; baseline 0.005 -28"><span class='ocrx_word' id='word_1_371' title='bbox 278 4657 478 4723; x_wconf 80' lang='lat' dir='ltr'><strong>adversarios</strong></span> <span class='ocrx_word' id='word_1_372' title='bbox 498 4660 669 4743; x_wconf 87' lang='lat' dir='ltr'><strong>Eumenes,</strong></span> <span class='ocrx_word' id='word_1_373' title='bbox 692 4660 852 4744; x_wconf 89' lang='lat' dir='ltr'><strong>ephedrus</strong></span> <span class='ocrx_word' id='word_1_374' title='bbox 875 4667 963 4727; x_wconf 90' lang='lat' dir='ltr'><strong>sorte</strong></span> <span class='ocrx_word' id='word_1_375' title='bbox 986 4686 1051 4729; x_wconf 93' lang='lat' dir='ltr'><strong>non</strong></span> <span class='ocrx_word' id='word_1_376' title='bbox 1074 4664 1190 4748; x_wconf 89' lang='lat' dir='ltr'><strong>factus,</strong></span> <span class='ocrx_word' id='word_1_377' title='bbox 1213 4666 1339 4730; x_wconf 84' lang='lat' dir='ltr'><strong>vincere</strong></span> <span class='ocrx_word' id='word_1_378' title='bbox 1358 4686 1425 4728; x_wconf 90' lang='lat' dir='ltr'><strong>non</strong></span> <span class='ocrx_word' id='word_1_379' title='bbox 1442 4664 1562 4749; x_wconf 89' lang='lat' dir='ltr'><strong>potuit,</strong></span> 
     </span>
     <span class='ocr_line' id='line_1_42' title="bbox 277 4765 1559 4857; baseline 0.005 -27"><span class='ocrx_word' id='word_1_380' title='bbox 277 4765 391 4830; x_wconf 88' lang='lat' dir='ltr'><strong>nisisi</strong></span> <span class='ocrx_word' id='word_1_381' title='bbox 415 4771 491 4850; x_wconf 92' lang='lat' dir='ltr'><strong>post</strong></span> <span class='ocrx_word' id='word_1_382' title='bbox 519 4768 657 4851; x_wconf 88' lang='lat' dir='ltr'><strong>primam</strong></span> <span class='ocrx_word' id='word_1_383' title='bbox 682 4768 886 4833; x_wconf 89' lang='lat' dir='ltr'><strong>sortitionem</strong></span> <span class='ocrx_word' id='word_1_384' title='bbox 914 4771 977 4835; x_wconf 90' lang='lat' dir='ltr'><strong>tria</strong></span> <span class='ocrx_word' id='word_1_385' title='bbox 1004 4772 1097 4856; x_wconf 90' lang='lat' dir='ltr'><strong>paria</strong></span> <span class='ocrx_word' id='word_1_386' title='bbox 1120 4772 1422 4857; x_wconf 87' lang='lat' dir='ltr'><strong>committebantur,</strong></span> <span class='ocrx_word' id='word_1_387' title='bbox 1445 4771 1559 4837; x_wconf 87' lang='lat' dir='ltr'><strong>deinde</strong></span> 
     </span>
    </p>
   </div>
   <div class='ocr_carea' id='block_1_4' title="bbox 0 0 1708 5378">
    <p class='ocr_par' dir='ltr' id='par_1_4' title="bbox 0 0 1708 5378">
     <span class='ocr_line' id='line_1_43' title="bbox 0 0 1708 5378; baseline 0 1"><span class='ocrx_word' id='word_1_388' title='bbox 0 0 1708 5378; x_wconf 95' lang='lat' dir='ltr'><strong> </strong></span> 
     </span>
    </p>
   </div>
  </div>
 </body>
</html>
