3406 5378
280 373 318 428 Vl
781 373 1057 425 PROLEGOMENA.

280 557 304 601 v
324 538 376 603 ⁶20.
399 537 422 600 l.
443 554 478 599 lv
503 537 542 600 10
549 589 558 620 ,
586 558 666 621 quos
693 558 772 599 num
799 535 864 619 ipsi
887 534 1128 599 emendaverint
1151 533 1256 617 possis
1281 533 1444 619 dubitare,
1471 557 1566 600 exce-

281 645 384 731 peris,
408 665 446 707 ex
470 642 543 707 aliis
571 642 838 725 melioribusque,
866 664 964 725 quam
985 663 1059 725 nos,
1086 640 1233 704 fontibus
1260 640 1441 725 haurirent,
1470 642 1565 707 libris

282 753 323 817 ab
352 750 393 815 iis
423 749 576 814 correctis
605 748 688 813 nihil
711 747 916 813 auctoritatis
940 747 1148 811 tribuendum
1172 752 1230 811 est.
1275 745 1431 811 Veterum
1455 753 1566 813 autem

282 859 440 922 librorum
459 856 521 920 fide
540 861 577 920 ut
596 861 683 920 recte
702 855 805 919 utaris
824 875 903 919 neve
924 860 1028 919 certas
1047 876 1254 917 numerorum
1270 853 1565 940 grammaticusque
1618 876 1621 881 ·

281 964 371 1050 leges
392 962 539 1028 codicum
559 962 683 1026 mendis
703 961 866 1046 corrumpi
884 961 1034 1046 patiaris,
1053 961 1212 1047 originem
1231 966 1264 1025 et
1281 966 1432 1025 naturam
1451 983 1563 1025 eorum

283 1071 381 1157 paulo
406 1069 588 1135 accuratius
612 1069 765 1134 scruteris
790 1073 928 1153 oportet.

371 1177 480 1260 Atque
500 1176 641 1261 primum
660 1198 725 1240 uno
745 1176 784 1240 de
804 1176 908 1261 capite
929 1197 1040 1239 omnes
1060 1175 1186 1239 codices
1202 1180 1291 1239 ortos
1307 1197 1375 1239 esse
1391 1197 1429 1238 ex
1444 1175 1562 1260 glossis

283 1285 475 1368 lacunisque
494 1284 639 1348 omnium
659 1283 886 1347 communibus
906 1280 960 1368 (cf.
976 1280 1011 1345 0.
1027 1283 1117 1346 1129.
1141 1282 1256 1345 v1149.
1280 1299 1313 1365 x,
1328 1283 1379 1347 25.
1402 1281 1436 1345 P.
1452 1300 1474 1345 v
1492 1284 1563 1348 118.

282 1411 319 1456 xl
339 1395 381 1455 42
399 1389 454 1477 al)
485 1391 564 1455 satis
593 1395 728 1474 apparet
783 1387 853 1464 Quo
883 1393 992 1452 autem
1019 1393 1165 1472 tempore
1194 1387 1288 1470 illud,
1314 1389 1503 1472 priusquam
1529 1389 1564 1452 in

283 1499 390 1563 varios
418 1496 541 1560 rivulos
571 1497 787 1576 diduceretur,
815 1495 979 1578 exemplar
1007 1494 1171 1558 exstitisse
1194 1493 1354 1577 videatur,
1381 1494 1446 1559 iam
1469 1494 1563 1559 nobis

283 1604 501 1690 quaerendum
535 1608 592 1667 est.
639 1602 678 1666 In
711 1601 864 1665 membris
896 1602 998 1688 igitur
1031 1601 1210 1665 carminum
1243 1600 1461 1685 dispescendis
1491 1624 1565 1667 oum

284 1733 396 1776 omnes
418 1709 493 1773 libri
512 1709 579 1773 fere
598 1709 718 1791 ubique
737 1708 783 1771 ita
804 1709 1020 1790 consentiant,
1043 1713 1080 1771 ut
1100 1706 1231 1793 grandis
1250 1706 1338 1771 illius
1356 1730 1565 1772 numerorum
1641 1768 1645 1777 .

286 1817 428 1906 generis,
456 1815 549 1901 quale
572 1814 727 1878 Thebano
756 1819 869 1897 poetae
899 1820 1023 1878 veteres
1053 1819 1085 1877 et
1112 1813 1234 1897 peritos
1261 1812 1384 1878 iudices
1411 1813 1564 1878 tribuisse

286 1924 321 1989 in
358 1921 631 1988 commentatione
669 1920 863 2002 academica,
901 1920 962 1984 Die
1000 1920 1172 1984 metrische
1205 1918 1473 2006 Ueberlieferuug
1510 1922 1566 1985 der

285 2030 519 2095 Pindarischen
543 2027 632 2092 Odeu
656 2025 754 2113 (Abh.
778 2029 807 2091 d.
830 2028 904 2111 bay.
928 2027 990 2091 Ak.
1015 2031 1037 2089 t.
1056 2025 1104 2089 XI
1128 2049 1155 2091 a.
1178 2024 1277 2113 1868)
1300 2028 1449 2111 probavi,
1476 2028 1567 2092 nulla

286 2137 353 2202 fere
377 2136 517 2221 vestigia
540 2134 716 2218 supersint,
745 2133 957 2217 archetypum
983 2133 1064 2196 illud
1087 2138 1162 2217 post
1185 2133 1439 2217 Aristophanem
1463 2156 1566 2220 gram-

288 2244 457 2327 maticum,
481 2263 576 2326 quem
599 2241 740 2326 primum
765 2240 941 2324 lyricorum
965 2240 1109 2304 carmina
1131 2240 1166 2303 in
1190 2240 1261 2305 cola
1280 2241 1427 2305 divisisse
1446 2241 1568 2326 Diony-

286 2353 353 2416 sius
379 2349 647 2414 Halicarnasseus
672 2348 709 2411 de
735 2347 820 2411 verb.
844 2353 1283 2431 compos.c.xx11ecxxv1
1307 2348 1480 2413 memoriae
1504 2354 1568 2414 tra-

286 2458 382 2539 didit,
402 2461 569 2520 exaratum
589 2477 659 2518 esse
675 2459 925 2519 consentaneum
942 2460 1000 2518 est.
1031 2455 1244 2519 Accuratiora
1259 2455 1352 2520 docet
1367 2456 1567 2540 comparatio

284 2565 461 2630 lectionum
490 2562 638 2626 codicum
666 2585 739 2626 cum
767 2561 900 2626 scholiis
929 2561 1091 2625 veteribus
1121 2561 1286 2645 instituta3
1315 2562 1395 2626 haec
1419 2563 1502 2627 enim
1529 2585 1567 2627 ex

287 2670 421 2755 Didymi
441 2668 651 2754 potissimum
671 2668 812 2752 copiosis
830 2666 1069 2732 commentariis
1086 2667 1261 2751 compilata
1275 2690 1344 2732 esse
1359 2669 1444 2732 inter
1459 2691 1570 2735 omnes

288 2779 368 2845 satis
401 2780 544 2860 constat3
571 2775 636 2838 iam
665 2796 742 2838 vero
764 2774 955 2859 integriora,
984 2795 1080 2856 quam
1103 2770 1235 2839 Pindari
1259 2775 1384 2839 codices
1407 2776 1571 2860 exhibent,

287 2873 489 2968 exemplaria
513 2881 712 2946 scholiorum
736 2880 980 2964 compilatorem
1004 2885 1079 2944 ante
1103 2881 1214 2946 oculos
1237 2881 1389 2947 habuisse
1413 2904 1486 2945 cum
1508 2882 1571 2947 alia

287 2994 512 3058 demonstrant
533 2994 604 3052 tum
623 2986 791 3051 adnotatio
810 2985 845 3050 P.
860 3003 896 3049 XI
911 2989 954 3051 42
973 2987 1106 3052 adiecta.
1138 2988 1269 3052 Etenim
1290 2988 1374 3071 quod
1395 2988 1571 3053 scholiasta

289 3099 371 3165 dicit
395 3100 497 3162 λείπει
521 3097 558 3160 τὸ
582 3094 740 3178 ὀφείλεις,
762 3093 795 3157 id
820 3092 900 3156 satis
923 3094 1088 3179 arguitis
1111 3094 1199 3159 illius
1222 3095 1315 3160 libris
1336 3095 1477 3180 glossam
1497 3097 1570 3181 χρή,

289 3228 371 3291 quae
403 3204 439 3267 in
471 3224 584 3267 omnes
618 3201 743 3266 codices
776 3204 907 3263 nostros
936 3200 1081 3286 irrepsit,
1112 3202 1256 3265 nondum
1289 3202 1431 3267 additam
1461 3203 1570 3267 luisse.

285 3312 400 3395 Itaque
425 3309 636 3393 archetypum
657 3312 843 3372 nostrorum
863 3306 1021 3370 librorum
1039 3312 1116 3391 post
1134 3307 1217 3391 eius,
1241 3308 1296 3391 qui
1316 3308 1440 3373 scholia
1458 3314 1568 3373 vetera

287 3416 488 3502 compilavit,
512 3420 652 3480 aetatem
677 3415 833 3498 scriptum
856 3413 956 3477 fuisse
974 3436 1034 3497 pro
1054 3419 1142 3478 certo
1162 3420 1302 3499 statuas3
1324 3415 1353 3479 is
1373 3420 1481 3479 autem
1501 3437 1565 3479 non

288 3525 393 3589 solum
417 3522 595 3606 Didymum
624 3520 679 3584 sed
709 3543 748 3584 ue
772 3519 994 3587 Herodianum
1019 3519 1162 3605 quidem,
1190 3526 1302 3605 utpote
1327 3522 1377 3586 bis
1401 3521 1572 3586 laudatum

288 3629 342 3716 (cf.
372 3628 473 3695 schol.
497 3627 626 3694 0.118
655 3631 689 3691 et
712 3626 747 3690 P.
767 3643 805 3690 111
825 3624 897 3713 65),
924 3627 1112 3710 antecessit,
1140 3649 1335 3712 quamquam
1364 3628 1483 3692 certius
1512 3629 1568 3692 ali·

286 3738 363 3822 quid
387 3735 520 3800 definire
543 3734 691 3818 equidem
714 3756 780 3798 uon
804 3733 916 3797 ausim.

374 3843 437 3908 Illo
459 3842 495 3907 in
517 3841 603 3906 libro
626 3841 802 3925 archetypo
825 3862 1033 3904 numerorum
1057 3862 1155 3904 causa
1178 3842 1258 3905 adeo
1277 3841 1359 3905 nihil
1378 3847 1448 3905 erat
1467 3865 1566 3906 nova-

287 3955 372 4035 tum,
395 3954 432 4014 ut
455 3955 488 4013 et
513 3948 610 4012 verba
629 3969 710 4032 quae
729 3952 907 4011 metrorum
927 3947 1055 4032 legibus
1074 3947 1200 4011 excludi
1220 3947 1339 4011 dudum
1360 3948 1565 4033 grammatici

286 4057 528 4139 intellexerant,
550 4059 588 4119 ut
610 4053 758 4138 φιλέοντι
784 4049 820 4117 dt
844 4058 970 4117 Μοῖσαι
992 4053 1026 4117 0.
1048 4055 1141 4131 1126,
1165 4053 1236 4117 loco
1256 4076 1321 4118 non
1340 4055 1509 4138 cesserint,
1533 4061 1566 4119 et

287 4165 437 4251 vulgares
464 4162 602 4245 formae,
631 4161 777 4246 quamvis
802 4166 905 4224 metro
929 4165 1161 4245 repugnantes,
1190 4160 1311 4224 formas
1334 4163 1565 4226 reconditiores

286 4294 440 4355 persaepe
460 4268 650 4353 expulerint.
678 4267 849 4332 Praeterea
864 4265 1016 4329 librarius
1032 4265 1199 4351 archetypi
1214 4265 1300 4331 haud
1315 4289 1388 4331 raro
1403 4269 1564 4332 variantes

286 4377 442 4442 lectiones
463 4376 513 4440 vel
533 4397 572 4439 ex
590 4373 723 4439 scholiis
742 4378 909 4457 excerptas
925 4370 976 4435 vel
991 4394 1029 4435 er
1044 4373 1129 4455 aliis,
1148 4393 1230 4455 quos
1245 4396 1334 4438 more
1349 4380 1418 4439 tum
1434 4381 1564 4460 recepto

288 4506 361 4550 cum
389 4505 448 4548 suo
476 4481 652 4566 exemplari
681 4481 876 4564 contulerat,
904 4478 1068 4543 codicibus
1096 4484 1245 4544 enotatas
1273 4481 1307 4544 in
1335 4481 1480 4566 margine
1509 4486 1565 4545 aut

288 4612 385 4675 supra
411 4589 532 4654 lineam
560 4588 735 4672 adiecerat,
766 4588 849 4651 unde
880 4585 915 4650 in
944 4585 1066 4649 nostris
1095 4606 1223 4668 quoque
1251 4588 1416 4652 codicibus
1443 4587 1566 4671 passim

288 4698 368 4762 duae
401 4696 571 4781 lectiones,
603 4717 668 4760 una
699 4694 784 4759 infra
814 4692 917 4757 altera
945 4713 1042 4775 supra
1070 4691 1186 4756 lineam
1216 4693 1356 4776 scriptae
1385 4700 1566 4758 occurrunt.

290 4803 438 4890 Denique
468 4803 623 4869 contiuua
648 4802 809 4888 scriptura
831 4804 864 4864 et
887 4797 1074 4864 maiusculis
1097 4796 1217 4862 litteris
1241 4798 1452 4883 archetypum
1474 4801 1565 4865 illum
