3406 5378
281 324 398 379 XCVIII
788 324 1065 377 PROLEGOMENA.

285 487 444 554 Kirehero
469 487 572 552 editas
596 510 616 551 a
638 486 770 551 falsario
794 486 897 552 factas
921 507 991 551 esse
1014 507 1118 568 neque
1142 484 1318 568 quidquam
1341 482 1454 548 auxilii
1476 504 1568 569 prae

283 596 359 660 bere
398 595 437 659 ad
474 598 616 660 veterem
654 593 826 658 melodiam
863 593 1067 658 Pindarieam
1104 591 1339 656 restituendam
1375 613 1567 676 persuasum

283 702 433 786 equidem
452 701 565 766 habeo.
608 701 903 766 Instrumentorum
921 722 998 765 vero
1018 699 1215 764 musicorum
1234 704 1341 784 poeta,
1364 721 1438 763 eum
1456 698 1567 762 omnia

284 809 425 894 epinicia
447 809 572 875 cantari
597 813 631 873 et
653 808 816 874 accentari
839 809 937 873 vellet
960 813 994 872 et
1016 807 1157 892 nullum,
1179 829 1220 871 ne
1243 805 1411 891 epistolari
1435 805 1566 889 quidem

286 916 427 981 carmine
451 916 486 979 P.
507 933 544 978 111
567 920 713 1000 excepto,
736 916 777 980 ad
799 915 971 1001 legendum
995 914 1101 979 solnm
1125 914 1311 998 destinaret,
1335 934 1566 997 saepenumero
1597 980 1602 987 ,

285 1023 483 1088 mentionem
506 1022 632 1105 iniecit,
661 1023 717 1086 sed
740 1045 778 1087 ex
801 1022 842 1086 iis
866 1022 947 1086 locis
970 1043 1071 1107 paene
1094 1020 1176 1085 nihil
1200 1020 1385 1104 didicimus,
1406 1019 1470 1084 nisi
1494 1042 1568 1084 can-

286 1134 396 1194 torum
420 1129 554 1194 vocibus
577 1128 698 1212 partim
720 1129 812 1193 tibiis
836 1127 928 1215 (0.1.
950 1130 999 1194 18.
1033 1147 1054 1190 v
1076 1129 1126 1192 19.
1158 1146 1194 1192 rx
1205 1126 1281 1214 13),
1303 1127 1423 1212 partim
1447 1122 1566 1190 fidibus

284 1240 460 1322 (φόρμιγγι
488 1235 574 1300 0.11
602 1239 653 1301 52.
696 1236 729 1300 P.
752 1255 761 1299 1
788 1238 816 1300 1.
837 1238 887 1302 97.
921 1238 1017 1301 1171.
1049 1254 1085 1298 ιν
1105 1236 1179 1300 296.
1219 1232 1259 1298 N.
1279 1252 1314 1297 ιν
1334 1235 1363 1298 ἴ).
1382 1235 1434 1298 44.
1471 1236 1567 1318 v24,

285 1345 370 1430 λύρᾳ
398 1342 435 1408 0.
459 1361 483 1406 11
507 1344 559 1408 52.
601 1343 633 1406 P.
658 1361 720 1405 vni
745 1343 796 1407 31.
834 1361 858 1406 x
882 1345 933 1407 21.
970 1360 1006 1405 xl
1027 1339 1076 1427 7),
1107 1341 1227 1426 partim
1259 1341 1350 1406 tibiis
1382 1346 1415 1405 et
1447 1341 1565 1405 fidibus

286 1449 337 1535 (0.
357 1468 393 1513 111
414 1452 444 1516 8.
477 1467 525 1513 vu
548 1451 595 1515 12.
628 1451 724 1513 x93.
765 1449 799 1514 P.
817 1462 846 1512 x¹
861 1452 912 1516 39.
953 1448 994 1513 N.
1014 1467 1049 1511 rx
1069 1451 1098 1514 8.
1140 1449 1282 1533 l.v?l;
1310 1448 1349 1513 of.
1373 1449 1450 1512 Eur.
1469 1448 1564 1512 llere.

286 1556 365 1641 683)
398 1556 606 1620 adeantatum
637 1579 715 1620 esse.
766 1555 872 1631 Quid?
909 1557 996 1640 quod
1024 1579 1062 1620 ox
1089 1556 1141 1619 his
1169 1554 1249 1619 locis
1277 1577 1318 1620 ne
1344 1554 1407 1620 hoc
1435 1555 1565 1639 quidem

286 1666 372 1726 certe
395 1663 543 1727 concludi
565 1669 684 1748 potest,
707 1662 741 1726 in
764 1664 804 1727 iis
829 1664 1036 1746 carminibus,
1059 1663 1092 1726 in
1116 1663 1233 1746 quibus
1253 1662 1341 1726 solae
1360 1661 1460 1727 tibiae
1480 1685 1565 1727 corn-

286 1773 519 1854 memorentur,
546 1769 664 1833 fidibus
688 1770 813 1834 nullum
836 1770 944 1834 locum
968 1770 1081 1854 fuisse,
1110 1770 1370 1855 quandoquidem
1394 1770 1426 1833 in
1451 1770 1565 1835 eodem

285 1876 426 1940 carmine
454 1875 494 1941 N.
514 1895 552 1939 111
579 1882 676 1960 poeta
702 1877 842 1961 primum
872 1877 972 1941 solius
1000 1876 1089 1961 lyrae
1117 1875 1159 1961 (v.
1181 1875 1251 1961 12),
1280 1877 1393 1942 deinde
1421 1877 1564 1942 solarum

284 1983 438 2047 tibiarum
468 1981 511 2069 (v.
532 1980 588 2069 79)
616 1984 813 2048 mentionem
841 1984 919 2048 fecit
942 1983 1156 2068 similiterque
1180 1982 1216 2047 Ο.
1235 2001 1259 2047 x
1278 1985 1321 2050 84
1344 1990 1377 2049 et
1395 1985 1452 2069 94,
1480 1986 1564 2049 uude

284 2090 444 2156 Ernestus
469 2089 552 2155 Graf
575 2091 609 2154 in
638 2091 853 2155 subtilissimo
879 2091 963 2154 libro
987 2091 1025 2154 de
1050 2090 1248 2155 Graecorum
1271 2095 1416 2156 veterum
1438 2113 1474 2156 re
1498 2084 1564 2155 niu-

284 2197 351 2262 sica
380 2221 410 2281 p.
434 2200 478 2262 db
506 2220 572 2262 uon
600 2198 811 2283 singularem,
843 2198 899 2263 sed
926 2197 1115 2262 sollemnem
1144 2198 1245 2263 fuisse
1273 2199 1563 2263 instrumentorum

284 2304 530 2369 coniunctorum
550 2328 653 2370 usum.
696 2304 880 2371 Coneentus
899 2312 1008 2370 autem
1027 2305 1182 2371 tibiarum
1201 2310 1235 2369 et
1253 2306 1462 2389 cithararum,
1481 2327 1563 2390 quae

282 2415 447 2476 συναυλία
461 2412 622 2498 audiebat,
640 2413 790 2496 inprimis
804 2414 839 2477 in
853 2413 1013 2498 prosodiis
1028 2436 1122 2477 suum
1137 2414 1245 2477 locum
1259 2413 1413 2478 habuisse
1428 2413 1564 2495 videtur,

284 2518 451 2602 quoniam,
482 2524 520 2583 ut
547 2520 735 2585 Theodorus
764 2519 922 2604 lteinaeh,
950 2543 1088 2606 corresp.
1112 2520 1186 2584 hell.
1213 2521 1298 2585 1894
1325 2544 1357 2603 p.
1376 2522 1442 2585 604
1469 2520 1563 2585 docte

283 2627 447 2710 exposuit,
479 2633 512 2691 et
543 2627 577 2690 in
609 2650 730 2711 paeaue
763 2628 953 2710 prosodiaco
984 2628 1141 2711 Delphico
1169 2650 1272 2711 nuper
1298 2627 1332 2690 in
1361 2627 1465 2691 lucem
1492 2649 1564 2712 pro·

282 2736 388 2798 tracto
413 2756 486 2797 eum
510 2740 702 2818 usurpatum
725 2756 796 2798 esse
819 2756 931 2798 versus
955 2736 1033 2819 hsq.
1058 2735 1175 2800 docent

435 2896 511 2976 λιγὺ
535 2890 571 2957 δὲ
595 2895 697 2970 λωτὸς
720 2892 852 2980 βρέμων
875 2897 1001 2971 αἰόλοις
1023 2895 1155 2980 μέλεσιν
1179 2893 1271 2983 ᾠδὰν
1293 2893 1416 2981 κρέκει,

435 2999 557 3085 χρυσέα
581 2999 613 3063 d’
634 3000 808 3086 ἁδύθρους
830 3005 966 3087 κίθαρις
987 3002 1143 3087 ὕμνοισιν
1167 3000 1401 3087 ἄναμέλιιετιιι,

283 3165 316 3224 et
339 3159 374 3223 in
394 3160 537 3245 zophoro
557 3162 804 3244 septentrionali
824 3163 913 3227 aedis
932 3162 1096 3229 Minervae
1115 3163 1324 3229 Atheniensis
1344 3185 1445 3248 aeque
1465 3168 1562 3247 atque

282 3266 317 3330 in
339 3266 472 3331 vasculo
496 3268 670 3352 antiquarii
690 3268 910 3335 Beroliuensis
934 3293 964 3334 n,
981 3274 1066 3336 1686
1085 3271 1237 3335 tibicines
1256 3276 1290 3334 et
1307 3271 1454 3335 fidicines
1474 3293 1563 3356 pom-

281 3373 371 3456 pales
395 3376 629 3459 repraesentati
652 3380 737 3440 sunt.

373 3480 422 3545 De
446 3481 589 3546 motibus
613 3482 704 3547 chori
727 3483 761 3546 in
784 3484 931 3568 epiniciis
956 3484 1108 3549 canendis
1132 3485 1305 3549 subtiliora
1328 3486 1485 3569 quaedam
1508 3507 1560 3550 ex-

282 3586 425 3670 piscatus
458 3610 528 3653 esse
561 3589 624 3654 sibi
656 3590 783 3654 videtur
815 3590 986 3656 Eduardus
1020 3590 1194 3675 Boehmer,
1231 3591 1366 3657 l'indars
1400 3590 1561 3658 sicilische

205 3762 212 3789 ι
283 3694 615 3781 (lde11,Bom118!ll,
638 3719 734 3782 quem
757 3697 881 3779 librum
900 3704 937 3763 ut
959 3698 1023 3782 ipsi
1046 3699 1213 3764 excutiant
1236 3699 1291 3783 qui
1310 3698 1405 3784 plura
1423 3701 1462 3764 de
1480 3699 1562 3765 diffi-

282 3801 336 3865 cili
369 3801 430 3866 hac
463 3826 497 3867 re
528 3826 661 3903 noscere
694 3804 809 3890 velint,
840 3812 974 3892 rogatos
1007 3807 1113 3871 velim.
1149 3806 1237 3891 ,Ipse
1269 3829 1310 3870 ne
1342 3806 1412 3891 hoc
1432 3805 1561 3890 quidem

282 3914 405 3974 certum
429 3933 499 3975 esse
522 3910 604 3977 duco
629 3910 764 3976 chorum
787 3913 822 3975 in
844 3913 1045 3978 hemichoria
1068 3936 1194 3999 semper
1217 3915 1355 3978 divisum
1379 3918 1413 3978 et
1436 3915 1477 3978 ab
1496 3934 1561 3979 uno

281 4015 480 4081 hemichorio
514 4019 696 4103 stropham,
728 4020 768 4082 ab
797 4020 900 4084 altero
929 4022 1180 4106 antistropham,
1213 4022 1254 4086 ab
1281 4023 1432 4087 universo
1460 4022 1560 4086 choro

281 4123 419 4206 epodum
443 4128 590 4188 cantatas
613 4147 692 4189 esse.
733 4124 874 4191 Multum
898 4129 984 4193 enim
1007 4129 1042 4193 in
1066 4128 1126 4193 hac
1149 4152 1183 4193 re
1202 4128 1360 4193 Pindarus
1384 4152 1405 4193 a
1424 4127 1561 4195 scenicis

280 4230 387 4312 poetis
410 4230 531 4294 Atticis
556 4230 676 4316 differt,
699 4234 785 4315 quod
809 4233 947 4298 illinon
971 4235 1077 4300 solum
1099 4237 1163 4299 fine
1187 4236 1340 4320 strophae
1364 4235 1559 4301 seutentiam

281 4335 347 4399 fere
369 4335 613 4423 concludebant,
636 4339 691 4402 sed
711 4340 809 4404 etiarm
829 4364 1072 4426 nonnumquam
1092 4346 1128 4406 ut
1148 4343 1283 4426 stropha
1302 4349 1335 4407 ct
1354 4343 1560 4428 antistropha

281 4442 492 4507 similitudine
525 4445 773 4530 sententiarum,
807 4449 884 4533 quin
918 4451 996 4513 mleo
1030 4450 1202 4514 verborum
1235 4451 1297 4514 sibi
1329 4451 1559 4536 responderent

281 4550 453 4634 curabant,
484 4557 598 4615 contra
626 4552 784 4619 Pindarus
817 4578 1047 4640 saepenumero
1080 4557 1114 4620 iu
1142 4559 1204 4621 line
1234 4557 1389 4641 strophae
1417 4562 1450 4621 et
1478 4556 1560 4621 anti-

281 4656 435 4740 strophae
448 4658 581 4743 nullam,
597 4682 636 4723 ne
651 4661 818 4725 minimam
834 4661 963 4745 quidem
977 4663 1273 4747 interpunctionem
1288 4665 1407 4748 posuit.
1436 4662 1558 4740 Quodsi

279 4762 492 4829 nihilominus
516 4765 758 4833 Pindaricururu
788 4769 966 4834 carminum
991 4770 1145 4855 strophae
1169 4777 1201 4835 ct
1224 4771 1448 4856 uritistrophae
1472 4772 1559 4835 inter
1603 4764 1616 4793 ⁸
