3406 5378
721 375 853 426 PYTHIA
871 375 918 427 lv,

181 555 232 603 νοτ
252 541 411 623 φοίνισσα
434 535 470 604 δὲ
496 541 665 624 Θρηικίων
688 536 787 620 άγέλα
809 538 943 620 ταύρων
966 536 1114 621 ὑπᾶρχεν

251 645 306 711 καί
330 648 520 711 νεόκτιστον
543 649 651 710 λίθων
674 649 799 729 βωμοῖο
822 643 936 731 θέναρ.

254 751 287 829 ἐς
309 748 346 817 δέ
369 753 531 818 κίνδυνον
554 754 677 839 βαθύν.
691 750 813 836 ίέμενοι

298 859 462 924 δεσπόταν
485 863 639 924 λίσσοντο
662 869 768 943 ναῶν,

253 1056 453 1140 συνδρόμων
475 1056 642 1139 κινηθμὸν
665 1055 887 1140 ἀμαιμάκετον
1245 1058 1326 1140 Στρ.
1351 1052 1385 1120 ι’.
1409 1071 1461 1119 370

254 1163 412 1248 ἐκφυγεῖν
438 1172 572 1247 πετρᾶν.
617 1163 755 1247 δίδυμαι
783 1163 845 1249 γάρ
874 1165 954 1227 ἔσαν
978 1163 1070 1246 ζωαί,
1093 1159 1349 1227 κυλινδέσκοντό
1372 1185 1407 1227 τε

1139 1270 1375 1354 κραιπνότεραι

182 1376 273 1460 arod
305 1378 552 1463 βαρυγδούπων
584 1375 715 1461 ἀνέμων
747 1379 868 1461 στίχες·
909 1374 982 1441 ἀλλ’
1017 1376 1081 1458 ἤδη
1113 1377 1268 1440 τελευτάν
1298 1387 1408 1452 κεῖνος

1141 1483 1257 1559 αὐταῖς

254 1571 405 1657 ἡμιθέων
427 1575 528 1651 πλόος
551 1575 681 1656 άγαγεν.
728 1572 761 1650 ἐς
786 1579 895 1638 Φᾶσιν
918 1570 949 1636 δ’
975 1575 1100 1638 ἔπειτεν
1408 1589 1460 1637 375

256 1680 400 1762 ἤλυθον·
424 1683 508 1744 ἔνθα
531 1682 768 1745 κελαινώπεσσι
792 1683 972 1764 Κόλχοισιν
995 1683 1074 1763 βίαν

254 1785 352 1870 μῖξαν
376 1788 484 1874 Αἰήτᾳ
505 1784 535 1851 τ’
561 1787 684 1874 ἀγανῷ.
729 1789 848 1851 πότνια
872 1784 904 1850 δ’
929 1785 1097 1865 ὀξυτάτων
1119 1784 1244 1870 βελέων
1409 1802 1461 1850 380

254 1897 408 1959 ποικίλαν
432 1900 531 1976 ίυγγα
555 1894 779 1979 τετράκναμον
805 1893 1044 1979 Ού-λυμπόθευ

184 2018 236 2064 κισ
255 1999 293 2065 ἐν
317 1999 426 2088 άλύτῳ
452 2000 601 2079 ζεύξαισα
624 2002 744 2089 κύκλῳ,

254 2194 388 2282 μαινάδ’
415 2198 511 2281 όρνιν
535 2195 763 2283 Κυπρογένεια
788 2195 890 2282 φέρεν
1251 2195 1334 2261 Ἀντ.
1358 2195 1395 2261 ι’.

186 2409 270 2463 έσδνν
290 2441 321 2447 -
343 2407 417 2461 ἐναλ.
438 2408 465 2461 Β
478 2408 537 2462 OD
555 2439 588 2447 -
608 2414 668 2463 206.
688 2405 779 2462 λίθων
796 2407 893 2463 Triclz
913 2405 1026 2462 λίθινον
1044 2408 1178 2474 BCDE;
1197 2404 1289 2475 θέναρ
1309 2409 1403 2479 βωμοῦ
1422 2410 1462 2461 λί-

185 2486 270 2535 θινον
293 2479 364 2533 coni.
384 2477 532 2532 Ahlwardt
550 2512 585 2518 —
604 2484 664 2532 ⁶308.
690 2480 849 2548 σύνδρομον
874 2481 904 2534 Ε
923 2511 949 2518 --
974 2484 1033 2534 209.
1061 2477 1176 2548 δίδυμαι
1203 2480 1243 2533 D:
1270 2477 1383 2548 δίδυμοι
1401 2481 1465 2533 Bc

186 2584 219 2592 -
238 2552 377 2619 κραιπνὸν
396 2552 586 2619 [laecanius
610 2555 639 2604 et
662 2572 678 2605 ν
697 2550 725 2603 in
751 2551 803 2618 lit.)
830 2583 862 2590 -
889 2557 948 2605 211.
975 2549 1019 2605 d’:
1046 2549 1072 2619 γ’
1096 2551 1128 2617 0,
1175 2551 1229 2603 uod
1255 2568 1288 2603 ex
1314 2570 1343 2604 τε
1369 2555 1461 2603 ortum

185 2622 296 2677 videtur
320 2653 353 2662 -
378 2620 464 2675 ἔπειτ’
486 2622 563 2689 ἀνάλ.
585 2624 625 2688 Β,
649 2621 736 2676 ἔπειτ’
754 2667 759 2677 .
776 2666 781 2676 .
797 2621 830 2688 rit
857 2622 888 2675 D
910 2621 962 2691 (lit.
983 2622 1056 2675 inter
1073 2642 1088 2675 τ
1108 2624 1136 2675 et
1155 2630 1182 2689 η)
1203 2654 1236 2660 -
1260 2628 1320 2676 212.
1346 2639 1422 2675 -πεσι
1443 2624 1466 2672 l?

188 2727 219 2734 —
235 2701 295 2749 213.
309 2691 334 2747 τ’
352 2694 449 2765 άγανῴ
463 2693 534 2747 coni.
550 2693 730 2749 Herwerdeu:
745 2692 814 2761 παρ’
831 2695 906 2767 αύτῷ
921 2694 1010 2760 νωδὰ,
1026 2691 1052 2746 τ’
1069 2694 1183 2765 άγανρῷ
1199 2692 1269 2748 coni.
1286 2693 1322 2748 M.
1334 2692 1462 2746 Schmidt

186 2798 221 2805 -
239 2765 312 2831 όξντ.
330 2766 396 2820 Oet
415 2765 516 2820 schol:
535 2766 616 2820 ὠκντ.
631 2766 658 2819 Β
670 2765 700 2818 D
719 2797 751 2804 -
771 2772 831 2820 216.
853 2765 929 2835 ἔρνιν
947 2766 975 2819 Β
994 2797 1027 2805 -

186 2909 212 2962 le
233 2909 336 2962 endum
354 2923 414 2961 esse
434 2906 548 2962 conieci.
585 2907 677 2962 Aliter
690 2907 883 2962 Timosthenes
898 2907 927 2961 in
942 2907 1055 2962 scholiis
1070 2907 1213 2978 Apollonii
1231 2927 1252 2959 11
1270 2925 1310 2963 saa
1328 2907 1369 2961 rei
1387 2907 1461 2961 diffi-

186 2927 322 3033 cuiatem
346 2978 476 3048 expedire
500 2983 617 3033 conatus
641 2983 696 3034 est:
722 2979 899 3049 Τιμοσθένης
922 2977 953 3033 δέ
976 2998 1045 3048 φησι
1068 2980 1133 3042 τοὺς
1156 2978 1207 3048 μὲν
1231 2977 1334 3046 Φρίξου
1357 2982 1463 3041 παῖδας

187 3052 296 3124 βωμοὺς
315 3051 425 3104 δώδεκα
444 3049 616 3118 ίδρύσασθαι
633 3060 688 3105 τῶν
706 3054 792 3118 θεῶν,
811 3052 876 3112 τοὺς
895 3049 925 3103 δὲ
943 3050 1125 3119 Ἀργοναύτας
1143 3059 1193 3104 τοῦ
1208 3053 1385 3114 Ποσειδῶνος
1402 3050 1462 3104 scil.

187 3120 298 3177 ἐναλίου
317 3153 350 3161 -
365 3127 425 3175 206.
445 3118 577 3190 φοίνισσα
594 3121 739 3202 scrupulos
753 3122 895 3176 veteribus
910 3122 1101 3192 grammaticis
1121 3121 1217 3188 movit,
1236 3122 1370 3190 quoniam
1387 3121 1462 3191 nigri

186 3194 262 3246 tauri
281 3193 405 3262 Neptuni
426 3192 498 3245 sacri
517 3195 610 3260 erant3
635 3193 699 3247 side
723 3197 817 3247 tamen
838 3193 869 3247 0.
888 3213 937 3245 xm
957 3210 982 3247 οο
1002 3225 1035 3233 -
1057 3196 1208 3261 Θρηικίου·
1233 3212 1295 3246 cum
1315 3193 1463 3247 delubrum

189 3265 261 3319 illud
281 3264 310 3317 in
330 3264 455 3318 Asiatico
474 3263 556 3318 litore
575 3263 698 3334 positum
718 3269 804 3331 esset,
823 3264 945 3317 Thraces
964 3264 1147 3334 intellegendi
1166 3268 1232 3317 suut
1250 3265 1374 3334 Bithyni,
1394 3281 1463 3333 quos

189 3336 349 3392 Herodotus
363 3355 401 3388 vu
416 3352 441 3390 τι
460 3353 493 3389 ex
512 3336 624 3403 Europa
643 3334 672 3387 in
686 3335 783 3388 Asiam
801 3335 946 3389 traiecisse
964 3336 1065 3390 tradit:
1085 3332 1162 3389 οὗτοι
1180 3337 1231 3404 μὲν
1246 3337 1387 3404 (Θρήικες)
1402 3339 1463 3389 δια-

189 3407 289 3481 βάντες
308 3406 359 3476 μέν
379 3407 405 3468 ἐς
423 3407 474 3474 τὴν
489 3404 580 3474 Ἀσίην
599 3405 760 3475 ἐκλήθησαν
775 3404 895 3460 Βιθυνοί
910 3439 943 3447 -
960 3413 1020 3461 306.
1040 3405 1131 3473 θέναρ
1151 3406 1259 3460 scholia
1277 3408 1463 3477 interpretan-

188 3484 234 3532 tur
257 3481 288 3533 τὸ
310 3487 360 3532 τοῦ
384 3480 477 3550 βωμοῦ
502 3477 623 3547 κοίλωμα
646 3478 678 3530 τό
703 3476 911 3565 ὑποδεχόμενον
933 3477 969 3532 τά
991 3479 1121 3548 θύματα,
1146 3495 1238 3547 quaa
1257 3478 1463 3547 significatione

188 3567 243 3603 uon
267 3550 400 3603 abhorret
422 3549 490 3602 trita
513 3548 618 3603 locutio
643 3547 735 3617 θέναρ
754 3569 845 3620 χειρος
865 3582 897 3590 —-
917 3555 977 3604 208.
1004 3547 1167 3618 συνδρόμων
1183 3595 1188 3604 .
1205 3594 1210 3604 .
1227 3592 1232 3602 .
1247 3559 1365 3618 πετρᾶν,
1391 3568 1463 3618 quae

189 3621 275 3690 vulgo
295 3621 500 3691 Σνμπληγάδες
518 3620 638 3674 audiunt
656 3624 686 3673 et
704 3621 761 3674 iam
779 3622 900 3675 Homero
919 3642 938 3690 μ
956 3638 982 3675 ω
999 3623 1084 3674 notae
1103 3624 1195 3688 erant;
1219 3638 1267 3674 eas
1287 3624 1465 3691 συνορμάδας

189 3704 237 3759 (an
257 3691 481 3760 σννδρομάδαςλ)
500 3692 671 3745 Simonidem
689 3692 794 3746 dixisse
814 3693 903 3745 tradit
922 3692 1007 3747 schol.
1022 3692 1086 3747 Eur.
1102 3692 1202 3746 Medo
1223 3723 1254 3732 -
1273 3700 1332 3747 210.
1353 3692 1464 3762 ἀνέμων

189 3767 289 3834 στίχες·
316 3767 463 3817 ventorum
486 3767 632 3830 tamquam
650 3763 725 3816 acies
745 3764 818 3817 iuter
836 3781 865 3816 se
884 3763 1033 3832 confligere
1052 3762 1183 3817 dicuntur
1202 3795 1234 3802 -
1254 3770 1314 3818 212.
1334 3766 1464 3817 κελαινό-

189 3852 280 3889 πεσοι·
296 3836 389 3887 fuscos
404 3833 516 3887 finxisse
530 3838 615 3904 poeta
629 3833 741 3888 videtur
755 3835 881 3903 Colchos,
896 3836 971 3902 quod
987 3836 1097 3888 Oceano
1112 3838 1141 3888 et
1155 3834 1339 3889 orientalibus
1351 3835 1464 3888 Aethio·

189 3907 272 3976 pibus
297 3906 468 3991 propinquos
491 3923 538 3961 eos
558 3922 618 3959 esse
638 3906 821 3974 opinabatur;
847 3907 960 3960 eosdem
978 3909 1073 3959 tamen
1091 3907 1177 3959 etiam
1201 3906 1302 3960 Herod.
1322 3926 1342 3957 u
1362 3924 1399 3959 ιυι
1419 3925 1464 3975 με-

188 3978 326 4047 λάγχροας
340 3977 426 4030 luisse
441 3977 538 4044 tradit,
548 3994 595 4031 eos
611 3978 647 4031 ab
657 3978 805 4048 Aegyptiis
819 3977 958 4031 militibus
974 3980 1048 4031 ortos
1063 3994 1124 4030 esse
1138 3980 1228 4044 ratus3
1244 3977 1316 4033 conf.
1330 3978 1463 4046 Lycophr.

189 4068 241 4104 1312
264 4052 293 4103 et
315 4048 476 4119 llolzingeri
504 4066 602 4102 comm.
622 4051 658 4102 ad
683 4050 709 4103 h.
729 4048 747 4104 l.
768 4081 800 4089 —
825 4055 876 4102 212
891 4068 912 4103 s.
942 4047 1007 4121 βίαν
1030 4046 1126 4117 μίξαν·
1154 4048 1300 4102 Dissenius
1322 4048 1464 4102 Boeokhio
1546 4088 1548 4093 >

189 4124 303 4175 auctore
321 4122 500 4191 Argonautas
520 4120 622 4174 statuit
640 4121 773 4190 primum,
793 4137 855 4174 cum
874 4121 971 4174 urbem
989 4123 1130 4189 peterent,
1145 4137 1163 4173 a
1176 4119 1287 4174 Colchis
1305 4119 1464 4190 prohibitos

188 4209 249 4245 esse
275 4195 304 4246 et
329 4191 414 4244 armis
437 4191 514 4245 viam
540 4191 594 4244 sibi
620 4209 743 4261 parasse,
772 4191 873 4246 deinde
897 4195 992 4245 autem
1010 4191 1084 4246 inter
1102 4191 1219 4247 Colchos
1239 4196 1268 4245 et
1285 4193 1465 4262 Argonautas

188 4263 365 4331 convenisse,
389 4267 421 4314 ut
443 4262 534 4316 vellus
558 4264 642 4317 certis
666 4263 878 4319 condicionibus
897 4263 1067 4317 redderetur.
1105 4265 1143 4316 At
1165 4263 1218 4317 hoc
1241 4263 1324 4317 nimis
1349 4265 1465 4318 obscure

188 4338 273 4404 poeta
297 4336 452 4401 narrasset,
477 4335 659 4401 quamobrem
684 4335 784 4389 dubito
808 4351 844 4387 an
863 4335 966 4389 rectius
986 4333 1140 4388 scholiasta
1159 4335 1245 4388 verba
1263 4334 1464 4405 interpretatus

189 4406 238 4460 sit:
259 4403 324 4478 βίαν
343 4403 438 4475 μίξαν·
459 4406 522 4459 ἀντί
541 4415 590 4459 τοῦ
610 4412 761 4475 συνῆλθον,
777 4407 962 4476 ἐπιμιχθῆναι
977 4404 1112 4474 ἐποίησαν
1126 4409 1178 4475 τὴν
1193 4405 1299 4461 ἑαυτῶν
1314 4408 1379 4479 βίαν
1396 4404 1465 4461 ercl-

189 4498 256 4544 νοις,
275 4474 415 4531 τουτέστιν
435 4475 569 4546 ἐμίγησαν
588 4479 683 4541 αὐτοῖς
698 4510 731 4518 -
746 4484 806 4532 214.
827 4477 923 4546 ίογγα·
944 4477 1079 4545 torquilla
1097 4495 1145 4531 seu
1165 4477 1306 4532 verticilla
1324 4479 1386 4533 avis
1404 4495 1464 4533 mo·

189 4548 301 4602 bilitate
326 4564 376 4600 sua
395 4548 580 4617 agitationem
599 4550 755 4604 aestuantis
770 4548 873 4603 amoris
890 4548 1048 4618 significare
1063 4548 1221 4619 videbatur,
1236 4550 1309 4604 unde
1325 4551 1353 4603 in
1368 4551 1465 4605 incan-

189 4619 345 4673 tationibus
360 4636 395 4672 ca
408 4620 562 4673 utebantur
580 4619 692 4690 illigata
710 4625 798 4690 rotae,
817 4638 902 4690 quam
922 4620 1163 4690 circumagebant;
1183 4622 1236 4675 hoc
1254 4625 1349 4675 autem
1369 4621 1464 4675 incan-

186 4692 304 4746 tationis
324 4709 412 4759 μόνον
433 4692 571 4745 Venerem
589 4694 649 4744 turn
668 4693 801 4762 primurn,
830 4696 861 4745 ut
888 4693 1017 4745 Iasonem
1041 4692 1292 4761 suumadiuvarst,
1320 4693 1354 4747 de
1384 4693 1465 4746 caelo

189 4764 355 4831 mortalibus
374 4762 502 4816 intulisse
520 4765 606 4832 poeta
625 4764 718 4835 fingit3
738 4766 772 4818 oi.
792 4764 826 4819 N.
840 4784 867 4817 a·
883 4781 908 4817 aa
923 4764 997 4834 ἴυγγι
1016 4761 1131 4835 έλκομαι
1149 4759 1225 4834 ἦτορ,
1244 4763 1336 4818 Plaut.
1356 4763 1462 4818 Cistell.

189 4853 210 4887 11
230 4852 249 4904 ι,
267 4851 281 4889 ι
303 4837 442 4892 versoria
460 4838 561 4892 alacris
584 4842 644 4890 rota
667 4839 749 4891 πιέειν
768 4869 799 4878 -

1202 4924 1253 4979 11·
