3406 5378
443 379 466 432 1.
494 380 543 429 DE
563 378 756 430 CODIGIBUS
776 377 1027 444 SUBSIDIISQUE
1047 381 1209 435 CRITICIS.
1414 380 1464 435 VII

186 543 355 604 exaratum
377 539 494 624 fuisse,
517 539 586 605 eius
609 540 656 605 rei
680 541 874 605 documento
898 546 975 606 sunt
998 543 1097 606 verba
1119 542 1203 608 falso
1228 566 1323 628 saepe
1345 544 1466 629 partim

185 646 348 712 disiuncta
370 647 490 731 partim
514 648 687 713 coniuncta
710 653 743 712 et
765 648 893 713 litterae
913 655 945 712 A
964 654 997 713 et
1016 654 1060 731 A,
1089 653 1119 713 T
1137 654 1170 714 et
1193 653 1224 714 Γ
1243 651 1277 714 in
1301 651 1466 715 codicibus

185 753 320 839 nostris,
347 754 540 839 praesertim
566 754 601 818 in
628 754 859 820 vetustissimis
887 755 980 819 libris
1003 756 1221 821 Ambrosiano
1248 762 1281 822 et
1304 756 1465 823 Vaticano

187 861 298 926 crebro
324 865 549 926 commutatae.
650 886 654 894 ·

274 967 326 1032 Ex
344 967 521 1052 archetypo
539 968 613 1052 illo,
635 991 701 1032 non
719 969 806 1054 ipso,
827 969 882 1032 sed
903 969 1099 1054 apographis
1119 969 1188 1034 eius
1208 975 1240 1035 et
1257 970 1338 1055 ipsis
1358 971 1466 1055 deper-

187 1074 264 1138 ditis
297 1074 457 1160 originem
489 1076 650 1139 duxerunt
683 1075 808 1139 codices
841 1080 979 1158 veteres,
1013 1076 1131 1159 quibus
1160 1081 1327 1160 tamquam
1354 1077 1467 1142 funda·

187 1187 296 1245 mento
319 1182 355 1245 in
378 1180 484 1245 verbis
507 1186 623 1266 poetae
644 1182 847 1246 recensendis
866 1182 916 1245 uti
934 1204 994 1245 nos
1014 1187 1151 1266 oportet.
1189 1181 1272 1247 Sunt
1291 1189 1400 1248 autem
1418 1183 1466 1248 hi:

186 1292 218 1352 A
242 1319 283 1341 =
303 1287 540 1352 Ambrosianus
559 1285 584 1352 O
604 1289 678 1371 122,
701 1310 783 1353 saec.
798 1288 876 1372 XII,
899 1288 1045 1353 continet
1063 1288 1221 1353 O.1-rm
1241 1313 1313 1354 eum
1333 1290 1466 1355 scholiis

239 1395 381 1480 propriis
395 1394 635 1479 Ambrosianis,
653 1396 738 1459 idem
757 1394 943 1478 frequenter
961 1395 1061 1460 habet
1074 1395 1181 1460 varias
1198 1396 1353 1462 lectiones
1368 1420 1467 1481 supra

238 1501 358 1565 lineam
381 1502 423 1565 ab
446 1502 557 1565 eadem
580 1502 715 1584 antiqua
739 1501 1002 1586 manuscriptas.
1040 1501 1147 1568 Codex
1167 1503 1310 1586 optimus
1328 1503 1363 1567 in
1383 1503 1467 1569 colo·

239 1607 356 1673 metria
379 1613 411 1672 et
433 1607 629 1673 lectionibus
650 1607 736 1672 haud
754 1630 829 1672 raro
849 1609 889 1672 ab
910 1609 1061 1674 omnibus
1081 1609 1214 1693 reliquis
1232 1609 1326 1674 libris
1345 1609 1467 1675 recedit

238 1721 271 1779 et
295 1714 331 1779 Ο.
350 1732 374 1777 x
393 1716 436 1779 25
464 1714 553 1779 solus
583 1715 693 1800 glossa
711 1712 893 1800 Ἡρακλέης
920 1720 1026 1798 vacat,
1055 1717 1139 1781 unde
1167 1716 1334 1801 proprium
1357 1716 1464 1780 locum

240 1821 302 1886 sibi
331 1821 487 1906 vindicat,
513 1821 598 1885 idem
626 1825 736 1886 tamen
760 1821 913 1908 gravibus
937 1822 1103 1906 foedisque
1127 1823 1252 1886 mendis
1274 1823 1466 1906 neutiquam

242 1933 338 1993 earet.

185 2035 219 2101 B
238 2067 280 2089 =
300 2034 478 2099 Vaticanus
505 2035 603 2115 1312,
632 2057 713 2100 saec.
732 2034 798 2098 XII
817 2057 879 2120 ex,
907 2037 1053 2101 continet
1085 2037 1194 2101 omnia
1221 2037 1365 2102 earmina
1392 2059 1466 2101 eum
1530 2111 1534 2118 Ι

240 2141 372 2207 scholiis
403 2141 544 2226 propriis
576 2140 759 2225 Vaticanis,
791 2143 856 2206 nisi
889 2143 974 2225 quod
1008 2143 1096 2207 foliis
1130 2142 1255 2227 aliquot
1291 2143 1465 2228 deperditis

239 2272 325 2314 nune
348 2249 466 2313 desunt
489 2248 552 2311 O.1
572 2250 691 2331 1-22,
710 2249 851 2314 47-68.
875 2268 898 2312 v
917 2250 1035 2313 9-24.
1064 2248 1091 2312 Ρ
1119 2267 1131 2312 1
1153 2251 1312 2315 1-1156.
1337 2250 1361 2314 I.
1380 2269 1404 2313 v
1423 2251 1466 2315 58

239 2374 319 2419 -V1
336 2358 385 2419 24.
400 2373 463 2418 vm
484 2356 772 2420 19-38oe—fin.
803 2354 919 2419 Manus
938 2357 1100 2421 recentior
1115 2353 1204 2443 (Bl),
1224 2379 1305 2441 quae
1325 2379 1343 2420 a
1362 2356 1467 2440 prima

240 2486 337 2527 manu
352 2459 366 2547 (
400 2460 426 2549 1)
445 2462 597 2547 religiose
615 2461 844 2546 distinguenda
857 2467 920 2545 est,
940 2462 1043 2527 multa
1058 2462 1177 2546 partim
1192 2463 1332 2527 correxit
1346 2463 1467 2547 partim

240 2569 411 2655 supplevit.
449 2567 558 2634 Codex
582 2573 633 2632 est
657 2567 799 2652 optimus
824 2568 919 2633 testis
940 2569 1074 2633 alterius
1093 2569 1249 2654 familiae,
1271 2575 1466 2634 nontamen

240 2682 307 2742 tam
334 2676 476 2761 integer,
505 2679 542 2739 ut
570 2674 643 2739 aliis
671 2675 811 2739 testibus
842 2674 985 2739 eiusdem
1017 2675 1161 2739 familiae
1192 2697 1326 2760 prorsus
1358 2697 1466 2740 carere

239 2784 412 2868 possimus.
456 2781 631 2846 Nonnullis
659 2781 752 2864 locis,
781 2782 899 2865 quibus
929 2783 1006 2866 quid
1035 2783 1134 2848 codex
1158 2783 1339 2867 exhiberet,
1367 2782 1466 2847 etiam

239 2893 315 2974 post
337 2888 544 2953 Mommsenii
572 2910 703 2973 operam
730 2889 864 2952 dubium
887 2888 965 2974 fuit,
993 2887 1028 2954 Ο.
1053 2889 1146 2954 Riich
1170 2894 1203 2953 et
1226 2888 1263 2954 Ο.
1288 2888 1468 2954 Sehroeder

240 2998 346 3061 denuo
370 2995 513 3061 codicem
535 2995 754 3079 inspexerunt.

189 3104 217 3170 0
241 3135 282 3156 =
302 3101 468 3167 Parisinus
493 3102 579 3166 2774
612 3124 693 3167 saec.
719 3100 783 3165 XII
808 3124 871 3186 ex,
903 3102 1049 3167 eontinet
1081 3101 1117 3167 Ο.
1143 3101 1244 3167 1—P.
1270 3121 1292 3166 v
1317 3104 1358 3167 51
1398 3102 1467 3166 sine

239 3209 385 3293 scholiis,
426 3208 511 3273 idem
553 3207 672 3272 multas
710 3213 911 3273 correcturas
944 3231 1116 3293 perpessus
1151 3215 1216 3294 est,
1254 3214 1292 3274 ut
1325 3209 1467 3295 genuina

239 3316 336 3382 lectio
369 3336 464 3399 saepe
492 3314 683 3378 oblitterata
714 3314 766 3379 sit.
817 3314 969 3380 Codieem
1001 3316 1143 3380 medium
1175 3316 1284 3381 locum
1318 3316 1403 3380 inter
1435 3319 1467 3379 A

240 3429 274 3488 et
300 3421 334 3487 B
365 3422 511 3486 obtinere
543 3420 691 3505 inprimis
724 3420 953 3504 inscriptiones
985 3423 1120 3487 odarum
1147 3421 1183 3487 Ο.
1207 3440 1255 3486 111.
1278 3441 1310 3487 v.
1335 3440 1380 3486 vl.
1403 3440 1468 3485 vul

241 3532 474 3596 demonstrant.

187 3638 221 3702 D
240 3668 282 3690 =
302 3635 465 3700 Medieeus
484 3635 540 3718 32,
559 3634 602 3698 52
635 3656 716 3699 saec.
736 3633 921 3718 xlllfflv,
954 3635 1099 3700 continet
1128 3635 1237 3699 omnia
1265 3635 1408 3699 carmina
1436 3639 1469 3699 et

240 3744 279 3808 fr.
304 3748 315 3807 1
349 3765 422 3807 cum
450 3740 583 3805 scholiis
607 3739 775 3806 Vaticanis
804 3741 929 3826 mixtis,
957 3742 1101 3806 eiusdem
1129 3746 1180 3806 est
1202 3742 1346 3806 familiae
1371 3746 1468 3825 atque

240 3851 285 3934 B,
312 3849 369 3913 sed
396 3847 523 3933 plenior
549 3847 622 3933 illo3
654 3853 819 3912 correctus
849 3853 899 3912 est
927 3871 1025 3912 manu
1051 3848 1303 3932 interpolatrice.
1350 3847 1468 3912 Dubiis

240 3956 321 4021 locis
347 3953 383 4019 G.
403 3954 491 4018 Karo
515 3954 659 4019 codicem
684 3956 787 4018 denuo
812 3955 963 4019 excussit.

276 4062 404 4126 Horum
422 4061 570 4126 codicum
588 4060 695 4125 varias
715 4059 870 4124 lectiones
891 4083 1002 4125 omnes
1022 4061 1055 4124 in
1071 4061 1184 4126 critico
1200 4065 1359 4146 apparatu
1373 4060 1469 4125 huius

190 4169 341 4234 editionis
370 4167 548 4252 exscriptas
576 4167 695 4247 habes,
724 4171 949 4251 praeterquam
975 4168 1075 4252 quod,
1099 4189 1139 4232 ne
1168 4167 1276 4232 inutili
1305 4167 1469 4252 farragine

189 4276 340 4341 nebulam
374 4274 478 4361 magis
512 4297 609 4358 quam
640 4274 745 4338 lucem
777 4273 879 4338 oeulis
907 4274 1066 4340 lectorum
1094 4275 1305 4358 effunderem,
1337 4279 1469 4338 enotare

188 4382 354 4468 supersedi
387 4385 554 4466 accentus,
587 4380 738 4465 spiritus,
769 4381 885 4444 menda
917 4381 1170 4467 orthographica
1207 4386 1239 4446 et
1272 4380 1469 4465 orthoepiea,

187 4515 209 4554 ν
232 4488 449 4573 §praxeanae
472 4487 555 4551 falso
580 4492 636 4552 aut
660 4486 784 4552 adiecta
805 4493 861 4551 aut
881 4489 1015 4574 omissa,
1038 4489 1165 4554 vocales
1184 4511 1250 4552 nou
1269 4487 1379 4572 elisas,
1401 4487 1471 4552 iota

189 4595 456 4661 subscribendum
494 4594 665 4677 omissum,
701 4593 827 4658 litteras
861 4597 1033 4660 verborum
1070 4596 1153 4659 male
1191 4594 1369 4659 disiunctas
1411 4598 1468 4658 aut

188 4703 390 4783 coniunctas,
418 4700 539 4764 formas
568 4700 711 4786 vulgaris
740 4701 898 4765 sermonis
926 4724 985 4786 pro
1009 4702 1186 4767 dialecticis
1210 4701 1296 4786 parti
1322 4701 1469 4766 codicum

189 4809 311 4890 illatas,
339 4807 456 4891 quibus
480 4806 514 4870 in
537 4807 634 4870 rebus
659 4806 808 4870 omnibus
832 4806 898 4872 fere
921 4808 1045 4873 nullam
1069 4808 1298 4873 auctoritatem
1322 4806 1469 4872 codicum
