3406 5378
321 336 364 399 58
791 341 938 392 PINDARI
959 342 1123 395 summu.

410 500 659 584 ἐστεφανώσατο
684 503 745 584 δίς,
769 508 881 587 κλεινᾷ
905 500 936 566 τ’
962 501 997 566 έν
1019 500 1140 591 Ἰσθμῷ
1164 505 1313 588 τετράκις
1336 505 1509 590 εὐτυχέων,

410 606 522 694 Νεμέᾳ
544 605 573 671 τ’
599 609 703 672 άλλαν
726 607 777 673 ἐπ’
803 610 900 694 ἄλλα,
923 608 978 673 καὶ
1001 623 1160 695 κρανααῖς
1184 609 1220 675 έν
1242 609 1406 688 Ἀθάναις.
1547 633 1597 679 150

1364 807 1446 873 Ἀντ.
1470 809 1507 875 ε’.

410 911 427 975 ὅ
450 909 481 974 τ’
507 910 544 975 έν
558 908 671 995 Ἀργει
695 913 814 995 χαλκὸς
838 915 921 994 ἔγνω
945 937 1018 995 νιν,
1041 913 1079 977 τά
1103 911 1133 976 τ’
1160 913 1196 977 έν
1217 912 1372 1002 Ἀρκαδίᾳ

410 1020 489 1099 ἔργα
512 1016 566 1082 καὶ
592 1021 730 1101 Θήβαις,
755 1018 879 1100 ἀγῶνές
901 1017 930 1082 τ’
956 1022 1090 1103 ἔννομοι
1546 1036 1596 1089 155

319 1139 356 1187 Bo
411 1128 597 1207 Βοιωτίων,

409 1237 531 1314 Αἴγινα
555 1232 710 1296 Πελλάνά
733 1256 767 1296 τε
790 1231 929 1298 νικῶνθ’
956 1231 1074 1310 ἑξάκις·
1099 1232 1136 1297 έν
1159 1234 1368 1319 Μεγάροισίν
1391 1235 1418 1298 τ’
1446 1237 1507 1320 οὐχ

956 1339 1070 1426 ἕτερον
1093 1343 1209 1405 λιθίνα

408 1455 520 1529 ψᾶφος
539 1448 602 1529 ἔχει
624 1449 732 1528 λόγον.
769 1444 842 1511 ἀλλ’
863 1443 889 1511 ὦ
910 1451 975 1511 Ζεῦ
998 1447 1110 1532 πάτερ,
1134 1449 1291 1513 νώτοισιν
1312 1447 1507 1535 Ἀταβυρίου
1546 1467 1596 1514 160

408 1551 549 1637 μεδέων,
573 1557 649 1636 τίμα
672 1549 732 1637 μὲν
753 1553 862 1637 ὕμνου
886 1554 1011 1638 τεθμὸν
1032 1552 1298 1639 Ὀλυμπιονίκαν,

1392 1751 1458 1816 Ἐπ.
1483 1777 1507 1816 ε.

409 1856 515 1939 ἄνδρα
539 1879 572 1920 τε
595 1855 658 1932 πὺξ
683 1855 803 1942 ιἰρετάν
826 1856 984 1942 εὑρόντα,
1007 1858 1095 1922 δίδοι
1119 1857 1155 1921 τέ
1175 1863 1229 1921 ίοι
1253 1859 1386 1923 αίδοιάν
1408 1859 1508 1943 χάριν

321 1979 354 2027 00
408 1961 463 2027 καὶ
486 1961 559 2027 ποτ’
581 1962 690 2027 άστῶν
712 1961 767 2026 καί
790 1962 866 2028 ποτὶ
889 1965 1019 2043 ξείνων·
1043 1962 1112 2028 ἐπεὶ
1130 1964 1247 2050 ὕβριος
1265 1964 1408 2050 έχ-θρὰν
1426 1966 1507 2031 ὁδὸν
1545 1983 1595 2030 155

409 2070 599 2155 εὐθυπορεῖ,
623 2070 713 2153 σάφα
736 2068 828 2146 δαεὶς
850 2071 871 2134 ά
894 2093 926 2134 τε
949 2076 1004 2134 foc
1031 2069 1182 2156 πατέρων
1205 2070 1307 2156 ὀρθαί
1331 2072 1450 2158 φρένες
1473 2071 1505 2150 ἐξ

958 2175 1097 2258 άγαθῶν

408 2287 535 2370 ἔχραον.
582 2286 626 2368 μὴ
649 2286 771 2369 κρύπτε
794 2285 909 2349 κοινὸν
1544 2301 1594 2349 170

408 2389 525 2476 σπέρμ’
546 2390 609 2456 άπὸ
627 2391 887 2467 Καλλιάνακτος·
909 2390 1081 2476 Ἐρατιδᾶν
1096 2415 1146 2456 τοι
1161 2394 1225 2455 σὺν
1239 2396 1427 2477 χαρίτεσσιν
1441 2395 1505 2474 ἔχει

391 2590 432 2638 81.
448 2587 496 2639 καὶ
510 2604 586 2654 στεφ.
597 2585 695 2640 Thom.
705 2586 749 2639 D²
764 2618 795 2623 —
811 2584 836 2638 τ’
848 2583 890 2639 iv:
911 2605 954 2639 τοι
969 2583 998 2638 έν
1011 2585 1077 2639 G-
1093 2590 1134 2637 82.
1152 2592 1319 2655 κρανααῑσιν
1334 2585 1364 2639 έν
1377 2586 1438 2640 G—
1450 2589 1491 2640 85.
1508 2589 1580 2638 Βοιω

319 2654 386 2710 τίων
410 2657 449 2712 A:
471 2659 596 2782 ςφιωτῶν
620 2657 694 2722 ΒΙ),
714 2658 843 2728 βοιωτίας
868 2657 891 2712 C
911 2689 944 2695 —
968 2660 1009 2709 86.
1035 2655 1133 2725 Αἴγινα
1152 2655 1281 2710 Πελλάνα
1304 2674 1332 2709 τε
1353 2656 1448 2711 Trici:
1471 2655 1595 2711 πελλάνα

319 2725 452 2802 (πελλάνᾳ
501 2733 510 2796 )
533 2727 559 2781 τ’
580 2726 676 2795 αίγινά
699 2728 806 2797 (αἰγίνα
825 2729 862 2797 Β)
885 2747 913 2781 τε
939 2727 1071 2795 oziel),
1096 2726 1225 2781 Πέλλανά
1243 2725 1280 2793 τ’,
1305 2725 1403 2797 Αίγίνα
1427 2747 1455 2781 τε
1473 2727 1594 2795 Βοοελτλι,

319 2798 449 2854 Πέλλανά
468 2798 494 2852 τ’
517 2799 630 2854 Οίνώνα
647 2817 677 2851 τε
697 2798 767 2853 coni.
786 2781 879 2868 Bergk
898 2831 931 2838 —
951 2797 1096 2867 μεγάροισι
1114 2797 1142 2852 δ’
1163 2800 1190 2852 A
1210 2831 1242 2838 —
1263 2796 1359 2866 ἕτερον
1377 2781 1480 2854 Βθῦε
1501 2798 1594 2866 ἑτέρου

319 2871 354 2938 A,
374 2870 449 2940 quod
468 2870 554 2925 etiam
571 2887 642 2923 unus
657 2886 691 2923 ex
705 2869 865 2924 scholiastis
879 2868 981 2940 legisse
996 2869 1107 2923 videtur
1126 2903 1157 2909 —
1178 2873 1220 2924 89.
1241 2867 1323 2924 δίδου
1337 2872 1365 2924 A
1383 2903 1415 2909 -
1437 2875 1479 2925 92.
1498 2869 1594 2939 ἔχρεον

318 2943 345 2996 A
374 2974 408 2982 -
436 2941 545 2996 κοινδνι
575 2940 684 2995 κλεινὸν
712 2941 782 2994 coni.
811 2941 979 2995 Herwerdeu
1009 2973 1043 2980 ——
1073 2946 1115 2995 93.
1144 2940 1278 3008 έρατιδᾶν
1304 2941 1401 2996 Trici:
1431 2940 1594 3009 έραστειδᾶν

319 3013 379 3067 AB
386 3013 441 3068 OD
459 3016 488 3066 et
506 3012 591 3067 schol.
612 3045 645 3052 -
665 3014 719 3083 τοι]
738 3011 767 3065 τέ
787 3013 814 3066 A
833 3045 867 3052 -
885 3009 990 3075 θαλίας
1009 3011 1064 3082 ἔχει
1084 3013 1109 3066 A
1129 3044 1162 3052 -

320 3155 368 3208 sed
388 3154 481 3225 μήλων
500 3154 598 3225 πομπὰ
617 3157 646 3209 et
664 3153 752 3223 κρίσις
770 3152 843 3224 ἀμφ’
864 3153 986 3224 ἀέθλοις,
1006 3158 1038 3208 ut
1056 3156 1157 3223 λύτρον
1175 3164 1321 3224 συμφορᾶς
1335 3155 1424 3209 vicem
1438 3154 1593 3277 praedicati

318 3227 460 3293 obtineat;
479 3244 582 3298 pompa
601 3225 675 3280 enim
690 3225 845 3281 hostiarum
860 3228 889 3280 et
902 3224 1103 3280 certaminibus
1117 3226 1248 3281 ludorum
1262 3243 1342 3280 sacro
1355 3226 1442 3295 Tlepo
1455 3225 1510 3278 cmi
1523 3227 1595 3279 fiunt

319 3331 352 3337 -
372 3302 406 3351 83
422 3316 457 3352 ss.
477 3298 511 3352 de
530 3297 683 3352 minoribus
701 3298 746 3351 his
765 3297 839 3351 ludis
858 3296 923 3351 vide
942 3296 1148 3352 Prol.uxrxv1u
1164 3316 1198 3351 ss.
1219 3329 1253 3337 -
1272 3301 1314 3350 84.
1334 3296 1401 3366 ἔργα
1421 3295 1541 3349 artificia
1560 3313 1593 3348 ex

319 3369 490 3436 cerussata,
514 3370 592 3423 velut
609 3369 748 3439 tripodes,
773 3372 805 3423 ut
826 3368 939 3423 Polemo
958 3367 988 3422 in
1007 3368 1122 3422 scholiis
1141 3369 1235 3423 docet:
1261 3367 1393 3437 Πολέμων
1416 3365 1446 3420 έν
1468 3371 1506 3438 τῷ
1529 3368 1593 3434 περὶ

317 3448 373 3494 τῶν
394 3441 519 3512 Θήβησιν
535 3439 704 3507 Ἡρακλείων
723 3441 792 3509 φησὶ
811 3440 913 3509 χαλκὸν
933 3439 964 3493 τὸ
983 3435 1075 3494 ἆθλον
1095 3436 1243 3502 εἶναιτοῖς
1262 3438 1292 3493 έν
1309 3435 1436 3505 Ἀρκαδία
1450 3439 1593 3499 Λυκαίοις,

317 3510 385 3565 ὥστε
405 3511 461 3565 ἀπὸ
481 3521 577 3566 κοινοῦ
595 3512 630 3564 τὰ
649 3512 716 3580 ἔργα
736 3513 784 3565 καλ
802 3512 851 3565 τὸν
870 3511 973 3581 χαλκὸν
992 3510 1123 3579 ληπτέον,
1147 3509 1191 3566 ὅτε
1215 3511 1302 3580 φησίν
1320 3509 1335 3563 δ
1354 3493 1509 3577 Πίνδαρος·
1531 3508 1545 3562 δ
1564 3507 1590 3561 τ’

319 3582 354 3636 έν
380 3581 486 3652 Ἀργει
518 3583 640 3652 χαλκδς
672 3581 754 3652 έγνω
787 3602 844 3652 μιν
870 3581 909 3636 τά
941 3580 968 3636 τ’
996 3581 1030 3637 ἐν
1060 3580 1216 3658 Ἀρκαδίᾳ
1248 3581 1329 3651 ἔργα
1358 3581 1418 3645 καὶ
1451 3580 1591 3652 Θήβαις·

318 3652 429 3708 δίδοται
452 3653 505 3722 γὰρ
529 3652 560 3707 έν
582 3655 696 3715 ταύταις
719 3651 834 3721 τρίπους
856 3657 981 3724 χαλκοῦς.
1019 3653 1117 3722 Neque
1135 3656 1230 3709 tamen
1249 3652 1350 3724 χαλκὸς
1372 3655 1402 3707 et
1421 3651 1488 3722 ἔργα
1511 3669 1592 3720 syno-

317 3741 403 3793 nyma
427 3728 503 3792 sunt,
528 3725 577 3779 sed
600 3728 709 3778 scutum
736 3741 853 3779 aeneum
876 3726 1013 3795 Argorum
1042 3724 1165 3795 simplici
1191 3725 1303 3781 nomine
1331 3728 1435 3795 χαλκοῦ
1463 3723 1593 3792 designa-

318 3799 371 3860 tur,
391 3796 515 3866 tripodes
535 3795 685 3850 artificiose
704 3813 737 3851 ex
757 3812 820 3851 aere
839 3796 908 3850 facti
927 3796 1039 3849 nomine
1059 3795 1147 3866 ἔργον
1166 3795 1356 3866 insigniuntur
1375 3827 1408 3835 -
1427 3801 1470 3852 86.
1496 3794 1593 3865 Αἴγινα

318 3867 448 3921 Πελλάνα
471 3886 499 3922 τε
524 3867 548 3920 si
572 3871 646 3922 recte
666 3884 683 3920 a
701 3866 836 3922 Tricliuio
859 3867 1021 3922 restitutum
1045 3870 1100 3935 est,
1127 3867 1188 3949 ipso
1212 3866 1347 3936 asyndeto
1367 3869 1452 3935 poeta
1471 3882 1519 3920 sex
1537 3866 1594 3919 vic-

318 3938 405 3992 torius
428 3938 581 4009 Diagoram
604 3939 647 3992 his
671 3939 781 3993 duabus
805 3938 834 3992 iu
859 3938 1036 4006 civitatibus,
1060 3955 1115 3992 uon
1139 3957 1169 3991 rn
1193 3954 1241 3992 sex
1264 3953 1333 4005 quos
1357 3936 1497 3990 recensuit
1519 3937 1594 3990 ludis

318 4013 497 4092 consecutum
524 4027 585 4065 esse
613 4010 755 4080 significat
780 4043 813 4051 —
839 4008 938 4064 λιθίνα
965 4019 1074 4099 ψᾶφος·
1104 4009 1239 4100 iudicium
1261 4007 1392 4077 lapideae
1416 4008 1531 4089 tabulae
1555 4008 1595 4061 in-

318 4085 544 4208 5000000
561 4082 606 4207 ii
621 4080 977 4222 0055ῑί10555.
992 4085 1047 4207 1⁸30
1065 4078 1594 4206 effossuri-auersere:

318 4225 406 4291 cavit3
436 4228 500 4294 apte
527 4229 620 4278 autem
648 4225 741 4278 Iovem
767 4223 804 4278 ad
830 4226 985 4278 extremum
1011 4222 1141 4292 precibus
1165 4221 1249 4287 adiit,
1275 4221 1374 4290 utqui
1393 4225 1422 4276 et
1441 4221 1595 4292 Olympicis

317 4294 392 4349 iudis
410 4299 554 4376 praeesset
572 4300 601 4349 et
620 4312 728 4349 summa
752 4295 876 4349 omnium
894 4311 984 4349 rerum
1003 4291 1194 4363 gubernacula
1220 4294 1329 4346 teneret
1353 4325 1387 4333 -
1413 4298 1455 4346 89.
1482 4292 1594 4359 ἀρετὰν.

318 4366 432 4420 virtut1s
451 4367 577 4433 laudem,
597 4370 628 4420 ut
647 4367 678 4421 0.
693 4383 768 4419 vnis
788 4399 821 4406 —
848 4372 890 4420 90.
917 4363 981 4419 ποτ’
1002 4381 1036 4419 cx
1055 4365 1119 4418 ποτὶ
1137 4364 1238 4417 elisum
1257 4365 1307 4431 est,
1327 4368 1359 4418 ut
1377 4365 1409 4417 fr.
1426 4380 1464 4418 ua
1483 4366 1513 4418 et
1529 4361 1593 4428 περ’

317 4455 351 4492 ex
365 4439 430 4504 περὶ
445 4437 475 4491 Ο.
490 4456 518 4489 vi
533 4453 559 4491 se
578 4470 611 4477 -
632 4443 674 4492 01.
695 4437 723 4503 ἐξ
738 4439 858 4507 ἀγαθῶν
877 4435 986 4491 scholia
1005 4452 1023 4489 a
1041 4452 1090 4488 suo
1110 4434 1222 4488 nomine
1242 4434 1392 4503 (πατέρων)
1412 4434 1550 4489 divellunt
1567 4437 1595 4486 et

317 4526 379 4563 cum
408 4508 510 4577 ίχραον
535 4508 668 4578 iungunt3
694 4509 769 4578 quod
795 4527 858 4563 cum
877 4508 923 4562 vix
950 4505 1009 4560 fieri
1028 4505 1130 4575 possit,
1156 4506 1285 4574 πατέρων
1303 4506 1410 4576 φρένας
1428 4505 1457 4570 ἐξ
1476 4506 1595 4573 ἀγαθῶν

317 4580 468 4649 prudentio
486 4580 606 4634 consilia
624 4584 736 4650 patrum
756 4597 774 4634 a
792 4580 887 4651 probis
906 4576 1061 4632 maioribus
1080 4581 1204 4631 ortorum
1222 4577 1397 4648 interpretor.
1435 4577 1511 4629 Inter
1528 4573 1592 4627 Dia-

317 4666 402 4733 gorae
423 4651 542 4706 maiores
562 4656 657 4707 autem
674 4651 922 4734 etiamCallianax
941 4651 977 4719 (v.
993 4651 1030 4717 ss)
1048 4647 1115 4738 fuit,
1135 4649 1300 4736 sapientise,
1319 4648 1430 4718 opinor,
1448 4645 1532 4699 laude
1551 4645 1591 4698 in-

317 4718 1594 4865 055355550001505505005,5555000θέ5555555505
