3406 5378
752 333 901 384 PINDARI
918 333 1085 384 EPINICIA.

369 499 497 576 γνῶναί
517 494 548 559 τ’
574 493 687 575 ἔπειτ’,
711 493 849 577 ἀρχαῖον
872 494 1000 569 ὄνειδος
1023 491 1185 557 ἀλαθέσιν

281 619 314 665 90
371 605 482 683 λόγοις
500 604 532 666 εί
548 602 725 686 φεύγομεν,
744 604 910 664 Βοιωτίαν
928 596 981 664 ὗν.
1024 597 1094 663 ἐσσὶ
1114 601 1176 683 γὰρ
1196 601 1333 681 ἀγγελος
1356 599 1469 682 ὀρθός,

367 710 523 793 ἠυκόμων
556 709 700 772 σκυτάλα
735 712 885 788 Μοισᾶν,
917 710 1041 789 γλυκὺς
1072 708 1196 793 κρατὴρ
1227 704 1469 790 ἀγαφθέγκτων

917 812 1048 877 ἀοιδᾶν·
1508 829 1557 875 155

1341 953 1424 1019 Ἀντ.
1448 953 1485 1018 ε’.

371 1049 464 1112 εἰπὸν
488 1043 523 1111 δὲ
547 1052 735 1130 μεμνᾶσθαι
760 1049 982 1129 Συρακοσσᾶν
1005 1066 1038 1107 τε
1062 1041 1116 1107 καὶ
1138 1042 1322 1131 Ὀρτυγίας·

370 1156 431 1217 τάν
449 1151 562 1239 Ἱέρων
586 1159 724 1240 καθαρῷ
749 1152 881 1238 σκάπτῳ
906 1149 1044 1231 διέπων,

369 1263 465 1346 ἀρτια
488 1262 687 1345 μηδόμενος,
710 1260 943 1343 φοινικόπεζαν

302 1385 313 1412 ⁷
372 1367 512 1451 ἀμφέπει
536 1367 713 1452 Δάματρα,
737 1367 918 1429 λευκίππου
941 1386 975 1428 τε
998 1365 1168 1447 θυγατρὸς
1191 1361 1322 1447 ἑορτάν,
1507 1384 1557 1430 160

369 1473 422 1537 καὶ
448 1477 555 1557 Ζηνὸς
578 1476 740 1538 Αἰτναίου
762 1472 891 1555 κράτος.
936 1470 1095 1552 ἁδύλογοι
1119 1471 1160 1534 δέ
1179 1495 1235 1535 νιν

371 1583 468 1665 λύραι
500 1584 626 1664 μολπαί
655 1604 689 1644 τε
721 1580 927 1661 γινώσκοντα
973 1579 1017 1661 μὴ
1047 1577 1191 1661 θράσσοι
1219 1580 1338 1661 χρόνος
1368 1581 1469 1663 ὄλβον

920 1683 1081 1769 ἐφέρπων.

371 1798 434 1858 σὺν
457 1791 494 1858 δὲ
517 1794 782 1877 φιλοφροσύναις
805 1791 977 1877 εὐηράτοις
998 1790 1131 1874 Ἁγησία
1155 1789 1283 1867 δέξαιτο
1306 1805 1418 1878 κῶμον
1508 1812 1557 1858 155

354 2012 395 2058 90.
421 2005 490 2060 doci:
515 2003 568 2056 ἔστι
593 2003 664 2056 coni.
686 2003 873 2056 Wilamowitn
903 2033 934 2041 —
964 2007 1005 2056 el.
1035 1998 1243 2070 ἀγαφθέγκτων
1271 2003 1311 2057 B:
1340 2000 1496 2072 ἀφθόγγων
1522 2005 1558 2069 A,

282 2073 473 2145 ἀγαφθίιιτων
494 2075 548 2128 (31)
576 2107 607 2113 -
638 2080 680 2127 92.
710 2073 790 2128 είττδν
808 2072 933 2128 Boeclrh:
963 2069 1043 2126 είττον
1062 2073 1141 2127 codd.
1162 2105 1194 2111 —
1215 2071 1243 2126 δ’
1269 2073 1315 2143 ἐμὲ
1339 2079 1464 2143 μνᾶσθαι
1486 2074 1557 2128 coni.

282 2147 402 2200 Iurenka
423 2179 454 2186 -
474 2153 651 2213 συρακονσᾶν
670 2146 696 2198 A
721 2176 753 2184 —
779 2150 820 2200 93.
845 2143 975 2217 σκάπτριρ
994 2144 1056 2197 BD
1075 2176 1106 2182 -
1133 2150 1174 2197 95.
1200 2144 1297 2210 ἑορτὰς
1315 2149 1342 2198 A
1362 2178 1393 2184 -
1416 2150 1457 2199 97.
1478 2146 1557 2213 λύραι

283 2218 375 2273 codd:
395 2216 482 2272 πνοαί
500 2216 594 2284 schol,
614 2216 689 2284 quod
710 2216 988 2284 interpretamentum
1008 2216 1179 2284 depravatae
1198 2216 1352 2284 scripturae
1373 2219 1479 2270 ΑΤΡΑΙ
1498 2233 1559 2270 esse

283 2288 423 2343 divinavit
436 2289 511 2357 Bury
526 2288 554 2339 in
570 2287 636 2340 edit.
653 2287 732 2342 Pind.
747 2286 826 2340 Nem.
840 2305 887 2338 nur
908 2319 938 2325 -
959 2288 1060 2355 μολπαί
1077 2287 1137 2341 AB
1143 2286 1185 2341 D:
1203 2290 1306 2340 πολλαί
1318 2288 1347 2352 U,
1366 2288 1447 2356 λύραι
1461 2285 1559 2342 πνοιαί

282 2364 403 2415 τείσεται
431 2359 580 2413 lectionem
602 2358 689 2412 fuisse
712 2359 783 2412 coni.
804 2358 901 2425 Lehrs,
929 2357 1157 2411 Pindarscholien
1179 2374 1203 2411 ιο
1227 2390 1256 2396 -
1283 2358 1404 2426 θράσσοι
1432 2359 1559 2414 Boeckh:

283 2432 405 2499 θραύσει
423 2431 556 2496 ABGD,
574 2430 698 2499 θραύσαι
721 2429 861 2483 Hermann
881 2461 913 2467 -
934 2435 976 2484 98.
996 2428 1142 2497 εὐκράτως
1160 2432 1188 2497 (η
1209 2430 1313 2499 scripto
1333 2447 1418 2499 supra
1436 2440 1464 2495 τι)
1484 2434 1509 2484 Α
1526 2462 1557 2469 -

282 2576 405 2628 Aeneam
416 2591 470 2628 non
483 2591 598 2642 semper,
610 2573 658 2626 sed
669 2574 721 2625 hoc
732 2572 791 2626 solo
802 2573 863 2625 loco
874 2570 1097 2625 chorodidascali
1108 2588 1221 2624 munere
1232 2571 1358 2626 sunctum
1369 2590 1430 2627 esse
1441 2576 1558 2627 statuas.
1646 2567 1649 2571 ’

282 2645 389 2699 Nomen
409 2645 483 2698 enim
499 2646 610 2698 Aeneae
630 2644 658 2696 iu
672 2643 794 2697 Arcadia
812 2643 942 2710 frequens
962 2646 1032 2710 erat,
1051 2642 1125 2695 unde
1143 2643 1218 2695 hunc
1235 2645 1360 2697 Aeneam
1374 2645 1512 2698 Arcadem
1531 2649 1560 2699 et

284 2718 435 2787 cognatum
454 2716 498 2770 vel
513 2715 653 2785 hospitem
667 2715 788 2784 Agesiae
806 2714 894 2768 fuisse
909 2714 1084 2767 Hermannus
1104 2712 1203 2766 merito
1223 2715 1331 2771 statuit.
1360 2715 1451 2770 Simili
1465 2719 1560 2769 autem

283 2804 396 2842 munere
410 2787 559 2859 Agrigenti
574 2786 757 2855 Nicasippum
772 2786 898 2838 functum
912 2802 972 2839 esse
987 2788 1072 2854 poeta
1087 2784 1342 2854 significatl.1rsr;
1361 2787 1396 2842 cf.
1407 2787 1463 2842 Vit.
1479 2787 1558 2841 Pind.

282 2859 311 2912 in
330 2857 402 2913 Prol.
417 2877 444 2928 p.
460 2878 485 2911 οι
500 2874 533 2911 su.
550 2876 593 2910 cvr
608 2874 634 2911 as
654 2889 686 2896 -
711 2862 753 2909 88.
776 2853 867 2924 Ἥραν
890 2853 1058 2924 Παρθενίαν
1082 2855 1224 2909 celebrare
1244 2856 1369 2927 iubetur,
1388 2858 1464 2926 quod
1482 2858 1560 2912 feriis

282 2930 396 2983 Iunonis
412 2930 481 2983 haec
497 2927 619 2997 epinicia
639 2928 805 2998 agebantur,
825 2930 856 2979 ut
875 2927 995 2996 epinicia
1010 2926 1145 2980 Theronis
1161 2927 1192 2981 O.
1207 2947 1238 2979 111
1253 2928 1339 2983 sacris
1354 2929 1559 2997 Dioscurornm,

282 3001 420 3055 Arcesilai
440 3001 468 3055 Ρ,
490 3020 505 3053 v
525 3000 639 3053 Carneis
660 2998 797 3069 Apollinis
817 3001 882 3051 acta
901 3014 961 3052 esse
981 3001 1100 3052 constat.
1138 2998 1249 3052 Etenim
1268 2999 1333 3053 inde
1353 3017 1387 3055 er
1405 3000 1559 3055 Homericis

283 3071 457 3140 temporibus
482 3070 621 3125 sancitum
645 3070 712 3139 fuit,
737 3073 768 3122 ut
786 3069 863 3123 feriis
883 3069 997 3123 deorum
1016 3068 1136 3138 primum
1156 3069 1233 3138 deus,
1253 3071 1332 3123 cuius
1352 3072 1439 3126 feriae
1458 3076 1560 3140 essent,

285 3143 388 3212 hymno
416 3141 462 3196 vel
490 3141 632 3212 prooemio
660 3142 860 3208 celebraretur,
890 3140 992 3194 deinde
1021 3140 1058 3193 ad
1084 3140 1183 3194 laudes
1213 3142 1357 3196 hominum
1385 3144 1558 3198 transiretur.

284 3212 372 3278 Quem
392 3216 487 3267 autem
507 3213 598 3267 locum
618 3212 703 3284 vulgo
723 3213 892 3281 rhapsodias
911 3212 1032 3278 Homeri,
1053 3215 1084 3265 ut
1101 3212 1266 3282 Διομήδεια,
1283 3212 1481 3284 Ἀγαμέμνονος
1499 3217 1558 3283 ἀρι-

284 3282 374 3352 στεία,
394 3287 550 3352 Δολώνιια,
570 3284 751 3352 obtinebant,
771 3301 833 3338 eum
856 3287 916 3336 tum
936 3283 1051 3336 Pindari
1071 3283 1221 3352 epinicium
1242 3284 1270 3337 in
1289 3285 1422 3339 honorem
1441 3286 1561 3357 Ageriae

284 3356 390 3409 factum
410 3357 548 3426 explebat.
586 3358 679 3424 Atque
698 3355 823 3424 Heynius
847 3358 876 3408 et
894 3355 1003 3408 Gratius
1022 3356 1073 3423 (De
1095 3354 1191 3409 Graec.
1208 3359 1262 3410 vet.
1280 3374 1309 3409 re
1327 3374 1396 3411 mus.
1413 3360 1448 3425 σε)
1468 3357 1560 3410 verbis

284 3436 396 3495 πρῶτον
415 3427 466 3497 μὲν
479 3425 570 3495 Ἥραν
589 3425 757 3495 Παρθενίαν
776 3429 928 3496 κελαδῆσαι
947 3425 1014 3480 solis
1034 3426 1168 3480 Iunonem
1186 3426 1332 3481 laudatam
1352 3444 1411 3481 esse
1431 3428 1560 3495 credunt;

285 3499 360 3567 quod
380 3502 412 3551 ut
430 3499 490 3553 fieri
509 3515 590 3567 posse
606 3499 736 3565 concedo,
758 3498 798 3551 ita
813 3498 904 3568 magis
923 3502 1017 3551 tamen
1037 3497 1158 3550 Dissenii
1178 3498 1247 3551 mihi
1266 3499 1402 3568 probatur
1420 3500 1560 3553 sententia

284 3571 397 3640 praeter
415 3570 467 3622 hoc
487 3569 636 3639 epinicium
657 3570 790 3638 hymnum
810 3570 924 3622 lunonis
944 3568 1126 3638 peculiarem,
1153 3568 1225 3622 alius
1245 3570 1344 3640 opinor
1362 3573 1476 3639 poetae,
1495 3588 1560 3623 can-

285 3644 377 3694 tatum
397 3658 457 3694 esse
477 3641 636 3695 statuentis.
666 3641 711 3694 Sic
727 3641 800 3694 enim
815 3640 916 3694 melius
931 3645 1057 3710 apparet,
1077 3657 1126 3693 cur
1140 3658 1195 3693 uon
1209 3657 1242 3693 ex
1257 3640 1370 3696 lunonis
1384 3642 1496 3709 hymno,
1512 3643 1561 3695 sed

285 3729 318 3766 ex
351 3729 399 3779 eo,
453 3712 508 3767 uod
541 3730 604 3766 eum
638 3713 819 3781 sequebatur,
852 3712 975 3766 carmine
1007 3728 1052 3764 ars
1085 3711 1199 3765 Pindari
1229 3712 1360 3783 cognosci
1388 3712 1500 3766 dicatur
1529 3745 1559 3753 —

285 3789 326 3838 90.
348 3788 485 3838 Βοιωτιαν
503 3780 550 3838 δν·
571 3784 671 3839 schol:
689 3781 859 3854 Ἀρίσταρχος
876 3781 954 3852 παρὰ
969 3782 1000 3835 τὸ
1015 3779 1176 3852 λεγόμενον·
1196 3783 1227 3837 ἐν
1243 3782 1360 3859 Βοιωτίᾳ
1376 3781 1418 3848 ὗς
1439 3786 1473 3838 cf.
1488 3785 1520 3839 fr.
1536 3801 1562 3839 sa

285 3887 318 3895 -
339 3862 380 3908 91.
402 3857 524 3923 Aeneas,
548 3855 738 3910 internuntius
756 3860 870 3924 poetae,
895 3854 1020 3907 carmina
1045 3871 1196 3922 eorumque
1214 3856 1311 3910 modos
1335 3874 1352 3909 a
1375 3856 1498 3909 Pindaro
1517 3872 1562 3908 ac-

285 3931 381 3996 ceptos
399 3930 545 3996 tamquam
563 3926 673 3981 scutala
687 3926 826 3981 Laconica
842 3926 869 3979 in
883 3926 1034 3979 Arcadiam
1054 3926 1151 3978 afferre
1171 3925 1261 3995 iisque
1280 3927 1362 3995 quasi
1382 3930 1488 3981 cratere
1503 3927 1561 3981 vini

286 3998 427 4052 laetitiam
442 3998 564 4052 convivii
579 4014 682 4068 augere
698 3997 808 4052 dicitur.
829 4030 859 4036 -
882 4002 915 4050 92
926 4014 947 4051 s.
968 4000 1084 4051 venuste
1099 4001 1184 4066 poeta
1199 3997 1341 4068 convivas,
1354 4017 1418 4053 cnm
1432 3999 1561 4053 Hieronis

286 4086 423 4124 memores
449 4087 496 4124 eos
523 4087 583 4123 esse
610 4069 700 4137 iubet,
728 4069 788 4138 ipse
807 4068 952 4136 conuiuis,
978 4087 1033 4137 quo
1053 4073 1138 4122 antes
1156 4069 1285 4124 Hieronis
1304 4069 1403 4124 laudes
1423 4071 1563 4125 cecinerat

285 4139 327 4208 (Ο.
345 4160 352 4192 ι
373 4146 416 4210 ιε),
436 4145 594 4195 commonet
613 4173 644 4179 —
666 4148 707 4196 94.
728 4138 938 4208 φοινικόπεζαν,
957 4157 1095 4210 purpureo
1114 4157 1195 4195 socco
1214 4141 1342 4195 indutam
1361 4141 1563 4211 interpretatur

287 4212 520 4265 Wilamowitzius
540 4213 575 4266 ad
597 4212 703 4265 colores
723 4216 875 4280 ligur-urum
895 4210 1054 4281 figlinarum
1074 4228 1242 4281 provocans3
1266 4213 1397 4281 equidem
1421 4230 1470 4266 cur
1492 4214 1561 4266 haec

287 4283 483 4352 interpretatio
503 4283 549 4336 vul
590 4283 612 4335 ri
634 4285 788 4352 ‘purpureo
807 4284 893 4352 pede'
914 4283 1008 4351 potior
1031 4283 1143 4337 sitnon
1163 4282 1297 4353 intellego
1327 4317 1358 4324 —
1388 4290 1429 4338 95.
1462 4283 1561 4338 schol:

290 4354 444 4424 ἱερωσύνην
463 4350 536 4424 εἶχεν
587 4352 680 4422 Ἱέρων
699 4355 846 4424 Δήμητρος
864 4355 910 4408 καὶ
931 4352 1024 4424 Κόρης
1041 4355 1088 4407 καὶ
1109 4356 1177 4417 Διὸς
1197 4353 1328 4409 Αἰτναίου
1348 4355 1378 4410 ἐν
1397 4353 1512 4428 Σικελίᾳ
1532 4354 1561 4408 ἐκ

289 4428 424 4494 διαδοχῆς
441 4423 561 4493 Τηλίνου
575 4433 624 4479 τοῦ
639 4424 780 4495 προγόνου
795 4428 888 4479 αὐτῶν
904 4425 995 4479 ...τὰ
1013 4424 1183 4496 προκείμενά
1202 4444 1289 4494 φησιν
1304 4427 1318 4481 δ
1333 4424 1499 4500 (Δίδυμος)
1515 4427 1562 4478 καί

288 4494 477 4564 παρατίθεται
497 4496 531 4550 τὰ
551 4495 680 4552 Φιλίστου
703 4500 749 4551 καλ
773 4498 808 4552 τὰ
830 4500 983 4566 liparen,
996 4497 1125 4551 Hieronis
1152 4498 1338 4553 sacerdotium
1365 4503 1561 4568 praeterquam

290 4568 342 4621 hoc
368 4567 429 4620 loco
455 4571 539 4637 poeta
565 4569 736 4640 significavit
761 4569 791 4623 P.
811 4589 829 4621 ιι
850 4586 889 4623 ιιι
908 4571 937 4621 et
955 4568 987 4621 fr.
1008 4585 1059 4634 1⁰⁵3
1086 4572 1175 4623 totam
1195 4587 1252 4624 reru
1272 4570 1409 4624 uberrime
1428 4568 1564 4623 tractavit

288 4638 437 4705 Luehbert,
458 4639 498 4693 [le
516 4640 646 4694 Hieronis
665 4641 739 4710 regis
759 4639 915 4694 sacerdotio
935 4640 1052 4705 Cereali,
1074 4641 1187 4694 Bonnae
1208 4646 1275 4695 1st
1295 4674 1326 4681 -
1348 4648 1389 4694 95.
1409 4637 1564 4695 λευκίππου

286 4709 441 4778 θυγατρός,
468 4711 664 4781 Proserpinae,
683 4729 756 4781 quae
775 4713 938 4783 λευκοπὼλῳ
957 4709 1060 4781 ἅρματι
1086 4714 1122 4767 ad
1149 4714 1257 4767 caelum
1284 4717 1364 4767 vecta
1389 4730 1449 4768 esse
1476 4712 1564 4767 fertur

286 4780 316 4834 in
335 4780 447 4836 scholiis
468 4813 501 4822 -
521 4790 563 4838 96.
583 4784 684 4839 schol:
704 4783 735 4838 ἐν
753 4792 786 4855 τῇ
806 4783 890 4855 Αίτνη
910 4783 978 4847 Διὸς
996 4783 1129 4839 Αἰτναίου
1148 4785 1258 4855 ἄγαλμα
1278 4787 1396 4853 ἵδρυται,
1415 4786 1463 4839 καί
1483 4785 1563 4853 ἑορτὴ
