3406 5378
289 307 375 362 XCIV
791 310 1069 364 Paonnuonnnl.

287 473 435 555 δόλιχον,
466 471 565 548 Γάϊος
583 469 740 556 Ῥωμαίος
767 473 918 556 δόλιχον,
945 471 1225 558 Ἀριστωνυμίδας
1247 475 1346 560 Κῷος
1369 471 1575 559 πένταθλον,

286 576 453 663 Ἰσίδωρος
476 578 707 664 Ἀλεξανδρεὺς
735 580 857 663 πάλην,
885 579 1064 663 άπτωτοςῑ)
1090 580 1261 663 περίοδον,
1288 577 1446 656 Ἀτνάνας
1463 578 1573 646 Ἵππο-

288 686 431 770 κράτους
456 685 675 773 Ἀδραμυτίου
705 687 809 771 [παῖς]
837 686 916 770 πύξ,
945 688 1121 771 Σφοδρίας
1145 686 1333 762 Σικυώνιος
1359 687 1573 773 παγκράτιον,

290 791 482 876 Σωσιγένης
510 792 659 869 Ἀσιανὸς
695 794 825 857 παίδων
857 793 1008 874 στάδιον,
1043 791 1291 875 Ἀπολλοφάνης
1324 796 1573 879 Κυπαρισσιεὺς

288 900 419 963 παίδων
436 901 555 982 πάλην,
574 903 768 985 Σωτήριχος
784 898 911 976 Ἠλεῖος
929 901 1059 964 παίδων
1076 898 1151 979 πύξ,
1170 899 1283 974 Κάλας
1299 897 1427 977 Ἠλεῖος
1440 903 1572 966 παίδων

289 1007 504 1092 παγκράτιον,
523 1005 728 1091 Ἑκατόμνως
749 1010 916 1090 Μιλήσιος
935 1006 1073 1089 ὁπλίτην
1093 1001 1205 1091 (οὗτος
1224 1005 1260 1070 ἐν
1278 1016 1316 1091 τῇ
1336 1008 1419 1093 αὐτῇ
1437 1009 1477 1072 τά
1495 1012 1572 1093 τρία

290 1112 521 1196 ἐστεφανώθη,
548 1114 686 1177 στάδιον
713 1115 853 1178 δίαυλον
881 1113 1049 1199 ὁπλίτην),
1075 1110 1301 1196 Ἀριστόλοχος
1328 1113 1345 1177 ὁ
1368 1111 1494 1190 Ἠλεῖος
1521 1112 1571 1178 τέ-

289 1227 456 1303 θριππον,
475 1218 656 1305 Ἀγήμονος
677 1219 809 1286 Ἠλείου
832 1218 942 1302 κέλης,
961 1217 1156 1283 Ἑλλανίκου
1177 1217 1308 1283 Ἠλείου
1332 1223 1487 1305 συνωρίς,
1509 1230 1571 1285 τοῦ

289 1328 394 1390 αὐτοῦ
421 1328 568 1391 πωλικὸν
595 1326 795 1412 τέθριππον,
825 1330 953 1409 Κλητία
979 1324 1111 1390 Ἠλείου
1139 1328 1265 1409 πωλικη
1294 1330 1453 1412 συνωρίς,
1481 1331 1570 1393 Καλ-

290 1437 414 1499 λίππου
437 1438 572 1516 Πηλίου
595 1436 738 1510 πωλικὸς
759 1433 864 1517 κέλης.

378 1539 424 1604 Ut
451 1541 491 1604 ad
518 1540 612 1605 ludos
640 1543 783 1624 redeam,
811 1541 1086 1605 renuntiationem
1114 1540 1246 1605 victoris
1270 1540 1409 1625 epinicia
1430 1541 1465 1606 in
1487 1541 1571 1627 loco,

290 1669 354 1732 quo
377 1647 515 1711 victoria
537 1653 703 1732 reportata
726 1654 804 1732 erat,
828 1648 898 1733 ipso
921 1650 1045 1734 agenda
1064 1649 1288 1731 sequebantur.
1331 1646 1464 1712 Sodales
1483 1648 1570 1712 enirn

290 1760 323 1819 et
347 1754 442 1818 amici
466 1754 621 1819 victorem
641 1755 734 1819 ‘eheu
754 1756 867 1821 victor'
892 1757 1068 1820 clamantes
1092 1755 1127 1818 in
1145 1755 1365 1819 deversorium
1384 1776 1478 1818 suum
1496 1775 1570 1838 pro-

289 1861 520 1945 sequebantur,
548 1863 608 1925 sub
637 1884 806 1945 vesperum
834 1885 907 1926 enm
935 1884 1088 1948 pompam
1113 1861 1153 1924 ad
1177 1884 1265 1925 aram
1289 1861 1376 1924 lovis
1400 1860 1569 1924 ducentem

288 1973 321 2032 et
341 1967 400 2032 deo
420 1968 542 2053 gratias
561 1974 711 2054 agentem
730 1969 979 2052 comitabantur,
997 1968 1135 2050 denique
1154 1967 1278 2051 vesperi
1298 1967 1395 2031 lautis
1414 1967 1519 2051 epulis
1535 1970 1569 2030 et

288 2095 407 2139 canoro
432 2073 581 2139 convivio
605 2075 646 2137 ab
671 2096 708 2138 eo
732 2074 984 2159 excipiebantur.
1030 2075 1139 2157 Atque
1162 2074 1303 2157 primurn
1327 2073 1483 2137 victorem
1506 2072 1568 2138 diis

288 2202 347 2265 pro
368 2180 524 2245 beneficio
543 2185 676 2265 accepto
695 2203 788 2246 sacra
806 2181 921 2246 fecisse
941 2203 1015 2245 cum
1033 2179 1138 2264 pietas
1154 2180 1350 2244 Graecorum
1370 2185 1403 2243 et
1417 2180 1569 2265 analogia

287 2292 467 2352 ceterarum
499 2284 743 2374 victoriarum²)
775 2288 944 2373 probabile
978 2287 1130 2371 reddunt,
1162 2292 1233 2350 tum
1264 2286 1411 2350 disertim
1443 2285 1569 2351 scholia

287 2394 377 2459 Pind.
397 2393 433 2458 Ο.
454 2396 512 2458 vi
543 2399 717 2458 testantur:
746 2396 781 2458 ολ
806 2396 868 2480 γάρ
897 2406 1053 2471 νικῶντες
1081 2397 1186 2458 ἔθυον
1214 2393 1250 2457 ἐν
1277 2404 1346 2468 τοῖς
1373 2391 1406 2469 ’ἐξ
1433 2396 1566 2477 βωμοῖς.

286 2501 335 2566 De
359 2506 431 2566 tota
451 2506 561 2565 autem
579 2501 767 2583 festivitate,
790 2524 910 2586 pompa
929 2502 1123 2586 vespertina,
1146 2499 1322 2584 sacrificiis,
1344 2499 1459 2585 epulis,
1481 2499 1568 2565 locu·

287 2607 488 2691 pletissimus
516 2612 567 2671 est
594 2607 689 2671 testis
717 2607 875 2673 Pindarus
902 2610 972 2693 ipse
1001 2607 1094 2673 0.1x
1115 2611 1209 2672 1-4.
1246 2624 1271 2670 x
1291 2608 1429 2671 73-77.
1471 2606 1512 2671 N.
1531 2624 1569 2671 vl

286 2718 400 2799 42sq.‚
432 2715 549 2798 quibus
579 2736 652 2779 cum
680 2714 761 2778 locis
789 2717 935 2780 conl'eras
965 2737 1046 2799 quae
1074 2714 1113 2778 de
1141 2714 1309 2779 Alcibiade
1339 2713 1438 2778 refert
1464 2714 1566 2779 Athe-

286 2844 386 2886 naeus
409 2845 438 2905 p.
459 2825 479 2885 δ
500 2819 707 2904 Ἀλκιβιάδης
728 2818 885 2906 Ὀλύμπιοι
913 2824 1050 2905 νικήσας
1072 2822 1191 2907 άρμοιτι
1215 2870 1249 2885 ..
1272 2821 1382 2897 θύσας
1402 2818 1566 2909 Ὀλυμπιήι

286 2926 346 2992 Διὶ
368 2930 430 3012 τὴν
452 2928 640 3011 πανήγυριν
664 2928 794 2992 ἅπασαν
815 2928 998 3016 είστιάσε.3)
1039 2930 1088 2993 De
1108 2928 1280 2994 caenaculo
1300 2949 1376 2992 vero
1395 2927 1567 3013 Olympico

287 3040 394 3100 exstat
420 3035 511 3099 locus
540 3032 694 3098 classicus
717 3033 896 3099 Pausaniae
920 3053 942 3097 v
964 3036 1017 3119 15,
1039 3037 1093 3099 12:
1119 3038 1190 3105 ἔστι
1219 3031 1255 3097 δὲ
1282 3031 1337 3097 καὶ
1361 3031 1567 3119 ἑστιατόριον

285 3140 511 3218 Ἠλείοις...
535 3143 613 3216 τοὺς
641 3137 678 3204 δὲ
705 3142 745 3204 τὰ
771 3139 928 3226 Ὀλύμπια
955 3152 1117 3219 νικῶντας
1145 3139 1297 3206 ἑστιῶσιν
1325 3140 1361 3204 ἐν
1388 3142 1495 3229 τούτῳ
1521 3150 1567 3229 τῷ

287 3250 447 3332 οἰκήματι.
494 3247 641 3331 Denique
669 3247 703 3310 in
730 3270 863 3332 pompa,
891 3270 964 3312 eum
992 3270 1122 3312 carmen
1146 3248 1181 3312 in
1204 3248 1376 3313 victoriam
1399 3248 1495 3313 modo
1518 3270 1568 3312 re·

285 3360 450 3439 portatam
476 3355 620 3418 nondum
648 3354 865 3438 compositum
893 3360 976 3439 erat,
1002 3354 1038 3418 in
1064 3355 1253 3441 vulgaribus
1277 3354 1566 3420 acclamationibus

285 3463 351 3526 fere
376 3461 624 3545 acquiescebant
648 3466 681 3525 et
699 3462 734 3524 in
753 3466 859 3525 vetere
878 3461 1020 3526 carmine
1039 3462 1178 3546 epinicio
1197 3462 1386 3527 Archilochi
1405 3462 1566 3527 cantando

587 3599 613 3668 ὦ
636 3607 803 3669 καλλίνικε
825 3602 913 3689 χαῖρ’
938 3604 1019 3682 άναξ
1039 3601 1230 3689 Ἡράκλεες,

587 3711 687 3788 αὐτός
709 3735 744 3776 τε
765 3710 821 3775 καλ
842 3710 964 3787 Ἰόλαος
987 3712 1126 3796 αἰχμητὰ
1149 3712 1226 3793 δύο,

586 3814 612 3883 ὦ
636 3822 802 3883 καλλίνικε
825 3816 912 3903 χαῖρ’
934 3816 1014 3895 ἅναξ
1033 3816 1223 3903 Ἡράκλεες,

285 3964 372 4047 quod
404 3986 534 4028 carmen
566 3986 637 4027 cuni
671 3963 705 4025 in
733 3960 906 4026 Herculem
939 3962 1071 4045 eiusque
1104 3963 1251 4047 aurigam
1283 3962 1409 4027 lolaum
1441 3964 1567 4028 factum

285 4075 380 4154 esset,
403 4070 502 4134 etiarn
525 4070 565 4133 ad
590 4070 669 4133 alias
694 4068 847 4133 victorias
870 4070 1065 4132 translatum
1089 4092 1159 4133 esse
1180 4067 1339 4134 Pindarus
1362 4070 1431 4155 ipse
1451 4069 1566 4134 O.1xl

284 4175 393 4240 tradit.
440 4176 550 4240 Etiam
578 4176 760 4241 accuratius
789 4175 914 4240 scholia
941 4176 981 4239 ad
1009 4176 1039 4239 h.
1062 4176 1082 4239 l.
1112 4181 1144 4240 et
1167 4176 1207 4240 N.
1227 4182 1303 4240 1111
1333 4198 1484 4262 pompam
1514 4200 1566 4243 ex·

284 4286 411 4364 ponunt
439 4282 500 4345 sub
528 4304 698 4366 vesperum
725 4305 798 4346 curn
827 4281 960 4346 tibicine
988 4283 1029 4345 ad
1057 4305 1146 4346 aram
1169 4283 1257 4348 lovis
1285 4284 1406 4348 factam
1434 4306 1504 4350 esse
1532 4288 1567 4349 et

374 4478 399 4541 1)
413 4473 546 4536 Ἆπιωτος
560 4474 681 4541 Bckker;
702 4492 754 4546 ego
774 4475 900 4537 ἄπτωτος
918 4476 1053 4542 περίοδον
1073 4475 1278 4544 appositionem
1296 4492 1357 4531 esse
1371 4476 1466 4531 iudico
1480 4492 1563 4547 prae-

285 4545 410 4600 cedentis
429 4546 557 4601 nominis.

373 4624 400 4685 2)
421 4618 461 4671 ef.
481 4618 587 4671 Krause
607 4616 739 4688 Olympia
758 4625 791 4671 92
803 4620 820 4673 f.

374 4696 400 4757 3)
420 4690 459 4742 Ex
481 4690 583 4743 duduc.
604 4689 632 4741 in
651 4690 741 4744 Alcib.
758 4698 791 4743 nb
815 4689 908 4743 elucet
929 4708 1047 4761 pompas
1073 4690 1246 4763 singulorum
1264 4691 1403 4745 victorum
1427 4691 1472 4761 (τὰ
1491 4710 1564 4762 πομ-

286 4765 362 4833 πεῖα)
382 4765 448 4815 ante
467 4777 641 4814 communem
661 4760 785 4815 civitatis
804 4761 961 4832 legatorum
978 4763 1039 4832 (τὴν
1053 4764 1168 4834 πομπὴν
1182 4764 1233 4833 την
1248 4764 1358 4833 κοινήν)
1372 4766 1479 4819 factam
1493 4781 1563 4821 esse.
