3406 5378
208 368 285 423 XXH
713 371 988 426 Paonaoonssna

116 577 119 580 -
207 533 305 617 idque
329 555 368 598 eo
392 534 515 619 minus,
543 535 629 618 quod
657 534 756 600 etiam
779 534 814 598 iu
836 533 951 599 mediis
975 534 1122 598 versibus
1146 556 1259 599 cursus
1281 556 1491 599 numerorum

210 663 306 725 saepe
330 641 415 726 apud
438 639 630 726 Pindarum,
653 647 690 706 ut
714 663 812 726 supra
834 641 900 706 iam
924 641 1078 725 vidimus,
1100 640 1302 725 interruptus
1326 646 1384 706 est.

298 748 371 813 Hoc
391 770 464 814 cum
482 749 548 813 iam
568 769 765 834 magnopere
782 747 920 814 circulos
934 748 1030 813 nobis
1045 770 1157 812 versus
1172 747 1304 812 Pindari
1319 748 1493 814 discriben-

209 857 299 921 tibus
319 856 445 941 turbet,
463 833 601 920 alterum
621 855 808 941 scrupulum
829 855 929 920 menti
945 854 1047 920 obicit
1062 855 1188 919 diversa
1202 878 1354 920 versuum
1370 857 1493 943 magni-

114 1048 118 1056 ,
212 965 299 1029 tudo.
336 962 503 1029 Nonnulla
522 962 653 1046 quidem
673 963 816 1028 carmina
835 968 924 1049 sunt,
948 967 985 1026 ut
1004 961 1040 1027 Ο.
1055 980 1102 1028 111.
1117 980 1174 1026 ΧΗ,
1198 961 1234 1027 Ρ.
1249 981 1293 1026 lv.
1307 980 1365 1027 ΧΠ,
1389 962 1430 1028 Ν.
1446 983 1493 1030 111.

213 1090 258 1136 1x.
273 1090 319 1136 xl.
343 1071 481 1154 1.11.v1,
501 1092 640 1155 quorum
659 1092 771 1135 versus
791 1070 819 1135 si
838 1070 944 1134 minus
962 1071 1065 1154 paris,
1087 1076 1196 1134 tamen
1215 1070 1330 1134 similis
1350 1071 1491 1136 ambitus

211 1179 291 1264 sint,
320 1183 377 1242 aut
405 1178 452 1242 ita
480 1182 608 1242 tantum
634 1177 772 1261 varient,
804 1183 841 1241 ut
869 1199 979 1241 versus
1007 1176 1132 1261 primus
1160 1182 1194 1241 et
1219 1177 1354 1242 ultimus
1383 1178 1445 1242 soli
1473 1202 1492 1242 a

211 1285 434 1372 magnitudine
457 1284 657 1369 reliquorum
681 1284 778 1369 paulo
802 1284 933 1370 longius
956 1285 1115 1349 recedant.
1158 1284 1204 1348 At
1225 1305 1291 1348 non
1315 1284 1432 1348 desunt
1455 1306 1493 1348 ea

210 1392 367 1477 carmina,
395 1414 533 1476 quorum
559 1414 671 1457 versus
695 1390 775 1455 adeo
800 1391 943 1474 dispares
968 1391 1047 1474 sint,
1074 1396 1112 1454 ut
1136 1390 1389 1456 concinnitatem
1413 1393 1492 1455 artis

211 1505 243 1564 et
276 1498 494 1564 constantiam
522 1503 637 1582 poetae
668 1519 865 1583 magnopere
894 1496 1063 1561 desideres,
1110 1496 1225 1580 Neque
1252 1497 1358 1561 solum
1386 1497 1494 1582 longis

212 1606 360 1671 versibus
380 1627 475 1690 saepe
494 1606 608 1670 breves
628 1611 794 1689 tamquam
813 1604 928 1687 proodi
947 1604 1118 1688 praemissi
1137 1608 1194 1668 aut
1212 1609 1379 1689 tamquam
1399 1604 1493 1689 epodi

212 1713 351 1778 subiecti
375 1718 451 1777 sunt
475 1712 525 1798 (Ο.
545 1731 569 1777 11
594 1735 641 1798 ep.
663 1715 691 1776 6.
715 1728 778 1775 vm
801 1733 849 1794 ep.
869 1712 899 1775 4.
923 1728 960 1775 rx
979 1716 1035 1776 str.
1053 1713 1081 1776 1.
1109 1709 1143 1774 P.
1163 1728 1201 1774 111
1221 1716 1277 1775 str.
1293 1712 1321 1775 3
1341 1729 1379 1774 1x
1397 1733 1447 1794 ep.
1464 1712 1492 1776 8.

211 1820 251 1886 N.
266 1838 302 1884 vl
322 1825 379 1885 str.
398 1826 422 1885 l.
445 1818 470 1884 l.
485 1838 524 1883 111
542 1842 591 1904 ep.
606 1817 656 1904 2),
678 1819 711 1883 id
731 1819 817 1902 quod
835 1817 945 1884 nescio
965 1840 1007 1882 an
1026 1840 1127 1902 aequo
1147 1817 1256 1882 animo
1275 1818 1352 1882 ferri
1367 1819 1494 1903 debeat,

211 1928 267 1992 sed
290 1926 390 1990 etiam
413 1931 533 1991 temere
556 1926 703 1992 versibus
726 1924 870 2010 proceris
895 1947 933 1989 ex
956 1926 1082 1991 duobus
1105 1924 1318 2009 pluribusque
1338 1925 1493 1990 membris

211 2032 438 2098 constantibus
457 2033 654 2098 breviusculi
674 2038 707 2097 et
726 2031 890 2097 monocoli
908 2054 1020 2097 versus
1039 2032 1074 2096 in
1086 2032 1219 2096 -ermixti
1239 2037 1328 2118 sunt,
1348 2038 1385 2097 ut
1399 2032 1494 2097 mira-

210 2140 339 2204 bundus
358 2162 508 2224 quaeras,
528 2140 604 2223 quid
624 2141 754 2205 tandem
774 2139 969 2204 discriminis
987 2139 1073 2204 inter
1091 2162 1221 2204 versum
1240 2143 1273 2203 et
1287 2139 1381 2204 colon
1396 2140 1494 2204 inter-

212 2247 323 2312 cedere
354 2251 453 2331 poeta
485 2246 640 2332 voluerit,
672 2252 706 2311 et
736 2252 862 2311 veteres
896 2247 1139 2333 grammaticos,
1177 2247 1263 2331 quod
1295 2248 1376 2311 fines
1408 2246 1492 2312 istos

211 2376 363 2419 versuum
396 2359 428 2418 et
461 2354 607 2419 colorum
638 2376 771 2439 prorsus
805 2354 1018 2438 confundant,
1050 2354 1249 2420 excusandos
1282 2376 1352 2419 esse
1385 2355 1492 2420 ducas.

213 2460 327 2545 Neque
350 2461 378 2525 is
403 2483 489 2546 sum,
516 2461 571 2546 qui
594 2461 771 2526 Pindarum
796 2461 884 2526 omni
908 2484 946 2525 ex
969 2467 1061 2546 parte
1085 2461 1254 2525 defendam
1277 2461 1423 2545 nihilque
1447 2461 1493 2524 in-

212 2567 414 2633 constantiae
447 2568 482 2632 in
514 2568 662 2633 versibus
695 2568 917 2654 disiungendis
946 2567 1243 2654 coniungendisque
1272 2570 1312 2633 ab
1341 2590 1379 2633 eo
1407 2591 1492 2634 com-

211 2675 348 2740 missum
371 2697 441 2740 esse
465 2676 578 2741 dicam.
621 2675 776 2740 Attamen
797 2673 916 2758 habeo,
940 2696 1004 2758 quo
1028 2679 1061 2738 et
1082 2674 1181 2738 istam
1204 2675 1493 2740 inconcinnitatem

212 2803 361 2847 excusem
390 2787 424 2846 et
451 2783 593 2847 rationes
621 2780 656 2844 in
682 2781 830 2846 versibus
859 2781 1095 2846 constituendis
1117 2781 1274 2846 ineundas
1303 2783 1494 2867 compleam.

302 2886 386 2954 Sunt
413 2889 499 2954 enim
526 2909 592 2953 non
620 2909 731 2953 omnes
759 2909 886 2973 versus,
913 2909 994 2973 quos
1022 2887 1208 2955 Boeckhius
1236 2894 1383 2976 externa,
1411 2913 1494 2975 quae

213 3018 311 3080 supra
338 2996 486 3081 exposui,
512 2994 633 3060 indicia
660 2999 791 3060 secutus
820 2995 1005 3082 constituit,
1034 2995 1122 3080 pleni
1150 3003 1183 3063 et
1210 2997 1359 3084 perfecti,
1392 2999 1493 3064 immo

213 3123 308 3188 saepe
332 3103 395 3167 duo
419 3100 470 3167 vel
493 3101 592 3166 etiam
616 3107 683 3167 tres
705 3102 754 3167 ita
776 3102 863 3167 inter
887 3126 921 3168 se
945 3104 1133 3187 cohaerent,
1155 3110 1192 3170 ut
1211 3105 1376 3172 coniuncti
1394 3127 1493 3170 unam

213 3209 382 3293 periodum
409 3208 561 3274 efficiant.
607 3207 662 3275 Sic
683 3209 719 3274 in
741 3208 848 3296 prima
871 3211 933 3275 oda
956 3209 1126 3296 Olympios
1148 3212 1266 3276 merito
1289 3216 1325 3276 tu
1349 3233 1495 3295 quaeras,

212 3338 270 3381 cur
291 3321 389 3400 poeta
412 3317 476 3381 duo
499 3315 605 3401 prima
628 3317 756 3382 colaia
778 3340 881 3383 unum
903 3341 1032 3384 versum
1055 3317 1259 3384 coniunxerit

602 3446 621 3475 υ
637 3434 656 3474 L
674 3467 691 3475 -
708 3449 727 3474 υ
745 3466 761 3475 .
779 3449 799 3474 υ
816 3467 834 3476 -
850 3423 855 3496 Ι
871 3434 888 3476 L
907 3438 925 3476 ῦ
942 3467 959 3476 -
960 3441 1103 3489 υυυυυ

212 3528 284 3595 cola
302 3530 452 3613 quintum
471 3533 505 3595 et
523 3535 650 3596 sextum
669 3531 788 3598 veteris
808 3531 1029 3609 colometriae,
1051 3531 1129 3596 licet
1146 3530 1213 3596 illis
1232 3530 1398 3597 simillima
1417 3529 1492 3613 sint,

211 3657 279 3701 non
302 3637 518 3723 coniunxerit,
541 3638 655 3703 sedin
678 3639 759 3703 duos
783 3661 896 3704 versus
919 3636 1126 3722 discerpserit

211 3958 325 4044 Neque
353 3961 473 4025 errarit
495 3960 692 4042 Boeclrhius,
720 3959 807 4042 quod
834 3958 974 4046 vestigia
1000 3962 1117 4045 poetae
1144 3955 1248 4041 ipsius
1276 3961 1405 4021 secutus
1429 3958 1492 4022 duo

210 4067 317 4153 prima
345 4065 416 4131 cola
442 4067 563 4132 reiecta
590 4066 738 4132 codicum
764 4065 959 4131 auctoritate
982 4066 1018 4130 in
1040 4086 1142 4129 unum
1164 4085 1294 4128 versum
1318 4064 1494 4149 coniunxit,

214 4174 364 4258 quintum
384 4177 417 4236 et
435 4177 563 4238 sextum
581 4197 647 4238 non
664 4173 754 4239 item.
787 4173 826 4238 In
844 4174 909 4239 fine
928 4173 1014 4238 enim
1033 4171 1140 4256 quinti
1155 4171 1218 4237 coli
1233 4175 1348 4255 quater
1362 4170 1426 4258 (vv.
1442 4173 1494 4239 33.

211 4276 434 4366 4474104)
458 4280 607 4345 licentiae
631 4280 776 4366 syllabae
800 4279 951 4365 ancipitis
976 4285 1010 4344 et
1032 4279 1142 4344 hiatus
1167 4278 1326 4344 admissae
1347 4283 1436 4364 sunt,
1460 4279 1494 4343 in

211 4386 274 4450 fine
297 4387 395 4471 primi
417 4385 496 4451 adeo
515 4409 690 4472 nusquam,
713 4392 750 4452 ut
769 4393 820 4452 ter
838 4386 902 4474 (vv.
918 4387 969 4452 31.
986 4387 1037 4451 72.
1054 4383 1133 4472 102)
1151 4409 1192 4450 ne
1210 4388 1345 4451 verbum
1365 4386 1494 4471 quidem

210 4494 245 4558 in
267 4494 330 4557 fine
353 4492 471 4577 prioris
496 4493 559 4557 coli
582 4493 712 4560 finitum
729 4494 786 4559 'sit
832 4493 918 4558 lllud
941 4497 1051 4558 tamen
1074 4498 1197 4578 manet,
1221 4516 1333 4559 versus
1357 4493 1493 4557 tertium

211 4604 245 4664 et
272 4605 437 4684 quartum,
465 4600 613 4685 quamvis
640 4600 781 4666 licentiis
808 4599 883 4665 istis
906 4600 1058 4665 disiuncti
1083 4600 1163 4683 sint,
1192 4605 1315 4684 tamen,
1341 4621 1494 4663 numeros

212 4707 240 4773 si
273 4712 413 4794 spectes,
444 4731 510 4773 non
543 4709 649 4774 minus
682 4729 780 4792 quam
813 4708 877 4772 duo
912 4707 1018 4792 prima
1052 4708 1124 4774 cola
1156 4707 1309 4791 strophae
1342 4706 1427 4771 inter
1460 4729 1494 4771 se

216 4815 387 4882 cohaerere
418 4821 450 4884 et
478 4819 588 4902 partes
616 4815 712 4880 unius
739 4812 943 4900 rhythmicae
969 4814 1095 4902 periodi
1124 4814 1259 4880 efficere.
1306 4813 1414 4898 Atque
1442 4813 1496 4878 hic
