3406 5378
314 344 375 399 1er
814 347 1090 399 PROLEGOMENA.

315 530 409 593 pares
434 508 513 593 sint,
542 514 599 573 aut
622 509 682 573 sub
705 510 803 574 finem
827 514 955 573 tantum
978 508 1152 594 rhythmus
1175 507 1342 592 paululum
1367 508 1488 592 partim
1511 530 1600 573 acce·

315 616 447 699 leretur,
475 621 513 681 ut
539 616 574 680 in
597 616 732 700 stropha
753 616 851 701 primi
875 615 1026 680 carminis
1051 614 1265 680 O.1factum
1289 614 1449 699 videmus,
1476 616 1599 700 partim

316 722 510 805 retardetur,
534 727 571 787 ut
594 723 629 787 in
651 722 967 808 dactylo-epitriticis
992 722 1134 807 strophis
1159 744 1221 786 usu
1239 721 1347 786 venire
1367 722 1457 787 solet.
1494 722 1599 787 Tertii

317 850 393 893 vero
421 829 573 894 carminis
601 828 762 915 Olympici
792 828 927 913 stropha
954 829 1001 893 ita
1028 827 1210 913 composita
1237 833 1300 911 est,
1327 834 1365 893 ut
1393 851 1504 893 omnes
1527 830 1599 895 eius

319 957 432 999 versus
459 939 588 1018 praeter
616 958 716 1000 unum
745 935 897 1000 ultimum
925 935 1140 1000 continuitate
1164 957 1373 1000 numerorum
1396 935 1602 1022 cohaereant,

317 1042 452 1107 ultimus
472 1047 582 1107 autem
601 1044 740 1127 speciem
760 1042 854 1126 epodi
872 1042 1004 1126 habeat,
1024 1063 1087 1125 quo
1106 1042 1232 1107 numeri
1247 1042 1413 1126 strophae,
1431 1047 1600 1127 tamquam

317 1171 356 1214 ea
379 1172 417 1214 ex
441 1149 566 1215 duabus
584 1149 733 1233 partibus
753 1149 793 1214 ad
811 1148 916 1213 instar
935 1147 1143 1232 epodicorum
1163 1149 1341 1213 carminum
1362 1154 1503 1233 constet,
1525 1171 1608 1239 con-¹

318 1257 490 1321 eludantur
513 1263 610 1340 atque
633 1256 851 1321 inflectantur.

409 1364 497 1440 Quae
531 1385 603 1427 cum
636 1362 683 1426 ita
716 1385 749 1427 se
781 1362 937 1447 habeant,
969 1363 1112 1446 impense
1146 1384 1276 1446 operam
1305 1362 1391 1447 dedi,
1422 1368 1459 1426 ut
1487 1386 1601 1429 omnes

319 1493 431 1536 versus
461 1469 613 1554 strophae
642 1470 682 1534 ad
710 1469 940 1554 aequalitatem
969 1469 1115 1553 rhythmi
1138 1491 1329 1535 revocarem.
1376 1469 1489 1553 Neque
1513 1472 1602 1554 quod

319 1578 431 1663 paucis
459 1578 494 1642 in
522 1576 733 1661 carminibus,
760 1576 850 1641 velut
873 1575 908 1641 O.
927 1594 952 1640 x
975 1582 1008 1641 et
1031 1576 1072 1641 N.
1091 1594 1140 1658 vl,
1167 1577 1262 1641 nobis
1288 1598 1354 1641 non
1382 1578 1534 1663 contigit,
1562 1582 1602 1643 ut

320 1685 529 1750 difficultates
563 1706 672 1748 omnes
706 1706 945 1769 superaremus,
980 1684 1053 1749 ideo
1091 1684 1189 1747 etiam
1220 1684 1254 1747 in
1287 1682 1360 1748 aliis
1392 1684 1603 1769 carminibus,

320 1792 410 1857 velut
425 1791 460 1856 Ο.
471 1810 504 1855 11.
524 1790 558 1855 P.
569 1811 600 1855 v.
610 1809 680 1855 vul.
701 1790 741 1855 N.
752 1809 787 1855 11.
798 1809 842 1873 ru,
862 1792 900 1856 de
918 1790 1061 1856 numeris
1080 1790 1182 1855 totius
1201 1791 1354 1875 strophas
1370 1791 1603 1858 concinnandis

319 1898 416 1963 nobis
435 1898 668 1982 desperandum
687 1896 758 1961 fuit.
796 1897 950 1983 Inprimis
970 1901 1078 1961 autem
1097 1896 1131 1961 in
1146 1897 1206 1961 hac
1221 1918 1348 1981 quoque
1361 1902 1454 1982 parte
1467 1904 1602 1964 nostrae

320 2005 505 2090 provinciae
539 2004 746 2070 catalecticae
778 2004 937 2089 tripodiae
968 2004 1136 2088 scrupulos
1165 2003 1272 2067 animo
1300 2004 1486 2070 iniecerunt.
1539 2003 1603 2071 Sed

321 2136 395 2178 cum
423 2112 488 2176 iam
513 2112 548 2176 in
571 2111 717 2176 versibus
741 2111 921 2176 dividendis
945 2134 1056 2176 omnes
1080 2111 1237 2196 tripodias
1262 2111 1420 2176 machinis
1443 2112 1604 2197 rhythmi-

324 2219 371 2284 cis
399 2240 564 2284 removere
594 2218 690 2283 veriti
718 2241 843 2300 sumus,
871 2219 976 2304 magis
1004 2218 1103 2283 etiam
1125 2218 1160 2282 in
1183 2218 1327 2302 strophis
1350 2241 1461 2284 versus
1485 2242 1524 2284 ex
1548 2221 1606 2285 tri-

323 2326 428 2410 podiis
453 2329 639 2391 constantes
662 2326 755 2390 iuxta
776 2348 889 2390 versus
914 2348 952 2389 ex
975 2325 1115 2410 dipodiis
1139 2325 1337 2408 compositos
1361 2325 1508 2391 ferendos
1532 2347 1604 2392 esse

321 2431 485 2516 duximus,
517 2431 606 2496 velut
637 2431 708 2496 O.1
737 2455 785 2516 ep.
812 2434 839 2497 1.
864 2434 894 2497 ὁ.
918 2436 947 2497 o.
984 2450 1010 2495 11
1038 2455 1086 2516 ep.
1116 2434 1144 2496 2.
1186 2430 1220 2494 Ρ.
1239 2448 1264 2493 11
1293 2453 1341 2514 cp.
1365 2434 1394 2496 2.
1419 2436 1447 2497 3.
1490 2432 1531 2497 N.
1551 2452 1602 2498 vn

322 2561 371 2623 ep.
391 2541 420 2603 3.
439 2540 469 2603 4.
494 2538 519 2603 l.
537 2556 600 2602 v111
618 2540 648 2604 ἴ).
675 2539 714 2603 fr.
735 2540 785 2604 75.

411 2646 465 2711 De
489 2646 631 2730 pausis.
669 2644 848 2710 Pausarum
871 2646 905 2709 in
928 2666 1079 2708 versuum
1103 2642 1310 2726 colorumque
1329 2642 1538 2729 discriptione
1557 2647 1606 2712 ita

321 2754 483 2819 rationem
506 2752 695 2836 habuimus,
717 2757 755 2817 ut
776 2751 912 2836 pusillas
936 2749 1064 2832 quidem
1087 2770 1204 2833 pausas
1228 2747 1263 2811 in
1286 2750 1433 2815 confiniis
1458 2753 1604 2819 omnium

323 2863 468 2926 colorum
497 2857 727 2922 intericieudas
755 2878 825 2921 esse
851 2860 1054 2940 putaremus,
1080 2854 1177 2917 iustis
1205 2859 1313 2919 autem
1340 2858 1451 2941 pausis
1478 2860 1543 2925 nisi
1568 2860 1606 2926 in

321 2967 442 3033 finibus
475 2987 627 3030 versuum
657 2964 764 3029 locum
791 2985 856 3027 non
885 2960 1139 3026 concederemus.
1192 2959 1253 3025 Sed
1281 2962 1349 3047 hic,
1379 2965 1436 3028 ubi
1465 2967 1503 3031 de
1531 2971 1606 3033 tota

322 3072 459 3158 stropha
490 3072 687 3137 dimetienda
710 3071 832 3156 agitur,
859 3069 897 3133 de
923 3088 1098 3151 pausarum
1121 3089 1250 3154 quoque
1272 3069 1452 3136 intervallis
1477 3096 1528 3138 me
1553 3096 1607 3141 ac-

323 3180 468 3246 curatius
503 3180 743 3262 disputaturum
775 3197 846 3241 csse
878 3174 995 3238 merito
1027 3177 1201 3258 exspectes.
1247 3175 1396 3261 Namque
1430 3179 1458 3242 si
1490 3201 1606 3245 omnes

322 3307 435 3350 versus
464 3284 607 3348 eiusdem
635 3281 788 3366 strophae
817 3280 865 3344 ita
892 3278 1062 3343 cohaerere
1090 3281 1279 3367 statuimus,
1305 3287 1343 3347 ut
1371 3307 1471 3349 unum
1499 3287 1606 3352 exiis

324 3415 442 3477 corpus
470 3389 643 3473 efficiatur,
670 3389 797 3473 pausis,
825 3386 942 3471 quibus
964 3386 1068 3450 latera
1090 3393 1259 3452 cantorum
1282 3389 1317 3453 in
1339 3390 1438 3478 longo
1462 3393 1607 3458 carmine

323 3499 490 3564 recitando
511 3496 707 3579 reficiantur,
729 3495 820 3559 locus
840 3493 1057 3579 adsignandus
1081 3499 1114 3558 et
1135 3495 1215 3559 certi
1233 3496 1314 3560 fines
1334 3499 1498 3563 statuendi
1518 3505 1606 3565 sunt.

324 3606 437 3688 Neque
452 3603 649 3669 testimoniis
663 3606 809 3666 veterum
824 3602 1022 3665 musicorum
1036 3599 1130 3685 plane
1145 3601 1294 3667 destituti
1308 3626 1428 3669 sumus.
1454 3605 1608 3690 Namque

324 3718 357 3778 et
385 3711 562 3776 scholiasta
588 3708 739 3793 Dionysii
766 3707 900 3772 Thracis
909 3705 935 3794 ¹)
968 3728 1120 3771 numeros
1151 3730 1263 3773 versus
1295 3712 1402 3776 uerbis
1434 3733 1607 3796 expressos

325 3818 428 3884 modis
456 3818 546 3903 lyrae
574 3815 770 3882 succinentis
799 3813 994 3898 supplendos
1022 3834 1092 3877 esse
1116 3813 1260 3878 disertim
1285 3823 1395 3883 monet
1418 3824 1452 3883 et
1473 3819 1609 3905 Anony-

324 3949 396 3991 mus
417 3926 455 3990 de
474 3947 554 3990 mus.
577 3924 619 3989 83
627 3919 653 4009 ²)
676 3925 816 4006 quatuor
838 3925 933 3984 notas
957 3924 1140 4004 temporum
1160 3919 1303 3985 inanium
1323 3926 1471 4011 usurpari
1491 3927 1608 3992 tradit:

752 4027 847 4103 κενὸς
869 4028 995 4110 βραχὺς
1018 4044 1039 4093 Λ

751 4134 846 4209 κενὸς
868 4132 992 4215 μακρὸς
1020 4118 1041 4199 l

751 4240 844 4314 κενὸς
868 4262 899 4321 μ.
923 4240 1080 4321 τρίσημος
1105 4238 1129 4306 λ

751 4346 845 4420 κενὸς
867 4368 898 4427 μ.
922 4344 1123 4428 τετράσημος
1147 4343 1171 4414 X

417 4511 443 4561 ll
462 4505 550 4560 Bckk.
566 4504 699 4571 anecdp.
712 4508 774 4557 751:
793 4500 857 4554 τινὰ
878 4498 1020 4567 ποιήματα
1041 4502 1073 4553 oi·
1093 4499 1180 4569 prison
1199 4502 1336 4573 ἐμμέτρως
1354 4506 1516 4577 γέγραπται,
1535 4512 1610 4567 ἀλλὰ

328 4580 375 4632 καὶ
399 4578 468 4647 μετὰ
491 4576 600 4647 μέλους·
625 4574 670 4627 διὸ
694 4568 788 4627 οὔδ’ὁ
811 4569 903 4641 στίχος
925 4578 1015 4653 saltat
1039 4570 1069 4625 ἐν
1087 4580 1119 4641 τῇ
1139 4574 1276 4643 στοιχήσει
1295 4576 1409 4643 τέλειος,
1433 4580 1503 4634 ἀλλὰ
1521 4580 1606 4653 μέχρι

325 4659 376 4705 τοῦ
395 4648 644 4733 ἀπηχήματοςμτῆς
662 4645 746 4711 λύρας
765 4640 847 4707 cetra
865 4640 917 4709 τὴν
936 4640 1037 4709 eodelr,
1062 4644 1098 4705 ὡς
1121 4642 1187 4717 ὁρᾷς
1206 4646 1239 4699 τὰ
1262 4656 1311 4701 τοῦ
1335 4650 1481 4718 llrvdoipou
1505 4670 1606 4724 συγκε-

327 4719 470 4792 κομμένως
489 4719 669 4788 ἐκφερομενα.
947 4780 952 4792 ⁸

416 4796 443 4861 2)
461 4787 623 4859 Westphal‚
642 4786 694 4841 Dic
713 4786 822 4855 Frugm.
843 4782 893 4835 dor
911 4780 1014 4850 griech.
1034 4782 1165 4852 llbythrn.
1185 4804 1211 4855 p.
1228 4793 1269 4843 69.
