3406 5378
692 354 815 404 NEMEA
834 355 895 407 VII.

150 529 184 576 ιε
204 514 371 577 Αἰακιδᾶν
394 515 575 597 κρεόν-τυν
598 517 755 580 τολοιπὸν
779 519 913 600 ἔμμεναι

204 627 289 686 θεοῦ
312 618 388 704 παρ’
416 619 576 705 εὐ-τειχέα
600 623 718 707 δόμον,
741 620 879 705 ἡρωΐαις
902 619 938 687 δὲ
961 636 1106 708 πομπαῖς

204 730 411 811 θεμισκόπον
434 728 553 792 οί-κεῖν
576 725 674 793 ἐόντα
695 730 903 806 πολυθύτοις

204 834 379 918 εὐώνυμον
402 831 435 909 ἐς
457 834 564 899 δίκαν.
584 838 691 918 -τρία
714 833 813 900 ῖέπεα
837 835 1015 921 διαρκέσει·

206 941 246 1004 οὐ
269 941 387 1018 ψεῦδις
409 940 427 1004 δ
450 940 576 1026 μάρτυς
598 943 773 1026 ἔργ-μασιν
797 941 967 1008 ἐπιστατεῖ.

153 1067 186 1113 50
206 1054 344 1132 Αἴγινα,
367 1059 451 1113 τεῶν
474 1052 557 1124 Διός
580 1047 610 1112 τ’
632 1090 644 1097 -
665 1048 810 1132 ἐκγόνων
833 1052 946 1135 θρασύ
969 1076 1024 1136 μοι
1048 1053 1116 1117 τόδ’
1146 1056 1249 1119 εἰπεῖν

206 1238 367 1311 φαενναῖς
390 1226 520 1310 ἀρεταῖς
544 1228 625 1295 ὁδὸν
644 1232 796 1314 -κυρίαν
820 1231 930 1310 λόγων
1229 1229 1312 1296 ’Ana
1331 1231 1373 1314 γ’.
1395 1250 1427 1297 ιο

160 1319 162 1323 ¹
206 1340 350 1398 οἴκοθεν.
396 1333 478 1399 ἀλλὰ
502 1336 564 1419 γὰρ
589 1334 773 1412 ἀνάπαυσις
796 1333 832 1400 ἐν

249 1439 349 1506 παντὶ
373 1446 507 1523 γλυκεῖα
530 1439 666 1530 sepse·
690 1444 792 1526 κόρον
815 1440 846 1506 δ’
872 1445 937 1526 ἔχει

206 1546 260 1612 καὶ
283 1547 356 1631 μέλι
380 1546 434 1612 καὶ
457 1549 497 1612 τδι
520 1546 633 1634 τέρπν’
655 1590 667 1596 -
686 1547 782 1614 ἄνθε’
806 1547 1010 1633 Ἀφροδίσια.

206 1664 276 1740 φυᾷ
300 1653 329 1718 δ’
357 1653 507 1731 ἕκασ-τος
529 1654 732 1740 διαφέρομεν
754 1656 870 1738 βιοτάν
893 1659 1061 1739 λαχόντες,
1392 1677 1426 1722 ευ

223 1836 265 1883 47.
290 1827 466 1899 θεμίσκοπον
490 1829 554 1883 Μ)
578 1861 611 1870 -
634 1831 795 1899 τολυθάτης
818 1831 859 1896 D;
882 1834 947 1900 post
973 1831 1144 1893 πολυθύτοις
1167 1832 1341 1901 interpunxit
1363 1833 1426 1886 Ari-

153 1900 290 1969 starchus,
310 1904 375 1955 ante
395 1901 422 1964 ἐς
441 1899 525 1955 δίκαν
543 1901 639 1970 Heyne
660 1934 691 1942 —
711 1907 754 1957 49.
780 1900 898 1968 ψεύδεσι
917 1901 1021 1972 μάρτυς
1039 1902 1111 1957 coni.
1131 1902 1307 1959 Bornemann
1325 1903 1426 1958 Philol.

152 1990 187 2041 45,
206 1989 254 2041 eut,
273 1974 392 2038 ψεῦδιν·
411 1972 486 2026 idern
505 1972 903 2042 ap.Bursian·Mflller189‘2⁸
921 1989 960 2027 asu
980 2005 1012 2013 -
1031 1974 1137 2044 μάρτυς
1155 1973 1247 2030 B¹D:
1268 1974 1365 2042 μάντις
1384 1975 1427 2028 B⁸

156 2078 185 2083 —
208 2050 249 2098 50.
268 2042 340 2111 τόδ’,
360 2045 451 2112 εὑρεῖν
471 2062 570 2112 φαενν.
586 2044 656 2098 coni.
672 2043 777 2099 Steffen
796 2045 890 2112 Progr.
907 2043 1110 2113 Nicolaigymn.
1127 2045 1218 2115 Leipz.
1235 2052 1302 2098 1882
1319 2063 1346 2114 p.
1361 2064 1372 2099 ι
1395 2079 1426 2085 —

154 2124 195 2169 tl.
215 2113 302 2185 λέγων
321 2115 391 2168 coni.
406 2114 570 2168 Heimsoeth
589 2147 622 2154 —
1221 2121 1224 2127 '

155 2259 188 2307 ει,
208 2256 227 2292 c.
260 2238 420 2293 Scholiasta
437 2240 512 2306 quod
532 2242 628 2292 narrat
646 2239 860 2309 Neoptolemum
880 2239 999 2309 primum
1018 2240 1070 2293 sub
1089 2240 1186 2294 limine
1205 2241 1312 2310 templi,
1331 2244 1429 2310 postea

155 2329 172 2363 a
190 2310 318 2365 Menelao
337 2310 366 2363 in
386 2327 465 2364 sacro
483 2326 595 2364 nemore
614 2309 711 2383 (ἐντῷ
731 2310 847 2380 τεμένει)
866 2311 1006 2381 sepultum
1031 2328 1103 2379 esse,
1128 2329 1190 2364 cum
1215 2312 1375 2367 narratione
1394 2312 1428 2365 de

157 2381 264 2436 infenso
290 2381 319 2435 in
345 2380 561 2450 Neoptolemum
586 2380 680 2434 animo
706 2380 904 2451 Delphicomm
932 2382 1109 2437 secerdotum
1137 2383 1284 2437 cohaerere
1308 2382 1428 2436 videtur.

156 2453 261 2506 Eodem
280 2455 390 2523 spectat
427 2453 483 2507 nod
501 2452 658 2506 Pausanias
677 2472 686 2504 1
704 2469 726 2519 ι,
744 2470 757 2506 ι
776 2457 873 2506 narrat
895 2452 1046 2523 Delphicus
1069 2453 1228 2508 sacerdotes
1248 2454 1368 2523 primum
1386 2470 1428 2508 se·

156 2524 282 2594 pulcrum
307 2471 485 2594 Neoptolemi
510 2526 655 2593 tamquam
681 2523 787 2578 inimici
814 2528 843 2578 et
868 2523 998 2593 sacrilegi
1023 2525 1052 2577 in
1077 2524 1154 2578 nullo
1173 2524 1277 2579 honore
1296 2524 1428 2579 habuisse

155 2600 184 2648 et
209 2599 308 2665 postea
331 2596 456 2662 demum,
480 2613 544 2649 cum
569 2599 666 2649 contra
685 2594 781 2649 Gallos
807 2595 842 2648 iis
868 2594 1004 2649 auxilium
1030 2595 1153 2664 tulisset,
1178 2596 1260 2650 litare
1284 2596 1429 2650 sacrificiis

155 2667 280 2789 coepisse
301 2699 333 2707 -
352 2672 395 2722 46.
421 2667 537 2735 ἡρωΐαις
561 2665 593 2720 δέ
618 2674 743 2736 πομπαῖς
767 2666 948 2729 πολυθύτοις·
976 2683 1056 2721 sacra
1078 2666 1271 2738 (ἐναγίσματα)
1298 2667 1429 2721 heroibus

157 2738 251 2793 mutis
271 2738 392 2792 victimis
407 2738 484 2792 facta
499 2737 650 2808 significat,
665 2736 844 2807 quibuscum
862 2738 948 2792 sacris
963 2736 1137 2792 lectisternia
1150 2739 1265 2792 heroum
1279 2738 1430 2792 coniuncta

156 2813 248 2875 erant,
272 2809 306 2863 de
331 2809 432 2878 quibus
457 2808 556 2865 schol:
584 2808 691 2879 γίνεται
711 2809 741 2863 ἐν
761 2813 882 2877 Δελφοῖς
900 2806 987 2878 ἥρωσι
1005 2807 1096 2878 ξένια,
1123 2809 1153 2863 ἐν
1173 2806 1214 2872 οἷς
1232 2811 1312 2864 δοκεῖ
1329 2810 1344 2862 δ
1363 2809 1432 2871 θεὸς

157 2881 202 2935 ἐπὶ
221 2879 298 2946 ξένια
318 2885 412 2936 καλεῖν
429 2882 495 2942 τοὺς
508 2880 607 2950 ἥρωας.
636 2880 712 2935 Haec
733 2897 813 2934 sacra
832 2884 861 2934 et
879 2879 1053 2934 lectisternia
1067 2884 1100 2935 ut
1112 2880 1166 2934 rite
1180 2882 1287 2947 fierent,
1308 2881 1431 2950 Neopto·

157 2952 245 3007 lemus
269 2952 349 3005 heros
373 2953 504 3019 curabat,
528 2951 606 3006 cuius
625 2968 739 3020 nomen,
764 2968 827 3005 cum
846 2951 933 3005 Aeaci
950 2951 1078 3006 iustitiae
1096 2951 1259 3007 memoriam
1279 2956 1430 3019 revocaret,

157 3040 206 3092 pro
217 3023 289 3077 bono
300 3022 392 3076 omine
402 3023 566 3093 (εὐώνυμον)
577 3023 736 3078 habebatur
744 3055 778 3062 —
789 3029 830 3078 48.
846 3020 908 3091 τρία
919 3023 996 3091 ἔπεα,
1009 3022 1180 3091 proverbiali
1195 3023 1336 3078 locutione
1345 3026 1431 3094 poeta

158 3111 223 3147 usus
243 3094 339 3164 paucis
358 3111 417 3147 rem
435 3093 572 3148 declarari
591 3110 673 3163 posse
692 3093 774 3159 dicit3
794 3092 865 3149 haec
883 3097 978 3148 autern
991 3092 1048 3147 tria
1061 3111 1125 3162 non,
1141 3097 1172 3147 ut
1186 3095 1356 3150 scholiastae
1369 3110 1431 3165 per-

157 3182 253 3234 peram
271 3165 499 3234 interpretantur,
514 3165 551 3218 ad
584 3164 762 3218 raecedentia
776 3165 925 3234 pertinent,
940 3165 1014 3233 quod
1029 3165 1229 3235 Neoptolemus
1243 3166 1304 3220 rixa
1318 3168 1433 3236 propter

158 3253 254 3290 carnes
269 3236 393 3291 excitata
408 3235 549 3303 occiderit,
564 3184 667 3305 delphi
679 3253 776 3290 necem
788 3235 992 3302 damnaverint,
1011 3238 1069 3290 l'ato
1084 3240 1169 3305 atque
1183 3237 1299 3291 deorum
1314 3236 1431 3291 consilio

159 3324 232 3361 mors
253 3307 430 3377 Neoptolemi
448 3324 534 3377 prope
554 3306 689 3377 templum
703 3305 869 3376 Delphicum
888 3307 1031 3362 destinata
1049 3308 1142 3375 fuerit,
1162 3308 1209 3362 sed
1231 3308 1267 3361 ad
1287 3308 1433 3377 sequentia

159 3379 245 3433 verba
264 3379 297 3432 οὐ
315 3380 417 3445 ψεῦδις
430 3378 445 3432 δ
460 3377 564 3449 μάρτυς
584 3377 716 3448 ἔργμασιν
736 3377 877 3432 ἐπιστατεῖ
894 3380 960 3432 ‘non
979 3379 1100 3433 mendax
1118 3379 1236 3433 antistes
1256 3378 1432 3433 caerimoniis

160 3449 358 3532 Neoptolemus
380 3451 513 3519 praeest’.
551 3449 628 3504 Haec
650 3448 679 3502 in
703 3465 732 3503 se
757 3450 888 3504 conclusa
911 3453 940 3503 et
958 3450 1091 3504 absoluta
1113 3455 1179 3504 sunt
1197 3467 1286 3519 neque
1306 3451 1435 3521 indigent

159 3521 354 3588 additamenti,
369 3520 444 3589 quod
454 3520 598 3591 Mergerus
613 3520 719 3574 adiecit
732 3523 835 3590 puncto
850 3523 914 3591 post
928 3520 1070 3574 ἐπιστατεῖ
1083 3521 1176 3576 deleto
1191 3525 1220 3575 et
1235 3522 1357 3591 ἐκγόνων
1372 3539 1433 3575 cunr

160 3595 273 3662 ἔργμασι
288 3593 444 3646 coniuncto.
464 3592 551 3646 Immo
565 3591 713 3662 genetivus
727 3601 797 3646 τεῶν
813 3590 880 3655 Διός
893 3590 918 3646 τ’
937 3590 1059 3662 ἐκγόνων
1069 3610 1086 3645 a
1095 3592 1229 3661 proximis
1239 3592 1331 3647 verbis
1346 3611 1433 3662 φαεν-

161 3673 221 3726 ναῖς
235 3665 348 3731 ἀρεταῖς
361 3663 478 3732 pendet:
499 3663 656 3734 splendidis
673 3663 826 3717 virtutibus
840 3663 1027 3717 Aeacidarum
1066 3667 1147 3717 oetas
1166 3663 1269 3718 fiducia
1289 3664 1365 3717 lacta
1383 3668 1434 3732 est,

160 3739 264 3788 uttam
278 3733 461 3789 honorificam
475 3735 643 3790 sententiam
659 3736 751 3790 ferret.
775 3733 923 3789 Difficilior
937 3735 974 3788 ad
988 3682 1185 3804 expiicandum
1200 3739 1244 3788 est
1258 3734 1435 3790 accusativus

160 3806 228 3859 ὁδὸν
246 3803 347 3874 κυρίαν
366 3803 462 3876 λόγων.
494 3805 648 3872 Quominns
667 3805 741 3861 enim
761 3823 823 3860 eum
843 3804 1048 3875 appositionem
1067 3805 1158 3859 dativi
1176 3807 1288 3874 ἀρεταῖς
1307 3823 1367 3860 esse
1386 3824 1436 3875 pu-

160 3883 263 3944 temus,
282 3877 484 3947 grammaticae
503 3876 592 3948 leges,
612 3876 759 3946 quominus
780 3876 935 3931 accusativi
955 3875 1033 3945 τόδε,
1057 3876 1258 3930 sententiarum
1277 3895 1364 3931 nexus
1384 3878 1435 3930 im-

160 3948 320 4017 pedimento
339 3951 388 4003 est.
426 3949 494 4003 inde
513 3949 675 4019 analogiam
694 3947 794 4001 similis
814 3947 1030 4002 constructionis
1050 3948 1083 4002 N.
1100 3967 1126 4000 vr
1140 3965 1167 4002 τε
1181 3952 1292 4002 secutus
1312 3948 1379 4002 ὁδὸν
1400 3949 1435 4002 ad

162 4020 274 4073 verbum
295 4021 385 4074 εἰπεῖν
403 4020 485 4075 traho
504 4020 579 4074 idem
593 4023 678 4089 atque
693 4018 763 4074 καθ’
786 4019 854 4074 δδδν
871 4019 967 4073 valere
981 4022 1072 4075 ratus:
1088 4019 1140 4072 hoc
1154 4019 1246 4073 dicere
1262 4019 1437 4073 incedentem

161 4092 235 4144 vium
255 4096 412 4161 compotem
430 4091 634 4146 sententiarum
653 4091 736 4145 domo
755 4090 945 4145 adfluentium.

232 4168 265 4214 52
281 4179 316 4217 ss.
340 4162 542 4232 digressionem
566 4164 600 4216 de
624 4162 809 4233 Neoptolemo
833 4162 987 4233 abrumpit,
1012 4166 1043 4215 ut
1066 4163 1103 4215 ad
1122 4161 1309 4216 Thearionern
1328 4165 1436 4230 patrem

162 4234 273 4287 victoris
299 4237 438 4301 transeat;
464 4233 592 4303 quamvis
618 4233 693 4288 enim
719 4233 793 4287 dulci
818 4250 847 4288 re
870 4236 1005 4303 perpetuo
1024 4235 1149 4287 tractata
1168 4232 1315 4287 fastidium
1333 4233 1435 4303 parari.

160 4305 252 4358 Patris
277 4309 372 4359 autem
389 4306 559 4359 mentionem
579 4305 608 4358 in
627 4304 741 4387 epinicii
759 4304 811 4358 filii
830 4303 1034 4358 adulescentuli
1053 4304 1121 4372 fieri,
1142 4304 1214 4358 nihil
1232 4304 1296 4358 miri
1315 4307 1344 4359 et
1362 4306 1436 4373 quod

160 4375 297 4444 quaesitis
325 4376 498 4446 argumentis
525 4393 651 4431 excusari
679 4377 794 4445 debeat,
824 4376 910 4430 habet
928 4409 962 4415 —
982 4382 1023 4429 53.
1053 4375 1222 4429 sententiam
1246 4375 1377 4445 repetivit
1400 4377 1436 4430 ab

162 4448 241 4502 Hom.
256 4447 287 4502 Il.
303 4467 351 4500 τιτι
367 4465 405 4502 uec
424 4446 538 4503 πάντων
557 4447 608 4519 μὲν
626 4446 708 4515 κόρος
727 4445 792 4516 ἐστι’,
811 4449 858 4501 καὶ
877 4445 968 4501 ῧπνου
989 4447 1034 4500 καὶ
1054 4444 1202 4515 φιλότητος
1221 4479 1253 4486 -
1271 4453 1313 4501 el.
1329 4452 1389 4521 φυᾷ
1410 4447 1437 4500 in

162 4519 298 4588 principio
318 4536 407 4573 novae
426 4519 515 4589 partis
533 4519 637 4589 posuit,
656 4519 731 4588 quod
751 4537 768 4572 a
786 4517 923 4572 facultate
942 4521 1044 4571 natura
1063 4517 1163 4586 cuique
1182 4518 1309 4588 ingenita
1328 4535 1438 4572 ornnem

161 4594 291 4644 eventum
319 4591 439 4660 pendere
468 4608 630 4660 persuasum
657 4589 794 4655 habebat;
823 4589 948 4643 obscuris
972 4592 1068 4643 autem
1091 4589 1259 4660 ambagibus
1288 4589 1437 4659 significat,

162 4667 193 4714 ut
211 4662 276 4715 aliis
295 4660 469 4730 hominibus,
488 4662 528 4716 sic
547 4661 634 4716 etiam
652 4661 801 4715 Thearioni
821 4678 876 4714 non
895 4660 990 4714 omnia
1009 4677 1027 4714 a
1045 4664 1147 4715 natura
1166 4661 1233 4714 data
1253 4678 1326 4727 οντες
1353 4661 1437 4714 dene-

161 4738 230 4803 gata
248 4737 342 4787 autem
362 4733 388 4787 ei
407 4732 494 4787 fuisse
512 4733 623 4788 videtur
642 4750 674 4787 co
709 4732 765 4786 oris
786 4735 886 4802 vegeta
900 4732 952 4800 vis,
971 4749 1028 4800 qua
1047 4731 1074 4784 in
1094 4731 1168 4785 ludis
1187 4730 1325 4801 gymnicis
1340 4733 1437 4785 adver-

163 4805 249 4858 sarios
267 4805 403 4869 vinceret3
419 4804 497 4859 dedit
512 4804 626 4875 quidem
640 4804 666 4859 ei
705 4820 770 4857 arca
785 4802 948 4858 divitiarum
963 4802 1073 4873 copiam
1087 4819 1159 4872 quae
1175 4803 1314 4863 sufficeret
1329 4803 1438 4870 [cuspis

215 4906 339 4946 Pisones
354 4905 388 4945 ed.
403 4904 508 4946 Christ.
1193 4899 1225 4944 19
