3406 5378
424 302 489 365 304
894 304 1042 354 PlNDARI
1061 304 1224 356 amarem.

477 464 640 554 πατρῴων
663 471 764 530 οίκων
787 463 851 530 άπό
875 463 904 531 τ’
921 464 1072 550 ’Ἀργεος
1096 462 1192 550 άρχολ
1215 461 1247 529 δ’
1269 462 1394 530 οὐκέτ’
1416 468 1494 530 ἔσαν
1519 468 1650 528 Ταλαοῦ

1115 571 1245 653 παῖδες,
1267 570 1464 655 βιασθέντες
1487 573 1558 658 λύᾳ.

427 698 459 745 ιο
478 680 627 765 κρέσσων
650 676 686 744 δὲ
709 682 872 746 καππαύει
895 683 994 746 δίκαν
1016 681 1077 745 τάν
1099 681 1249 764 πρόσθεν
1272 678 1366 762 ἀνήρ.
1670 696 1688 740 a

479 893 694 978 άνδροδάμαν
717 892 749 957 δ’
772 892 968 979 Ἐριφύλαν,
992 895 1106 978 ὅρκιον
1129 893 1175 969 ὡς
1198 893 1251 957 ὅτε
1273 895 1406 976 πιστόν,
1505 898 1585 976 Στρ.
1605 891 1649 956 δ’.

480 1003 593 1077 δόντες
617 1002 773 1088 Οἰκλείδᾳ
796 1013 954 1084 γυναῖκα,
977 1000 1190 1084 ξανθοκομᾶν
1208 1006 1355 1064 Δαναῶν
1378 1003 1478 1064 ἔσσαν
1502 999 1649 1083 μέγιστοι
1671 1018 1697 1063 ιι

1117 1105 1292 1190 λαγέται,

479 1218 537 1280 καί
557 1212 630 1279 ποτ’
652 1213 685 1291 ἐς
708 1212 915 1291 ἑπταπύλους
935 1217 1047 1298 Θήβας
1070 1216 1196 1296 ἄγαγον
1219 1214 1361 1298 στρατὸν
1384 1213 1519 1298 ἀνδρῶν
1538 1216 1652 1278 αἰσιᾶν

479 1323 520 1387 οὐ
551 1320 622 1386 κατ’
656 1321 800 1407 ὀρνίχων
837 1320 931 1386 ὁδόν·
968 1318 1046 1385 οὐδὲ
1084 1323 1240 1406 Κρονίων
1272 1319 1458 1405 ἀστεροπὰν
1493 1319 1651 1397 ἐλελίξαις
1671 1339 1703 1384 ιε

1117 1433 1253 1492 οίκοθεν
1276 1426 1527 1512 μαργουμένους

426 1556 460 1600 ao
481 1539 621 1619 στείχειν
644 1532 820 1619 ἐπώτρυν’,
845 1533 927 1599 άλλά
950 1537 1133 1617 φείσασθαι
1156 1536 1328 1599 κελεύθου.

478 1747 683 1834 φαινομέναν
707 1747 741 1812 δ’
767 1745 820 1832 ἄρ’
846 1747 880 1825 ές
902 1750 985 1812 άταν
1007 1748 1149 1811 σπεῦδεν
1173 1747 1287 1830 ὅμιλος
1310 1746 1441 1813 ίκέσθαι
1509 1753 1589 1832 Στρ.
1609 1747 1687 1812 rste

423 1979 559 2050 Bergk-
571 1984 612 2032 14.
623 1978 688 2052 lep:
702 1977 766 2031 fort.
778 1976 833 2050 δύρι
844 2006 877 2015 -
889 1982 929 2029 Ιῠ.
940 1975 1084 2029 καππάνει
1094 1976 1123 2029 D
1135 2007 1165 2015 -
1179 1981 1219 2031 16.
1230 1976 1415 2045 άνδροδάμαν
1428 1973 1455 2029 δ
1469 1975 1538 2030 coni.
1550 1977 1692 2032 Schneide

424 2051 492 2106 win:
512 2046 722 2119 ἀνδροδάμαντ’
741 2050 857 2118 (μαδαν
875 2045 901 2100 τ’
922 2046 961 2116 D)
980 2046 1058 2113 BD;
1077 2045 1263 2116 άνδροδάμαν
1281 2045 1307 2100 τ’
1323 2047 1394 2113 Bes.
1415 2078 1446 2086 -
1468 2053 1509 2100 17.
1529 2046 1656 2103 ίοκλελδα
1691 2056 1703 2081 '⁴

426 2156 458 2163 -
479 2122 562 2176 ἔσσαν
580 2119 705 2175 Boseth:
729 2114 801 2188 ἦσαν
824 2118 851 2171 Β
862 2119 891 2173 D
911 2150 942 2157 —
963 2117 1076 2188 λαγέται
1096 2117 1159 2171 αδδ.
1179 2116 1272 2188 Bergk
1291 2104 1400 2241 (posiae
1420 2117 1539 2171 coniecit
1557 2119 1592 2173 τὰ
1610 2129 1691 2187 πρῶτ

425 2192 513 2264 ἔγεντ’
534 2190 725 2261 Ἀδραοτλδαι),
741 2190 855 2244 τουτάκι
869 2189 1090 2253 Rauehensteiu3
1109 2188 1299 2258 τούμπαλινΟ

424 2266 522 2319 αίσιῶν
542 2265 577 2330 Β,
597 2282 642 2317 om
664 2264 692 2317 D
711 2294 741 2301 —

1310 2189 1373 2242 trist
1389 2222 1420 2228 -
1435 2194 1476 2244 18.
1493 2190 1588 2245 αἰσιᾶν
1603 2191 1689 2246 Trici.

425 2408 504 2477 epieo
520 2405 691 2476 Ἀμφιαράου
711 2402 840 2469 ἐξέλασις,
859 2404 894 2457 de
912 2419 967 2527 pue
988 2423 1012 2457 v.
1027 2403 1123 2470 Bothe,
1142 2402 1337 2457 Thebanisohe
1351 2402 1550 2458 lieldenlieder
1563 2422 1589 2458 ιι
1605 2406 1647 2472 a,
1668 2408 1701 2459 cl'

424 2478 496 2534 Prol.
513 2497 603 2532 cxvnr.
641 2476 791 2543 Adrastus,
813 2473 888 2528 filius
936 2474 993 2528 alai
1017 2478 1053 2543 (ν,
1069 2479 1116 2544 ιι),
1141 2474 1177 2527 ab
1202 2473 1382 2544 Amphiarao,
1402 2473 1459 2528 filio
1479 2474 1583 2530 Oiclois
1603 2480 1640 2546 (v.
1657 2482 1696 2545 ιι)

425 2568 512 2621 regno
533 2549 630 2620 pulsus
655 2546 801 2614 Sicyonem
825 2546 862 2598 ad
885 2562 1011 2599 socerum
1034 2544 1172 2614 l'olybum
1191 2546 1273 2599 consu
1297 2544 1319 2598 't
1336 2545 1381 2615 (cl.
1401 2546 1502 2601 Herod.
1522 2566 1538 2599 v
1557 2548 1606 2617 er),
1628 2547 1699 2601 und

426 2625 524 2703 postea
548 2620 647 2687 redux,
672 2635 735 2671 eum
758 2617 787 2670 in
807 2616 969 2686 Amphiarai
993 2616 1128 2686 gratiam,
1153 2632 1246 2670 sorore
1289 2615 1400 2686 riphyla
1419 2619 1564 2685 tamquam
1583 2618 1700 2688 pignor

426 2711 454 2745 m
469 2691 677 2746 matrimonium
693 2689 769 2757 data,
779 2687 918 2755 rediisset,
928 2704 1037 2742 sunima
1050 2687 1179 2757 potentia
1193 2687 1266 2741 inter
1275 2687 1388 2742 Danaos
1403 2688 1497 2741 floruit
1509 2721 1538 2729 -—
1552 2694 1593 2743 13.
1604 2697 1695 2759 φεῦγε

425 2762 568 2831 exulabat,
587 2780 650 2815 cum
669 2760 765 2813 urbem
784 2758 859 2811 ludis
879 2757 1038 2812 illustrandi
1059 2758 1207 2812 consilium
1222 2758 1343 2828 oepit-
1360 2764 1401 2813 14.
1422 2758 1506 2814 νίκων
1525 2758 1583 2813 ἀπό
1601 2759 1627 2814 τ’
1644 2759 1690 2830 Ἀρ

425 2855 488 2906 γεος
501 2851 551 2905 pro
566 2834 623 2888 dno
639 2832 723 2886 νίκων
732 2830 840 2900 Ἀργεος
853 2848 895 2883 τε·
912 2830 946 2884 cl'.
961 2830 990 2883 P.
1006 2848 1027 2882 11
1040 2846 1066 2883 os
1084 2863 1114 2870 -
1132 2834 1245 2883 Ταλαοῦ
1259 2832 1369 2892 παῖδες·
1386 2829 1495 2884 Pronax
1509 2836 1538 2885 et
1550 2831 1691 2886 Adrastus

426 2926 450 2960 v.
466 2905 568 2960 schol:
586 2903 749 2973 Μέναιχμος
764 2901 778 2955 δ
793 2902 948 2963 Σικυώνιος
962 2898 1033 2955 οὕτω
1047 2907 1161 2971 γράφει“
1181 2899 1283 2971 χρόνον
1302 2899 1490 2970 προελθόντος
1503 2906 1606 2956 πολλοῦ
1620 2906 1691 2971 Πρῶ

425 2979 478 3042 «ναξ
496 2976 547 3046 μὲν
567 2975 581 3029 δ
603 2978 715 3029 Ταλαοῦ
734 2974 782 3026 καλ
800 2971 960 3042 Λυσιμάχης
977 2980 1026 3041 τῆς
1044 2972 1175 3044 Πολύβου
1199 2972 1351 3044 βασιλεύων
1372 2970 1498 3042 Ἀργείων
1524 2974 1703 3041 άποθνήσκε

425 3047 679 3109 καταστασιασθείς
697 3044 752 3097 ύπδ
768 3042 939 3113 Ἀμφιαράου
954 3045 1071 3097 καὶτῶν
1087 3046 1312 3113 Μελαμποδιδῶν
1329 3045 1377 3097 καλ
1394 3053 1450 3098 τῶν
1466 3043 1691 3114 Ἀναξαγοριδῶν

422 3119 568 3187 Ἀδραατος
586 3116 617 3171 δὲ
633 3116 648 3170 ὑ
663 3116 785 3185 ἀδελφὸς
803 3124 852 3169 τοῦ
866 3116 1036 3182 Πρώνακτος
1054 3116 1152 3184 φυγὼν
1169 3110 1258 3184 ἦλθεν
1277 3115 1317 3177 είς
1336 3118 1474 3169 Σικυῶνα.
1504 3115 1599 3170 Plures
1618 3115 1694 3171 Tala

426 3189 498 3244 lilios
517 3192 717 3244 commemorat
735 3186 922 3256 Apollodorus
941 3206 950 3238 ι
968 3204 990 3247 o,
1010 3204 1048 3241 ιιι
1070 3190 1182 3240 Ταλαοῦ
1200 3189 1246 3240 καί
1262 3187 1424 3256 Λυσιμάχης
1441 3196 1490 3255 τῆς
1503 3185 1634 3259 Ἀβανιος
1651 3208 1686 3242 το

427 3260 615 3329 Μελάμποδος
633 3257 779 3328 ’Ἀδραστος
797 3261 1018 3326 Παρθενοπαῖος
1037 3259 1156 3324 Πρῶναξ
1179 3259 1339 3326 Μηκιστεὺς
1360 3257 1549 3328 Ἀριστόμαχος
1565 3256 1686 3327 Ἐριφύλ

427 3340 467 3388 15.
492 3332 634 3399 κρέσσων.
652 3376 657 3385 .
675 3330 780 3397 ,ἀνήρ’
804 3328 929 3399 generali
950 3329 1090 3382 sententia
1108 3332 1192 3398 poeta
1210 3328 1319 3382 ethicus
1338 3328 1458 3397 priorem
1478 3333 1586 3397 partem
1605 3347 1693 3385 narra

425 3404 511 3458 tionis
535 3402 693 3456 claudit
715 3407 747 3454 ld
763 3419 799 3455 ss.
824 3417 896 3468 quae
920 3400 955 3453 de
975 3401 1042 3470 luga
1061 3400 1174 3453 Adrasti
1198 3403 1282 3469 poeta
1301 3418 1345 3455 vv.
1362 3418 1440 3455 11—1o
1458 3400 1581 3463 rettulit,
1606 3418 1640 3455 ea
1665 3418 1697 3455 a·

428 3476 507 3529 ludos
527 3474 670 3543 Sicyonios
690 3476 719 3526 et
737 3475 932 3541 argumentum
951 3470 1064 3539 epinicii
1080 3470 1185 3541 optime
1200 3471 1353 3539 quadrant3
1372 3489 1445 3539 quae
1460 3475 1552 3525 autern
1568 3473 1700 3543 deincep

427 3566 469 3599 vv,
486 3562 562 3600 ιιι-ιι
587 3544 623 3599 de
647 3544 825 3625 expeditione
849 3543 886 3597 ab
909 3543 1031 3597 Adrasto
1057 3544 1154 3595 eontra
1179 3542 1290 3596 Thebas
1316 3542 1413 3597 invitis
1439 3543 1493 3595 diis
1519 3550 1649 3613 suscepto
1675 3562 1703 3597 ει

426 3616 592 3686 Amphiarai
611 3616 725 3669 interitu
746 3618 842 3668 narrat
856 3632 919 3668 cum
934 3614 969 3667 ad
985 3614 1066 3667 ludos
1081 3613 1227 3681 Sicyonios
1242 3629 1419 3681 nequaquam
1434 3614 1601 3683 pertineant,
1616 3632 1692 3684 quae

426 3689 496 3741 ritur
518 3686 701 3741 fabulandine
726 3703 819 3740 amore
842 3688 927 3755 poeta
951 3686 989 3738 ad
1012 3701 1054 3739 res
1080 3702 1142 3738 cum
1162 3685 1230 3753 luga
1248 3684 1361 3738 Adrasti
1382 3686 1561 3740 cohaerentes
1581 3686 1695 3740 delatus

426 3778 462 3813 an
487 3762 562 3813 certo
587 3758 708 3827 quodam
732 3756 849 3811 consilio
872 3757 1009 3809 deductus
1034 3756 1079 3809 sit.
1116 3756 1209 3824 Atque
1228 3755 1385 3809 Boeckhius
1409 3756 1522 3824 quidem
1542 3757 1688 3812 Chromiu

426 3832 455 3884 in
474 3829 667 3897 'l'lrrasydaeo‚
693 3828 749 3882 lilio
768 3827 917 3895 Theronis,
942 3827 1114 3881 devincendo
1139 3827 1253 3880 Hieroni
1276 3845 1388 3909 operam
1415 3827 1589 3896 praestitisse
1616 3832 1687 3898 atqu

427 3902 497 3955 haue
517 3901 551 3955 de
571 3900 751 3968 l'hrasydaeo
770 3898 916 3953 victoriam
936 3916 953 3950 a.
972 3901 1057 3967 poeta
1075 3898 1126 3951 hoc
1146 3896 1207 3951 loco
1227 3898 1377 3969 sigmlieari
1398 3900 1556 3980 suspicatus
1576 3904 1626 3955 est.
1666 3904 1689 3954 A

428 3974 486 4043 ipse
505 3973 591 4026 etiam
611 3971 651 4023 sic
671 3970 859 4023 narrationem
878 3970 913 4023 cle
932 3968 1103 4038 Amphiarao
1122 3973 1151 4022 et
1169 3970 1291 4023 Adrasto
1311 3988 1328 4023 a
1347 3971 1429 4024 rebus
1450 3989 1477 4024 m
1496 3969 1594 4025 Sicilia
1612 3974 1703 4040 gesti

426 4043 552 4098 nonnihil
574 4042 732 4111 discrepare
752 4040 892 4107 concedit;
911 4058 967 4108 ιμιο
982 4058 1044 4094 eum
1064 4041 1189 4105 accedet,
1208 4041 1283 4108 quod
1299 4058 1371 4109 quae
1386 4042 1421 4095 de
1436 4041 1565 4096 t'lrromio
1580 4042 1691 4112 'l'hrasy

426 4116 525 4169 dacum
559 4112 724 4167 devincente
752 4112 795 4165 vir
822 4112 1063 4182 ingeniosissimus
1092 4115 1201 4178 narrat,
1233 4112 1394 4167 testimonio
1423 4114 1589 4182 scriptorum
1617 4114 1686 4183 plau

425 4190 531 4252 eareat,
550 4184 586 4238 ad
605 4183 753 4237 tabulandi
773 4199 825 4253 ego
844 4200 967 4237 amorem
986 4184 1136 4251 confugere
1150 4181 1234 4251 malo,
1253 4183 1294 4237 ita
1309 4187 1404 4239 tamen
1423 4189 1453 4236 ut
1466 4188 1587 4253 poetam,
1602 4203 1702 4254 quani-

426 4258 467 4311 vis
488 4259 649 4325 praesentes
668 4254 805 4308 tumultus
824 4254 947 4325 imagine
967 4254 1082 4323 mythici
1103 4254 1170 4307 belli
1190 4254 1344 4324 exprimere.
1359 4256 1489 4323 noluerit,
1504 4259 1598 4310 taurea
1614 4256 1691 4310 homi

425 4346 474 4381 nes
485 4346 502 4381 a
512 4328 587 4381 bello
597 4330 694 4381 contra
710 4327 824 4379 deorum
834 4326 1008 4380 voluntatem
1023 4325 1108 4395 impie
1124 4325 1301 4395 suscipiendo
1315 4326 1453 4380 deterrere
1464 4327 1584 4381 soluisse
1600 4328 1674 4382 duca
1702 4366 1703 4372 ,

425 4432 458 4439 --
471 4404 503 4451 18
519 4418 558 4467 sq.
579 4399 674 4451 αίοιαν
693 4399 727 4451 οἱ·
747 4396 809 4451 κατ’
826 4395 943 4467 ὀρνίχων
962 4395 1041 4451 ὁδόν·
1061 4400 1122 4450 fuse
1137 4398 1206 4450 haee
1222 4401 1318 4450 narrat
1332 4398 1439 4451 Statius
1454 4398 1540 4453 Theb.
1558 4417 1586 4450 m
1604 4416 1641 4453 ee
1657 4420 1694 4454 ss.

426 4470 548 4523 breviter
571 4469 723 4522 adumbrat
741 4468 927 4537 Apollodorus
946 4487 976 4521 ιιι
994 4486 1033 4535 αις
1059 4468 1179 4536 denique
1203 4468 1362 4538 interpretis
1389 4469 1478 4522 instar
1503 4475 1546 4523 est
1569 4470 1693 4539 Aesehyl

428 4540 646 4611 Agamemnonis
660 4540 791 4609 paredus,
806 4556 878 4607 quae
898 4544 926 4593 et
945 4540 1007 4609 ipsa
1023 4558 1055 4591 ex
1071 4539 1194 4592 carmine
1210 4543 1301 4593 vetere
1316 4540 1450 4593 Thebano
1464 4557 1597 4610 expressa
1610 4546 1655 4595 est
1670 4576 1688 4582 -

428 4620 466 4665 le.
488 4612 550 4666 οὐδ’
567 4612 741 4679 darmensis·
760 4627 850 4678 neque
866 4610 982 4664 fulmine
997 4612 1120 4664 secunda
1134 4629 1167 4662 ex
1184 4618 1262 4679 parte
1283 4611 1366 4664 misso
1387 4611 1491 4681 Iupiter
1509 4613 1631 4665 faustum
1655 4632 1701 4668 au-

426 4685 536 4753 gurium
552 4683 678 4738 ediderat
699 4716 725 4722 --
743 4690 783 4735 ⁶21.
805 4681 1037 4751 φαινομέναν...
1054 4682 1137 4735 ἄταν·
1159 4683 1304 4735 el'.Arel1il
1330 4684 1360 4735 tr.
1376 4704 1401 4735 m
1421 4682 1594 4754 φαινόμενον
1615 4688 1688 4741 nasis

427 4756 520 4810 οἴκαδ’
542 4756 672 4825 ἄγεσθαι,
692 4755 791 4809 Herod.
808 4772 826 4805 11
843 4770 878 4807 rm
900 4752 1065 4825 ἀποπέμψαι
1087 4753 1115 4817 ἐς
1133 4752 1307 4823 φαινόμενον
1327 4753 1414 4809 κακόν
1438 4787 1465 4793 -
