3406 5378
661 1301 828 1355 ΙΣΘΜΙΟΝ.
848 1298 894 1354 H'.

378 1464 779 1549 ΚΛΕΑΝΔΡΩι
818 1464 1179 1548 ΑΙΓΙΝΗΤΗ,

664 1658 894 1711 ΙΙΑΓΚΒΑΤΙΩι.

654 3292 896 3374 Argumentum.

225 3422 352 3483 Carmen
383 3423 439 3483 hoo
470 3421 720 3500 pulcherrimum,
752 3422 784 3480 in
815 3422 957 3482 honorem
990 3420 1129 3480 Cleandri
1160 3420 1329 3480 Telasarahi
1361 3421 1416 3479 filii

137 3511 301 3590 Aeginetae
324 3512 525 3588 compositum
553 3531 625 3570 num
652 3515 732 3572 reete
756 3511 835 3570 iuter
856 3511 1001 3570 Isthmioa
1023 3509 1154 3586 epinicia
1176 3510 1306 3569 relatum
1330 3511 1378 3588 sit,
1398 3530 1417 3568 a

136 3601 286 3661 Boeakhio
319 3602 492 3660 dubitatum
524 3604 577 3662 est.
623 3602 702 3661 Nam
731 3620 800 3661 oum
833 3619 920 3659 versu
951 3602 1059 3675 quarto
1090 3602 1180 3675 poeta
1209 3598 1265 3658 hoc
1296 3619 1416 3659 carmen

137 3690 265 3749 duarum
283 3691 487 3768 uictoriarum,
506 3690 665 3750 Isthmieae
684 3693 715 3749 et
733 3690 909 3767 Nemeaeae,
933 3688 1100 3764 praemium
1119 3706 1181 3747 esse
1205 3687 1294 3766 dieat,
1318 3709 1414 3764 neque

137 3779 217 3853 quod
247 3780 391 3839 Isthmiae
418 3780 545 3839 viatoria
573 3779 670 3855 priore
697 3780 764 3839 loeo
787 3778 887 3855 posita
910 3782 969 3856 est,
992 3777 1121 3836 multum
1144 3777 1282 3853 ponderis
1306 3777 1414 3837 habere

137 3867 283 3946 videatur,
307 3889 402 3946 aequo
426 3869 489 3927 iure
513 3869 569 3928 hoo
592 3888 711 3928 carmen
735 3869 773 3928 ad
795 3867 969 3927 Isthmicum
988 3886 1081 3944 quam
1099 3866 1138 3925 ad
1156 3866 1336 3925 Nemeaeum
1354 3867 1415 3927 vio-

136 3957 245 4015 toriam
277 3958 357 4016 trahi
389 3958 513 4018 censuit.
558 3957 624 4016 Iam
655 3978 725 4018 oum
755 3956 834 4016 idem
862 3957 909 4016 vir
938 3956 1123 4016 clarissimus
1149 3955 1263 4014 Nemea
1291 3955 1415 4016 hiberna

138 4045 183 4104 01.
201 4050 251 4123 75,
272 4049 290 4105 2
310 4050 393 4107 sexto
418 4047 478 4106 fere
501 4065 601 4107 mense
624 4051 693 4124 post
716 4046 916 4108 obsessionem
939 4045 1109 4104 Thebarum
1134 4048 1201 4104 aeta
1225 4063 1288 4105 esse
1312 4045 1416 4121 opina·

137 4140 220 4192 retur
250 4138 281 4194 et
309 4135 520 4214 grauissimum
549 4137 664 4196 luctum
687 4157 734 4197 vv.
758 4147 846 4196 5-13
874 4154 1046 4212 expressum
1076 4134 1187 4211 optime
1218 4134 1249 4193 in
1279 4137 1416 4211 tempora

138 4223 272 4298 lnroxima
294 4228 364 4300 post
386 4243 520 4302 pugnam
543 4224 749 4286 Plataeenaem
772 4224 920 4303 quadrare
949 4224 1147 4301 existimaret,
1176 4223 1335 4282 victoriam
1358 4224 1416 4284 Ne·

137 4332 284 4390 amaeam,
312 4333 372 4373 non
396 4313 570 4373 Isthmieam
593 4318 700 4390 poetae
722 4315 778 4376 hoe
801 4333 919 4375 carmen
943 4312 1091 4374 scribendi
1114 4331 1218 4371 ausam
1241 4314 1415 4389 praebuisse

137 4405 254 4460 statuit.
298 4403 340 4460 At
363 4402 444 4461 omni
467 4402 536 4462 buia
559 4405 814 4481 argumentationi
838 4404 1068 4463 fundamentum
1091 4401 1279 4461 subtractum
1303 4405 1349 4461 est
1371 4403 1415 4461 di·

137 4491 296 4551 stinetione
319 4490 513 4551 hibernorum
532 4494 562 4550 et
580 4494 763 4555 aestivorum
785 4494 966 4553 Nemeorum
985 4492 1113 4553 sublata.
1152 4490 1265 4562 Quodsi
1284 4493 1416 4553 ealoulos

137 4581 174 4639 ab
200 4580 318 4659 Ungero
347 4579 497 4641 stabilitos
525 4581 678 4657 sequimur
704 4575 746 4663 (v.
770 4582 849 4642 Prol.
873 4576 960 4663 axvi)
988 4584 1020 4642 et
1046 4600 1181 4660 pugnarn
1208 4580 1415 4642 Plataeensem

137 4690 235 4729 mense
267 4669 435 4746 Septembri
465 4669 537 4729 anni
560 4672 624 4731 479
648 4673 760 4732 saetam
791 4690 853 4732 esse
884 4672 1031 4732 eredimus
1061 4664 1102 4751 (v.
1126 4670 1208 4729 Plut.
1227 4669 1353 4729 Aristid.
1374 4681 1416 4747 19,

137 4760 252 4818 Camill.
275 4753 333 4841 19),
351 4758 479 4835 proximi
497 4757 561 4818 ludi
581 4764 651 4837 post
668 4781 801 4841 pugnam
821 4762 1029 4821 Plataeenaem
1047 4764 1134 4820 erant
1156 4759 1292 4818 Isthmioi
1315 4778 1415 4818 mense

1149 4858 1202 4911 es·
