3406 5378
721 395 844 446 Nauae
863 395 895 445 V.
1383 390 1449 455 269

171 561 348 622 Isthmicum
371 580 390 619 a
412 560 529 637 Pythea
551 560 712 620 institutus
735 579 798 623 esse
822 560 954 621 traditur
976 562 999 620 I.
1018 580 1038 621 v
1061 573 1105 621 44.
1150 561 1215 621 Iam
1237 580 1305 621 cum
1329 580 1448 620 carmen

171 650 194 710 Ι.
215 669 233 708 4
252 671 312 711 non
334 651 422 728 longe
446 653 515 726 post
536 669 670 728 pugnam
694 650 890 710 Salaminiam
918 651 1063 727 scriptum
1094 651 1135 709 sit
1163 642 1206 730 (4.
1225 650 1247 708 Ι.
1268 669 1287 708 4
1306 642 1370 731 48),
1393 651 1449 710 hcc

173 759 291 799 carmen
314 741 499 799 Nemeaeum
521 743 591 799 ante
615 759 681 799 earn
705 739 849 815 scriptum
873 758 935 799 4444
959 759 1077 799 necesse
1100 743 1158 816 est,
1182 738 1379 814 probabiliter
1402 736 1446 798 01.

174 832 224 904 74,
244 832 264 887 4
285 854 326 876 =
346 831 408 887 481
430 847 456 887 4.
477 826 543 887 Chr.
562 829 610 887 441
634 827 680 888 Ol.
702 833 751 905 74,
772 831 790 887 2
811 853 853 876 =
874 832 937 888 483
960 829 1072 888 4.(1114.
1109 828 1246 904 Denique
1270 848 1330 904 quo
1354 831 1447 887 certa-

172 917 288 976 minum
319 936 425 995 genere
455 917 586 992 Pytheas
618 917 736 994 vicerit,
766 937 826 978 non
855 918 944 994 plane
972 918 1160 994 exploratum
1188 921 1241 976 444.
1287 917 1447 977 Pancratio

173 1007 293 1082 quidem
321 1024 390 1064 eum
417 1005 522 1065 vicisse
550 1008 640 1081 poeta
667 1009 769 1082 aperte
797 1007 833 1065 N.
853 1019 907 1064 vt
932 1010 962 1065 et
984 1007 1006 1065 Ι.
1027 1026 1047 1065 v
1065 1018 1099 1065 60
1123 1007 1267 1082 declarat,
1296 1007 1347 1065 sed
1375 1025 1446 1065 num

172 1115 247 1172 puer
276 1095 394 1172 vicerit,
424 1094 511 1154 44114
541 1094 664 1153 dubium
693 1097 746 1154 est.
792 1095 871 1154 Nam
894 1096 975 1172 quod
1005 1096 1036 1153 in
1066 1095 1166 1155 codice
1191 1095 1305 1171 optimo
1328 1095 1354 1153 B
1377 1095 1448 1154 huic

173 1184 298 1244 carmini
321 1185 498 1260 inscriptum
517 1187 564 1243 est
582 1181 690 1266 Πυθέᾳ
708 1181 792 1242 maol
810 1183 968 1268 Αἰγινήτῃ,
991 1185 1059 1245 inde
1083 1183 1162 1244 effici
1185 1184 1307 1259 quidem
1329 1183 1449 1243 videtur

173 1274 319 1349 Pytheam
341 1293 468 1351 puerum
491 1273 612 1347 vicisse3
645 1273 696 1333 sed
727 1292 795 1332 cum
825 1273 985 1333 titulorum
1008 1273 1234 1333 Pindaricorum
1258 1272 1329 1332 fides
1353 1273 1446 1332 incer-

173 1363 289 1421 tissima
312 1363 352 1422 414
375 1368 406 1421 44
428 1382 589 1438 puerorum
612 1362 802 1438 pancratium
827 1359 984 1439 Olympiae
1008 1361 1127 1421 demum
1151 1360 1197 1421 01.
1220 1365 1293 1439 145,
1321 1361 1447 1439 Delphis

174 1450 304 1512 01108
329 1452 502 1510 institutum
525 1451 565 1510 sit
588 1443 629 1531 (v.
653 1450 887 1528 Paus.v8,11.
911 1470 930 1508 4
951 1462 975 1529 7,
994 1462 1024 1527 8;
1053 1452 1089 1511 01.
1112 1450 1191 1511 Ρ401.
1211 1443 1312 1532 4444),
1340 1469 1446 1528 parum

173 1540 312 1600 credibile
336 1544 381 1599 est
403 1541 532 1600 Nemeae
560 1541 621 1598 iam
645 1538 752 1601 0174
776 1539 836 1599 duo
864 1559 973 1617 genera
1000 1540 1148 1616 pancratii
1176 1540 1319 1598 distincta
1345 1540 1445 1599 fuisse.

174 1630 255 1700 Quae
284 1649 352 1689 cum
379 1630 423 1688 ita
451 1629 524 1706 sint,
553 1632 608 1688 aut
631 1629 668 1687 ab
692 1629 813 1688 librario
837 1629 947 1688 codicis
970 1630 995 1687 B
1019 1648 1166 1689 exsensu
1189 1633 1272 1688 44440
1295 1629 1447 1689 notionem

173 1719 259 1795 pueri
282 1722 434 1795 sumptam
457 1737 528 1795 esse,
552 1722 607 1777 aut
630 1715 959 1794 44444410044400411
982 1737 1089 1778 nomen
1113 1719 1208 1794 patris
1231 1717 1393 1795 Lamponia
1417 1719 1447 1776 in

173 1808 272 1868 codice
297 1808 349 1867 illo
373 1807 514 1867 excidisse
537 1810 620 1883 puto.

264 1896 389 1956 Carmen
421 1897 520 1972 ipsum
552 1897 577 1956 si
610 1896 689 1973 quod
722 1896 805 1954 aliud
837 1895 1021 1971 metaphoris
1053 1898 1084 1955 44
1116 1896 1297 1975 imaginibus
1329 1896 1448 1974 egregie

175 1987 318 2063 splendet,
342 1986 420 2044 idem
444 1989 544 2044 tamen
565 1986 644 2062 quod
663 1985 743 2045 iusto
762 1985 859 2063 magis
878 1985 1038 2045 4444100104
1056 1988 1103 2044 444
1121 1989 1152 2044 44
1170 1984 1208 2044 ab
1227 1985 1288 2044 alia
1306 1985 1338 2043 in
1357 1985 1449 2044 aliam

174 2096 236 2135 rem
259 2076 356 2154 magis
380 2074 513 2134 transilit
536 2093 626 2150 quam
646 2075 797 2135 commode
817 2074 935 2151 transit,
955 2074 1068 2133 ardoris
1086 2074 1227 2133 iuvenilis
1246 2074 1322 2134 41414
1339 2074 1448 2149 prodit.

175 2164 336 2241 Splendido
361 2164 456 2242 igitur
478 2165 509 2221 in
532 2163 651 2224 exordio
671 2164 893 2239 comparatione
912 2162 1033 2240 epinicii
1052 2182 1120 2222 cum
1139 2166 1241 2222 statua
1260 2163 1341 2223 facta
1359 2166 1448 2240 poeta

174 2254 308 2312 animum
327 2272 416 2311 suum
435 2253 618 2329 cohortatur,
641 2255 677 2310 ut
700 2251 833 2327 Pytheas
856 2252 972 2311 iuvenis
995 2244 1152 2312 victoriam
1175 2252 1364 2330 Nemeaeum,
1388 2271 1448 2328 qua

174 2344 279 2401 heroas
302 2342 465 2420 Aeginetas
495 2344 526 2400 44
555 2341 685 2418 patriam
709 2341 838 2401 insulam
866 2341 971 2400 eximie
1000 2341 1050 2399 ille
1078 2340 1290 2418 illustraverit,
1317 2341 1447 2400 carmine

174 2431 325 2507 praedicet
348 2423 462 2511 (1—8);
484 2431 561 2489 hanc
585 2433 686 2489 autem
705 2430 834 2489 insulam
854 2430 965 2489 claram
986 2430 1098 2488 factam
1117 2448 1180 2489 esse
1203 2431 1283 2490 10414
1306 2430 1447 2490 beneficio

174 2539 275 2596 preces
308 2520 400 2579 trium
432 2518 561 2579 filiorum
589 2519 680 2578 Aeaci
707 2519 894 2578 exaudientis
925 2510 1051 2600 (9-13).
1097 2519 1161 2578 lam
1193 2519 1285 2578 trium
1317 2518 1448 2579 filiorum
1518 2537 1522 2546 ·

175 2610 324 2669 mentione
348 2610 429 2668 facta
451 2612 541 2685 poeta
564 2608 686 2668 dissidia
709 2608 846 2684 fratrum,
869 2607 961 2668 Phoci
983 2608 1144 2667 nefandam
1167 2610 1297 2686 caedem,
1317 2607 1399 2667 Pelei
1418 2610 1449 2666 et

175 2698 344 2759 Telamonis
374 2700 478 2776 fugam
506 2699 691 2774 recordatur,
715 2697 765 2756 aed
789 2697 843 2755 has
865 2715 912 2755 res
934 2697 1036 2756 tristes
1060 2716 1090 2757 44
1114 2697 1159 2756 414
1177 2697 1296 2757 41144410
1314 2716 1446 2773 premere

174 2789 277 2866 malle,
305 2787 412 2847 decora
439 2785 541 2864 potius
568 2786 666 2865 gentis
696 2786 753 2845 sibi
783 2786 963 2845 illustranda
986 2804 1049 2846 4444
1074 2779 1217 2866 (14-41).
1263 2786 1364 2862 Atque
1387 2785 1447 2844 iam

174 2897 270 2936 unum
288 2897 324 2936 44
342 2875 497 2936 decoribus
516 2875 576 2934 illis
594 2876 738 2952 hymnum
757 2875 848 2935 fuisse
867 2875 966 2953 refert,
986 2894 1046 2951 quo
1061 2875 1164 2935 Musae
1183 2875 1215 2933 in
1234 2875 1347 2952 nuptiis
1366 2875 1448 2935 Pelei

175 2970 206 3026 et
220 2966 354 3026 Thetidis
369 2966 433 3024 fata
447 2964 548 3023 mariti
563 2968 593 3023 44
611 2965 759 3041 nymphae
778 2964 961 3042 cecinissent,
980 2963 1104 3023 insidias
1123 2963 1160 3023 ab
1178 2964 1330 3040 impudica
1344 2963 1448 3024 Acasti

174 3074 266 3114 uxore
293 3054 382 3114 Peleo
410 3056 541 3112 structas
571 3057 601 3111 et
624 3053 759 3112 Thetidis
786 3052 960 3130 coniugium
989 3053 1039 3129 pio
1071 3053 1154 3113 heroi
1180 3056 1337 3129 tamquam
1364 3072 1448 3131 prae·

175 3145 269 3203 mium
299 3143 461 3220 pudicitiae
485 3142 596 3201 41044
620 3145 651 3199 44
673 3142 813 3217 Neptuno
838 3140 983 3201 donatum
1007 3135 1151 3224 (aa-37).
1198 3142 1274 3201 Hinc
1297 3142 1372 3201 satis
1395 3161 1448 3201 au·

175 3233 277 3293 dacter
300 3233 338 3292 ad
360 3233 536 3307 Neptunum
554 3230 722 3306 praesidem
739 3231 950 3290 Isthmicorum
969 3230 1174 3309 certaminum,
1194 3250 1270 3307 qnae
1289 3231 1387 3292 nescio
1408 3250 1447 3290 an

175 3322 236 3382 iam
263 3327 329 3382 tum
358 3320 522 3396 Phylacida
544 3325 600 3379 aut
622 3319 752 3396 Pytheas
775 3319 838 3397 ipse
863 3319 943 3380 obire
967 3320 1130 3380 meditatus
1154 3320 1201 3398 sit,
1224 3323 1315 3397 poeta
1338 3320 1448 3380 transit

175 3405 319 3493 (tt—40).
365 3410 479 3469 Deinde
509 3410 591 3468 saltu
619 3409 711 3468 etiam
738 3409 896 3469 audaciore
919 3409 1069 3468 Isthmicia
1096 3409 1176 3469 ludis
1203 3409 1336 3468 adnectit
1359 3409 1448 3487 Aegi·

175 3501 303 3560 neticam
322 3499 478 3559 victoriam
497 3498 703 3576 Euthymenia,
724 3498 866 3559 avunculi
886 3498 1025 3576 Pytheae,
1044 3498 1178 3574 Pytheae
1198 3497 1292 3575 ipsius
1306 3498 1448 3559 victorias

175 3590 355 3649 Nemeaeam
374 3588 578 3666 Megarensem
591 3586 807 3666 Aegineticam,
822 3587 948 3663 denique
964 3587 1129 3665 Themistii,
1144 3587 1234 3645 unius
1253 3606 1288 3646 ex
1312 3586 1448 3666 cognatis

175 3677 321 3756 Pytheae,
344 3677 531 3754 Epidaureas
554 3668 697 3758 (ll-54).

264 3768 405 3844 Pytheae,
424 3766 473 3826 cui
491 3767 547 3825 hoc
565 3785 681 3825 carmen
702 3767 816 3824 factum
839 3769 893 3844 444,
917 3765 1007 3824 etiam
1031 3766 1062 3824 in
1085 3765 1221 3842 epiniciia
1244 3765 1346 3824 fratris
1370 3766 1447 3842 Phy-

176 3856 289 3916 lacidae
309 3849 345 3936 (1.
365 3875 385 3914 v
406 3867 446 3914 19.
467 3847 819 3936 59.v158)menticfit
856 3854 939 3914 idem
962 3859 1117 3930 praeterea
1140 3855 1170 3913 in
1194 3855 1362 3933 fragmento
1385 3873 1447 3913 car·

176 3946 273 4022 minis,
297 3945 377 4022 quod
396 3945 509 4004 scholia
532 3944 570 4002 41
593 3945 680 4004 inscr.
699 3944 722 4002 Ι.
742 3963 761 4002 4
780 3947 983 4022 servaverunt,
1007 3947 1264 4021 commemoratur,
1288 3963 1348 4020 quo
1371 3944 1447 4002 Iath-

176 4035 236 4093 mia
260 4055 328 4094 eum
350 4034 464 4112 vicisse,
488 4035 539 4094 sed
562 4033 622 4092 iam
646 4037 771 4093 mortem
795 4033 968 4093 occubuisse
992 4038 1080 4109 poeta
1104 4031 1261 4111 significat.

718 4186 763 4253 De
783 4187 905 4254 notris.

265 4301 390 4361 Carmen
415 4301 471 4361 hoc
496 4300 533 4359 ad
560 4301 716 4377 antiquam
744 4321 879 4361 normam
905 4300 1259 4377 dactylo-epitriticornm
1282 4299 1448 4361 carminum

175 4391 373 4467 compositum
402 4410 437 4449 44
463 4390 588 4466 pedibus
617 4390 746 4466 epitritis
772 4394 802 4450 et
830 4391 967 4466 tripudiis
995 4390 1150 4466 dactylicis
1180 4393 1310 4466 constat,
1339 4390 1449 4466 quibus

175 4501 236 4538 una
266 4481 296 4538 in
327 4480 421 4556 epodo
451 4479 621 4554 tetrapodia
650 4479 798 4555 dactylica
826 4471 887 4560 (ep.
912 4472 942 4559 6)
971 4483 1002 4538 44
1026 4480 1058 4538 in
1084 4479 1206 4555 stropha
1236 4478 1332 4539 simile
1363 4479 1449 4539 colon

175 4570 382 4648 logaoedicum
402 4560 468 4648 (444.
484 4580 513 4644 4;
532 4568 568 4626 cf.
585 4564 618 4626 O.
634 4586 665 4626 vr
681 4579 704 4626 5.
720 4560 822 4649 x1113)
841 4569 1007 4627 admixtum
1022 4572 1075 4628 444.
1099 4569 1181 4627 Idem
1200 4567 1339 4626 similiter
1357 4571 1449 4644 atque

178 4658 265 4720 0.111
288 4661 349 4719 1444
377 4656 527 4716 continuis
550 4656 681 4716 numeris
705 4657 844 4735 decurrit,
867 4656 945 4715 unde
969 4658 1110 4734 strophae
1133 4675 1235 4717 versus
1259 4667 1337 4734 3-5,
1362 4657 1449 4734 epodi

177 4762 245 4807 a-:l
265 4748 400 4826 singulas
423 4747 455 4804 in
478 4746 615 4822 periodos
638 4745 817 4823 coniungere
841 4745 945 4804 malim
968 4750 999 4804 44
1021 4746 1052 4805 in
1076 4746 1163 4822 epodi
1186 4745 1283 4806 medio
1306 4765 1395 4806 versu
1414 4757 1447 4805 44

176 4857 329 4897 caesuram
353 4837 522 4915 neglectam
544 4854 632 4914 aegre
656 4836 759 4894 feram.
796 4835 927 4911 Pompae
946 4835 1065 4896 chorive
1084 4835 1248 4914 gradientia
1267 4836 1385 4893 nullum
1403 4835 1447 4893 in·
