<?xml version="1.0" encoding="UTF-8"?>
<!DOCTYPE html PUBLIC "-//W3C//DTD XHTML 1.0 Transitional//EN"
    "http://www.w3.org/TR/xhtml1/DTD/xhtml1-transitional.dtd">
<html xmlns="http://www.w3.org/1999/xhtml" xml:lang="en" lang="en">
 <head>
  <title>
</title>
<meta http-equiv="Content-Type" content="text/html;charset=utf-8" />
  <meta name='ocr-system' content='tesseract 3.04.00' />
  <meta name='ocr-capabilities' content='ocr_page ocr_carea ocr_par ocr_line ocrx_word'/>
</head>
<body>
  <div class='ocr_page' id='page_1' title='image "./pindaricarminap00pindgoog_0468.png"; bbox 0 0 3406 5378; ppageno 0'>
   <div class='ocr_carea' id='block_1_1' title="bbox 696 392 1438 456">
    <p class='ocr_par' dir='ltr' id='par_1_1' title="bbox 696 392 1438 456">
     <span class='ocr_line' id='line_1_1' title="bbox 696 392 1438 456; baseline 0.012 -9"><span class='ocrx_word' id='word_1_1' title='bbox 696 397 819 447; x_wconf 76' lang='lat' dir='ltr'>uuum</span> <span class='ocrx_word' id='word_1_2' title='bbox 839 397 912 449; x_wconf 70' lang='lat' dir='ltr'>suu.</span> <span class='ocrx_word' id='word_1_3' title='bbox 1375 392 1438 456; x_wconf 81' lang='grc'>297</span> 
     </span>
    </p>
   </div>
   <div class='ocr_carea' id='block_1_2' title="bbox 167 556 1440 1608">
    <p class='ocr_par' dir='ltr' id='par_1_2' title="bbox 218 556 1440 750">
     <span class='ocr_line' id='line_1_2' title="bbox 218 556 1386 644; baseline 0.001 -23"><span class='ocrx_word' id='word_1_4' title='bbox 218 559 306 622; x_wconf 81' lang='grc' dir='ltr'><strong><em>οἵτε</em></strong></span> <span class='ocrx_word' id='word_1_5' title='bbox 331 570 490 644; x_wconf 78' lang='grc' dir='ltr'><strong><em>κρανααῖς</em></strong></span> <span class='ocrx_word' id='word_1_6' title='bbox 513 557 548 623; x_wconf 86' lang='grc' dir='ltr'><strong><em>έν</em></strong></span> <span class='ocrx_word' id='word_1_7' title='bbox 569 556 662 622; x_wconf 84' lang='grc' dir='ltr'><strong><em>Ἀθά-</em></strong></span> <span class='ocrx_word' id='word_1_8' title='bbox 1255 556 1327 622; x_wconf 63' lang='lat' dir='ltr'>’Eas</span> <span class='ocrx_word' id='word_1_9' title='bbox 1343 557 1386 622; x_wconf 89' lang='grc' dir='ltr'><strong><em>α’.</em></strong></span> 
     </span>
     <span class='ocr_line' id='line_1_3' title="bbox 261 667 1440 750; baseline -0.003 -20"><span class='ocrx_word' id='word_1_10' title='bbox 261 683 373 731; x_wconf 90' lang='grc' dir='ltr'><strong><em>ναισιν</em></strong></span> <span class='ocrx_word' id='word_1_11' title='bbox 397 667 539 750; x_wconf 79' lang='grc' dir='ltr'><strong><em>ἅρμοζον</em></strong></span> <span class='ocrx_word' id='word_1_12' title='bbox 561 668 718 748; x_wconf 77' lang='grc' dir='ltr'><strong><em>στρατόν,</em></strong></span> <span class='ocrx_word' id='word_1_13' title='bbox 1196 690 1200 697; x_wconf 92' lang='grc'><strong><em>·</em></strong></span> <span class='ocrx_word' id='word_1_14' title='bbox 1406 685 1440 731; x_wconf 80' lang='lat'>20</span> 
     </span>
    </p>

    <p class='ocr_par' dir='ltr' id='par_1_3' title="bbox 218 771 836 856">
     <span class='ocr_line' id='line_1_4' title="bbox 218 771 836 856; baseline 0.002 -21"><span class='ocrx_word' id='word_1_15' title='bbox 218 774 252 836; x_wconf 85' lang='grc' dir='ltr'>οἵ</span> <span class='ocrx_word' id='word_1_16' title='bbox 273 771 302 836; x_wconf 92' lang='grc' dir='ltr'><strong><em>τ’</em></strong></span> <span class='ocrx_word' id='word_1_17' title='bbox 328 772 392 837; x_wconf 84' lang='grc' dir='ltr'><strong><em>ἀνά</em></strong></span> <span class='ocrx_word' id='word_1_18' title='bbox 417 771 576 856; x_wconf 77' lang='grc' dir='ltr'><strong><em>Σπάρταν</em></strong></span> <span class='ocrx_word' id='word_1_19' title='bbox 601 772 836 854; x_wconf 73' lang='grc' dir='ltr'><strong><em>Πελοπηϊάδαι.</em></strong></span> 
     </span>
    </p>

    <p class='ocr_par' dir='ltr' id='par_1_4' title="bbox 219 876 1263 964">
     <span class='ocr_line' id='line_1_5' title="bbox 219 876 1263 964; baseline -0.002 -20"><span class='ocrx_word' id='word_1_20' title='bbox 219 878 326 956; x_wconf 88' lang='grc' dir='ltr'><strong><em>ίκέτας</em></strong></span> <span class='ocrx_word' id='word_1_21' title='bbox 345 921 358 928; x_wconf 92' lang='grc'>-</span> <span class='ocrx_word' id='word_1_22' title='bbox 378 882 507 944; x_wconf 79' lang='grc' dir='ltr'><strong><em>Αἰακοῦ</em></strong></span> <span class='ocrx_word' id='word_1_23' title='bbox 530 891 660 964; x_wconf 82' lang='grc' dir='ltr'><strong><em>σεμνῶν</em></strong></span> <span class='ocrx_word' id='word_1_24' title='bbox 684 879 834 961; x_wconf 76' lang='grc' dir='ltr'><strong><em>γονάτων</em></strong></span> <span class='ocrx_word' id='word_1_25' title='bbox 857 882 971 956; x_wconf 86' lang='grc' dir='ltr'><strong><em>πόλιός</em></strong></span> <span class='ocrx_word' id='word_1_26' title='bbox 993 877 1030 943; x_wconf 90' lang='grc' dir='ltr'>θ’</span> <span class='ocrx_word' id='word_1_27' title='bbox 1056 876 1139 962; x_wconf 71' lang='grc' dir='ltr'><strong><em>ὑπὲρ</em></strong></span> <span class='ocrx_word' id='word_1_28' title='bbox 1163 882 1263 962; x_wconf 86' lang='grc' dir='ltr'><strong><em>φίλας</em></strong></span> 
     </span>
    </p>

    <p class='ocr_par' dir='ltr' id='par_1_5' title="bbox 218 983 922 1070">
     <span class='ocr_line' id='line_1_6' title="bbox 218 983 922 1070; baseline 0 -20"><span class='ocrx_word' id='word_1_29' title='bbox 218 986 327 1051; x_wconf 84' lang='grc' dir='ltr'><strong><em>ιἰστῶν</em></strong></span> <span class='ocrx_word' id='word_1_30' title='bbox 350 985 384 1051; x_wconf 85' lang='grc' dir='ltr'>θ’</span> <span class='ocrx_word' id='word_1_31' title='bbox 412 983 495 1070; x_wconf 69' lang='grc' dir='ltr'><strong><em>ὑπὲρ</em></strong></span> <span class='ocrx_word' id='word_1_32' title='bbox 519 985 618 1051; x_wconf 81' lang='grc' dir='ltr'><strong><em>τῶνδ’</em></strong></span> <span class='ocrx_word' id='word_1_33' title='bbox 644 988 786 1069; x_wconf 80' lang='grc' dir='ltr'><strong><em>ἅπτομαι</em></strong></span> <span class='ocrx_word' id='word_1_34' title='bbox 810 985 922 1069; x_wconf 89' lang='grc' dir='ltr'><strong><em>φέρων</em></strong></span> 
     </span>
    </p>

    <p class='ocr_par' dir='ltr' id='par_1_6' title="bbox 167 1091 993 1178">
     <span class='ocr_line' id='line_1_7' title="bbox 167 1091 993 1178; baseline 0.001 -22"><span class='ocrx_word' id='word_1_35' title='bbox 167 1113 198 1157; x_wconf 79' lang='lat'>15</span> <span class='ocrx_word' id='word_1_36' title='bbox 221 1095 350 1159; x_wconf 80' lang='grc' dir='ltr'><strong><em>Λυδίαν</em></strong></span> <span class='ocrx_word' id='word_1_37' title='bbox 372 1097 493 1178; x_wconf 89' lang='grc' dir='ltr'><strong><em>μίτραν</em></strong></span> <span class='ocrx_word' id='word_1_38' title='bbox 516 1095 685 1178; x_wconf 79' lang='grc' dir='ltr'><strong><em>καναχηδὰ</em></strong></span> <span class='ocrx_word' id='word_1_39' title='bbox 707 1091 993 1178; x_wconf 67' lang='grc' dir='ltr'><strong><em>πεποικιλμέναν,</em></strong></span> 
     </span>
    </p>

    <p class='ocr_par' dir='ltr' id='par_1_7' title="bbox 219 1202 935 1394">
     <span class='ocr_line' id='line_1_8' title="bbox 219 1202 670 1277; baseline 0 -12"><span class='ocrx_word' id='word_1_40' title='bbox 219 1205 353 1277; x_wconf 78' lang='grc' dir='ltr'><strong><em>Δείνιος</em></strong></span> <span class='ocrx_word' id='word_1_41' title='bbox 376 1202 501 1267; x_wconf 79' lang='grc' dir='ltr'><strong><em>δισσῶν</em></strong></span> <span class='ocrx_word' id='word_1_42' title='bbox 524 1202 670 1266; x_wconf 86' lang='grc' dir='ltr'><strong><em>σταδίων</em></strong></span> 
     </span>
     <span class='ocr_line' id='line_1_9' title="bbox 262 1305 935 1394; baseline 0 -22"><span class='ocrx_word' id='word_1_43' title='bbox 262 1306 317 1372; x_wconf 83' lang='grc' dir='ltr'>καλ</span> <span class='ocrx_word' id='word_1_44' title='bbox 340 1309 463 1394; x_wconf 89' lang='grc' dir='ltr'><strong><em>πατρὸς</em></strong></span> <span class='ocrx_word' id='word_1_45' title='bbox 486 1305 583 1389; x_wconf 81' lang='grc' dir='ltr'><strong><em>Μέγα</em></strong></span> <span class='ocrx_word' id='word_1_46' title='bbox 607 1312 774 1390; x_wconf 79' lang='grc' dir='ltr'><strong><em>Νεμεαῖον</em></strong></span> <span class='ocrx_word' id='word_1_47' title='bbox 797 1309 935 1392; x_wconf 82' lang='grc' dir='ltr'><strong><em>άγαλμα.</em></strong></span> 
     </span>
    </p>

    <p class='ocr_par' dir='ltr' id='par_1_8' title="bbox 219 1412 883 1608">
     <span class='ocr_line' id='line_1_10' title="bbox 219 1412 741 1502; baseline 0 -23"><span class='ocrx_word' id='word_1_48' title='bbox 219 1417 283 1479; x_wconf 86' lang='grc' dir='ltr'>σὺν</span> <span class='ocrx_word' id='word_1_49' title='bbox 306 1421 375 1502; x_wconf 79' lang='grc' dir='ltr'><strong><em>θεῷ</em></strong></span> <span class='ocrx_word' id='word_1_50' title='bbox 399 1414 461 1498; x_wconf 82' lang='grc' dir='ltr'>γάρ</span> <span class='ocrx_word' id='word_1_51' title='bbox 485 1438 536 1479; x_wconf 91' lang='grc' dir='ltr'>τοι</span> <span class='ocrx_word' id='word_1_52' title='bbox 560 1412 741 1498; x_wconf 79' lang='grc' dir='ltr'><strong><em>φυτευθεὶς</em></strong></span> 
     </span>
     <span class='ocr_line' id='line_1_11' title="bbox 264 1520 883 1608; baseline 0 -23"><span class='ocrx_word' id='word_1_53' title='bbox 264 1523 361 1605; x_wconf 82' lang='grc' dir='ltr'><strong><em>ύλβος</em></strong></span> <span class='ocrx_word' id='word_1_54' title='bbox 385 1520 595 1608; x_wconf 79' lang='grc' dir='ltr'><strong><em>ἀνθρώποισι</em></strong></span> <span class='ocrx_word' id='word_1_55' title='bbox 617 1522 883 1607; x_wconf 81' lang='grc' dir='ltr'><strong><em>παρμονώτερος·</em></strong></span> 
     </span>
    </p>
   </div>
   <div class='ocr_carea' id='block_1_3' title="bbox 167 1681 1443 2302">
    <p class='ocr_par' dir='ltr' id='par_1_9' title="bbox 219 1681 1442 1982">
     <span class='ocr_line' id='line_1_12' title="bbox 1245 1681 1387 1766; baseline 0 -20"><span class='ocrx_word' id='word_1_56' title='bbox 1245 1687 1324 1766; x_wconf 92' lang='grc' dir='ltr'><strong><em>Στρ.</em></strong></span> <span class='ocrx_word' id='word_1_57' title='bbox 1344 1681 1387 1766; x_wconf 83' lang='grc' dir='ltr'>β’.</span> 
     </span>
     <span class='ocr_line' id='line_1_13' title="bbox 220 1788 1442 1878; baseline -0.003 -25"><span class='ocrx_word' id='word_1_58' title='bbox 220 1790 319 1873; x_wconf 84' lang='grc' dir='ltr'><strong><em>ὅσπερ</em></strong></span> <span class='ocrx_word' id='word_1_59' title='bbox 344 1788 398 1855; x_wconf 80' lang='grc' dir='ltr'>καὶ</span> <span class='ocrx_word' id='word_1_60' title='bbox 422 1791 575 1873; x_wconf 86' lang='grc' dir='ltr'><strong><em>Κινύραν</em></strong></span> <span class='ocrx_word' id='word_1_61' title='bbox 598 1793 707 1874; x_wconf 83' lang='grc' dir='ltr'><strong><em>ἔβρισε</em></strong></span> <span class='ocrx_word' id='word_1_62' title='bbox 729 1790 861 1876; x_wconf 81' lang='grc' dir='ltr'><strong><em>πλούτῳ</em></strong></span> <span class='ocrx_word' id='word_1_63' title='bbox 884 1793 1004 1876; x_wconf 80' lang='grc' dir='ltr'><strong><em>ποντίᾳ</em></strong></span> <span class='ocrx_word' id='word_1_64' title='bbox 1027 1792 1063 1854; x_wconf 79' lang='grc' dir='ltr'><strong><em>ἕν</em></strong></span> <span class='ocrx_word' id='word_1_65' title='bbox 1086 1811 1164 1854; x_wconf 90' lang='grc' dir='ltr'><strong><em>ποτε</em></strong></span> <span class='ocrx_word' id='word_1_66' title='bbox 1190 1790 1324 1878; x_wconf 79' lang='grc' dir='ltr'><strong><em>Κύπρῳ.</em></strong></span> <span class='ocrx_word' id='word_1_67' title='bbox 1408 1808 1442 1853; x_wconf 81' lang='lat' dir='ltr'>:ro</span> 
     </span>
     <span class='ocr_line' id='line_1_14' title="bbox 219 1894 1250 1982; baseline -0.001 -22"><span class='ocrx_word' id='word_1_68' title='bbox 219 1897 352 1982; x_wconf 79' lang='grc' dir='ltr'><strong><em>ἵσταμαι</em></strong></span> <span class='ocrx_word' id='word_1_69' title='bbox 375 1898 416 1980; x_wconf 82' lang='grc' dir='ltr'>δὴ</span> <span class='ocrx_word' id='word_1_70' title='bbox 439 1895 539 1961; x_wconf 79' lang='grc' dir='ltr'><strong><em>ποσσὶ</em></strong></span> <span class='ocrx_word' id='word_1_71' title='bbox 562 1897 716 1980; x_wconf 77' lang='grc' dir='ltr'><strong><em>κούφοις,</em></strong></span> <span class='ocrx_word' id='word_1_72' title='bbox 738 1894 894 1981; x_wconf 79' lang='grc' dir='ltr'><strong><em>ἀμπνέων</em></strong></span> <span class='ocrx_word' id='word_1_73' title='bbox 918 1920 951 1961; x_wconf 89' lang='grc' dir='ltr'>τε</span> <span class='ocrx_word' id='word_1_74' title='bbox 974 1899 1055 1980; x_wconf 89' lang='grc' dir='ltr'><strong><em>πρίν</em></strong></span> <span class='ocrx_word' id='word_1_75' title='bbox 1077 1920 1108 1960; x_wconf 91' lang='grc' dir='ltr'>τι</span> <span class='ocrx_word' id='word_1_76' title='bbox 1133 1896 1250 1979; x_wconf 88' lang='grc' dir='ltr'><strong><em>φάμεν.</em></strong></span> 
     </span>
    </p>

    <p class='ocr_par' dir='ltr' id='par_1_10' title="bbox 167 2001 1443 2302">
     <span class='ocr_line' id='line_1_15' title="bbox 167 2001 1390 2091; baseline -0.001 -24"><span class='ocrx_word' id='word_1_77' title='bbox 167 2021 201 2067; x_wconf 80' lang='lat' dir='ltr'>ao</span> <span class='ocrx_word' id='word_1_78' title='bbox 220 2004 325 2068; x_wconf 84' lang='grc' dir='ltr'><strong><em>πολλά</em></strong></span> <span class='ocrx_word' id='word_1_79' title='bbox 349 2005 411 2087; x_wconf 80' lang='grc' dir='ltr'><strong><em>γὰρ</em></strong></span> <span class='ocrx_word' id='word_1_80' title='bbox 435 2009 542 2089; x_wconf 81' lang='grc' dir='ltr'><strong><em>πολλᾷ</em></strong></span> <span class='ocrx_word' id='word_1_81' title='bbox 566 2002 725 2068; x_wconf 87' lang='grc' dir='ltr'><strong><em>λέλεκται·</em></strong></span> <span class='ocrx_word' id='word_1_82' title='bbox 750 2004 851 2091; x_wconf 62' lang='grc' dir='ltr'><strong><em>νεαρὰ</em></strong></span> <span class='ocrx_word' id='word_1_83' title='bbox 877 2001 909 2066; x_wconf 90' lang='grc' dir='ltr'>δ’</span> <span class='ocrx_word' id='word_1_84' title='bbox 936 2003 1109 2088; x_wconf 80' lang='grc' dir='ltr'><strong><em>ἐξευρόντα</em></strong></span> <span class='ocrx_word' id='word_1_85' title='bbox 1133 2004 1234 2087; x_wconf 86' lang='grc' dir='ltr'><strong><em>δύμεν</em></strong></span> <span class='ocrx_word' id='word_1_86' title='bbox 1256 2001 1390 2091; x_wconf 79' lang='grc' dir='ltr'><strong><em>βασάνῳ</em></strong></span> 
     </span>
     <span class='ocr_line' id='line_1_16' title="bbox 220 2111 1443 2193; baseline -0.001 -18"><span class='ocrx_word' id='word_1_87' title='bbox 220 2113 253 2186; x_wconf 86' lang='grc' dir='ltr'><strong><em>ε“ς</em></strong></span> <span class='ocrx_word' id='word_1_88' title='bbox 276 2113 409 2193; x_wconf 82' lang='grc' dir='ltr'><strong><em>ἔλεγχον</em></strong></span> <span class='ocrx_word' id='word_1_89' title='bbox 433 2111 517 2187; x_wconf 81' lang='grc' dir='ltr'><strong><em>άπας</em></strong></span> <span class='ocrx_word' id='word_1_90' title='bbox 539 2111 708 2186; x_wconf 87' lang='grc' dir='ltr'><strong><em>κίνδυνος·</em></strong></span> <span class='ocrx_word' id='word_1_91' title='bbox 732 2112 765 2174; x_wconf 85' lang='grc' dir='ltr'>ύ-</span> <span class='ocrx_word' id='word_1_92' title='bbox 1409 2128 1443 2174; x_wconf 79' lang='lat'>35</span> 
     </span>
     <span class='ocr_line' id='line_1_17' title="bbox 266 2213 763 2302; baseline 0.002 -22"><span class='ocrx_word' id='word_1_93' title='bbox 266 2227 330 2291; x_wconf 74' lang='grc' dir='ltr'>μου</span> <span class='ocrx_word' id='word_1_94' title='bbox 353 2213 389 2280; x_wconf 68' lang='grc' dir='ltr'>δὲ</span> <span class='ocrx_word' id='word_1_95' title='bbox 413 2220 506 2300; x_wconf 83' lang='grc' dir='ltr'><strong><em>λύγοι</em></strong></span> <span class='ocrx_word' id='word_1_96' title='bbox 529 2223 763 2302; x_wconf 73' lang='grc' dir='ltr'><strong><em>φθονεροῖσιν·</em></strong></span> 
     </span>
    </p>
   </div>
   <div class='ocr_carea' id='block_1_4' title="bbox 172 2462 1445 2622">
    <p class='ocr_par' dir='ltr' id='par_1_11' title="bbox 172 2462 1445 2622">
     <span class='ocr_line' id='line_1_18' title="bbox 242 2462 1442 2532; baseline 0.002 -18"><span class='ocrx_word' id='word_1_97' title='bbox 242 2467 282 2515; x_wconf 91' lang='grc'>11.</span> <span class='ocrx_word' id='word_1_98' title='bbox 307 2472 455 2529; x_wconf 80' lang='grc' dir='ltr'><strong><em>κραναιαλς</em></strong></span> <span class='ocrx_word' id='word_1_99' title='bbox 477 2464 507 2518; x_wconf 89' lang='lat' dir='ltr'><strong><em>D</em></strong></span> <span class='ocrx_word' id='word_1_100' title='bbox 531 2495 564 2503; x_wconf 94' lang='lat'>—-</span> <span class='ocrx_word' id='word_1_101' title='bbox 591 2470 630 2518; x_wconf 72' lang='lat' dir='ltr'>lt‘.</span> <span class='ocrx_word' id='word_1_102' title='bbox 659 2462 854 2532; x_wconf 77' lang='grc' dir='ltr'><strong><em>Πελοπηϊάδαι</em></strong></span> <span class='ocrx_word' id='word_1_103' title='bbox 882 2462 952 2518; x_wconf 81' lang='lat' dir='ltr'>coni.</span> <span class='ocrx_word' id='word_1_104' title='bbox 977 2463 1103 2518; x_wconf 85' lang='lat' dir='ltr'>Schmid:</span> <span class='ocrx_word' id='word_1_105' title='bbox 1127 2463 1296 2531; x_wconf 81' lang='grc' dir='ltr'><strong><em>πελοπηῖδαι</em></strong></span> <span class='ocrx_word' id='word_1_106' title='bbox 1320 2463 1386 2516; x_wconf 91' lang='lat' dir='ltr'>BD</span> <span class='ocrx_word' id='word_1_107' title='bbox 1411 2495 1442 2502; x_wconf 90' lang='lat'><em>-</em></span> 
     </span>
     <span class='ocr_line' id='line_1_19' title="bbox 172 2531 1445 2622; baseline 0.002 -37"><span class='ocrx_word' id='word_1_108' title='bbox 172 2540 210 2586; x_wconf 76' lang='lat'>14.</span> <span class='ocrx_word' id='word_1_109' title='bbox 232 2531 338 2622; x_wconf 77' lang='grc' dir='ltr'><strong><em>φέρωνι</em></strong></span> <span class='ocrx_word' id='word_1_110' title='bbox 366 2532 456 2603; x_wconf 74' lang='grc' dir='ltr'><strong><em>φίλων</em></strong></span> <span class='ocrx_word' id='word_1_111' title='bbox 474 2535 504 2589; x_wconf 90' lang='lat' dir='ltr'><strong><em>D</em></strong></span> <span class='ocrx_word' id='word_1_112' title='bbox 523 2568 555 2575; x_wconf 89' lang='lat'>—</span> <span class='ocrx_word' id='word_1_113' title='bbox 578 2541 617 2588; x_wconf 84' lang='grc'>16.</span> <span class='ocrx_word' id='word_1_114' title='bbox 638 2537 783 2603; x_wconf 85' lang='grc' dir='ltr'><strong><em>Νεμεαῖον</em></strong></span> <span class='ocrx_word' id='word_1_115' title='bbox 801 2534 872 2589; x_wconf 89' lang='lat' dir='ltr'>coni.</span> <span class='ocrx_word' id='word_1_116' title='bbox 893 2534 999 2589; x_wconf 65' lang='lat' dir='ltr'>Parim:</span> <span class='ocrx_word' id='word_1_117' title='bbox 1028 2532 1139 2602; x_wconf 82' lang='grc' dir='ltr'><strong><em>νέμειον</em></strong></span> <span class='ocrx_word' id='word_1_118' title='bbox 1158 2534 1224 2588; x_wconf 83' lang='lat' dir='ltr'>BD</span> <span class='ocrx_word' id='word_1_119' title='bbox 1243 2564 1275 2574; x_wconf 89' lang='lat'>-··</span> <span class='ocrx_word' id='word_1_120' title='bbox 1297 2537 1337 2587; x_wconf 78' lang='lat'>18.</span> <span class='ocrx_word' id='word_1_121' title='bbox 1360 2532 1445 2601; x_wconf 82' lang='grc' dir='ltr'><strong><em>ὅσπερ</em></strong></span> 
     </span>
    </p>
   </div>
   <div class='ocr_carea' id='block_1_5' title="bbox 169 2604 1445 2818">
    <p class='ocr_par' dir='ltr' id='par_1_12' title="bbox 169 2604 1445 2818">
     <span class='ocr_line' id='line_1_20' title="bbox 169 2604 1445 2679; baseline 0.002 -22"><span class='ocrx_word' id='word_1_122' title='bbox 169 2605 208 2659; x_wconf 89' lang='lat' dir='ltr'>B:</span> <span class='ocrx_word' id='word_1_123' title='bbox 228 2621 319 2671; x_wconf 84' lang='grc' dir='ltr'><strong><em>ωσπερ</em></strong></span> <span class='ocrx_word' id='word_1_124' title='bbox 339 2605 369 2659; x_wconf 89' lang='lat' dir='ltr'><em>D</em></span> <span class='ocrx_word' id='word_1_125' title='bbox 386 2638 420 2646; x_wconf 91' lang='lat'>—</span> <span class='ocrx_word' id='word_1_126' title='bbox 440 2604 544 2661; x_wconf 82' lang='grc' dir='ltr'><strong><em>ποντία</em></strong></span> <span class='ocrx_word' id='word_1_127' title='bbox 559 2607 588 2660; x_wconf 86' lang='grc' dir='ltr'>Ι)</span> <span class='ocrx_word' id='word_1_128' title='bbox 608 2638 640 2646; x_wconf 93' lang='grc'>-</span> <span class='ocrx_word' id='word_1_129' title='bbox 662 2612 702 2660; x_wconf 86' lang='grc'>19.</span> <span class='ocrx_word' id='word_1_130' title='bbox 722 2607 826 2661; x_wconf 69' lang='lat' dir='ltr'>evaso.</span> <span class='ocrx_word' id='word_1_131' title='bbox 841 2606 871 2660; x_wconf 92' lang='lat' dir='ltr'><strong><em>D</em></strong></span> <span class='ocrx_word' id='word_1_132' title='bbox 890 2637 923 2645; x_wconf 94' lang='lat'>—-</span> <span class='ocrx_word' id='word_1_133' title='bbox 943 2611 985 2660; x_wconf 75' lang='lat'>20.</span> <span class='ocrx_word' id='word_1_134' title='bbox 1005 2609 1092 2679; x_wconf 79' lang='grc' dir='ltr'><strong><em>πολλᾷ</em></strong></span> <span class='ocrx_word' id='word_1_135' title='bbox 1111 2605 1210 2660; x_wconf 84' lang='lat' dir='ltr'>Pauw:</span> <span class='ocrx_word' id='word_1_136' title='bbox 1230 2604 1318 2658; x_wconf 79' lang='grc' dir='ltr'><strong><em>πολλὰ</em></strong></span> <span class='ocrx_word' id='word_1_137' title='bbox 1333 2605 1397 2659; x_wconf 92' lang='lat' dir='ltr'>BD</span> <span class='ocrx_word' id='word_1_138' title='bbox 1411 2638 1445 2645; x_wconf 91' lang='lat'>-</span> 
     </span>
     <span class='ocr_line' id='line_1_21' title="bbox 169 2672 1445 2746; baseline 0.001 -18"><span class='ocrx_word' id='word_1_139' title='bbox 169 2681 210 2729; x_wconf 76' lang='lat'>21.</span> <span class='ocrx_word' id='word_1_140' title='bbox 231 2672 263 2729; x_wconf 80' lang='grc' dir='ltr'>δὲ</span> <span class='ocrx_word' id='word_1_141' title='bbox 283 2674 432 2746; x_wconf 81' lang='grc' dir='ltr'><strong><em>λύγοι,οιιι.</em></strong></span> <span class='ocrx_word' id='word_1_142' title='bbox 447 2677 625 2741; x_wconf 86' lang='lat' dir='ltr'>Tricliniani;</span> <span class='ocrx_word' id='word_1_143' title='bbox 654 2678 717 2732; x_wconf 84' lang='lat' dir='ltr'>fort.</span> <span class='ocrx_word' id='word_1_144' title='bbox 734 2677 807 2741; x_wconf 82' lang='grc' dir='ltr'><strong><em>ὅφιν</em></strong></span> <span class='ocrx_word' id='word_1_145' title='bbox 826 2681 994 2746; x_wconf 69' lang='grc' dir='ltr'><strong><em>φθονεραῖσι</em></strong></span> <span class='ocrx_word' id='word_1_146' title='bbox 1012 2675 1044 2731; x_wconf 72' lang='grc' dir='ltr'>δὲ</span> <span class='ocrx_word' id='word_1_147' title='bbox 1063 2674 1173 2746; x_wconf 83' lang='grc' dir='ltr'><strong><em>μύμφος</em></strong></span> <span class='ocrx_word' id='word_1_148' title='bbox 1195 2673 1316 2745; x_wconf 85' lang='grc' dir='ltr'><strong><em>(μομφαί</em></strong></span> <span class='ocrx_word' id='word_1_149' title='bbox 1338 2677 1445 2729; x_wconf 86' lang='lat' dir='ltr'>mavult</span> 
     </span>
     <span class='ocr_line' id='line_1_22' title="bbox 169 2746 1191 2818; baseline 0.002 -18"><span class='ocrx_word' id='word_1_150' title='bbox 169 2746 348 2803; x_wconf 85' lang='lat' dir='ltr'>Herwerdenl</span> <span class='ocrx_word' id='word_1_151' title='bbox 368 2781 400 2788; x_wconf 90' lang='lat'>-</span> <span class='ocrx_word' id='word_1_152' title='bbox 420 2752 574 2818; x_wconf 75' lang='grc' dir='ltr'><strong><em>φθονεραῖς</em></strong></span> <span class='ocrx_word' id='word_1_153' title='bbox 592 2747 721 2803; x_wconf 83' lang='grc' dir='ltr'><strong><em>ίάιιιεται</em></strong></span> <span class='ocrx_word' id='word_1_154' title='bbox 739 2747 824 2803; x_wconf 83' lang='lat' dir='ltr'>schol.</span> <span class='ocrx_word' id='word_1_155' title='bbox 845 2748 881 2802; x_wconf 87' lang='lat' dir='ltr'>ad</span> <span class='ocrx_word' id='word_1_156' title='bbox 901 2747 983 2818; x_wconf 85' lang='lat' dir='ltr'>Soph.</span> <span class='ocrx_word' id='word_1_157' title='bbox 1003 2747 1080 2802; x_wconf 81' lang='lat' dir='ltr'>Aiac.</span> <span class='ocrx_word' id='word_1_158' title='bbox 1101 2763 1140 2803; x_wconf 80' lang='grc' dir='ltr'>ιιι</span> <span class='ocrx_word' id='word_1_159' title='bbox 1158 2779 1191 2788; x_wconf 94' lang='grc'>-</span> 
     </span>
    </p>
   </div>
   <div class='ocr_carea' id='block_1_6' title="bbox 138 2925 1453 4921">
    <p class='ocr_par' dir='ltr' id='par_1_13' title="bbox 138 2925 1453 4921">
     <span class='ocr_line' id='line_1_23' title="bbox 169 2925 1445 2998; baseline 0.004 -20"><span class='ocrx_word' id='word_1_160' title='bbox 169 2926 319 2981; x_wconf 67' lang='lat' dir='ltr'>interesset</span> <span class='ocrx_word' id='word_1_161' title='bbox 339 2926 510 2997; x_wconf 82' lang='lat' dir='ltr'>significaret</span> <span class='ocrx_word' id='word_1_162' title='bbox 528 2927 601 2981; x_wconf 84' lang='lat' dir='ltr'>inter</span> <span class='ocrx_word' id='word_1_163' title='bbox 620 2928 740 2983; x_wconf 87' lang='lat' dir='ltr'>Graecos</span> <span class='ocrx_word' id='word_1_164' title='bbox 759 2926 899 2998; x_wconf 80' lang='lat' dir='ltr'>principes</span> <span class='ocrx_word' id='word_1_165' title='bbox 918 2925 985 2981; x_wconf 90' lang='lat' dir='ltr'>olim</span> <span class='ocrx_word' id='word_1_166' title='bbox 1005 2944 1056 2980; x_wconf 88' lang='lat' dir='ltr'>sua</span> <span class='ocrx_word' id='word_1_167' title='bbox 1070 2928 1168 2996; x_wconf 86' lang='lat' dir='ltr'>sponte</span> <span class='ocrx_word' id='word_1_168' title='bbox 1183 2927 1276 2980; x_wconf 87' lang='lat' dir='ltr'>Aeaco</span> <span class='ocrx_word' id='word_1_169' title='bbox 1291 2926 1445 2983; x_wconf 86' lang='lat' dir='ltr'>iustissimo</span> 
     </span>
     <span class='ocr_line' id='line_1_24' title="bbox 169 2996 1445 3081; baseline 0.005 -33"><span class='ocrx_word' id='word_1_170' title='bbox 169 2997 256 3051; x_wconf 88' lang='lat' dir='ltr'>iudici</span> <span class='ocrx_word' id='word_1_171' title='bbox 283 2999 508 3068; x_wconf 73' lang='lat' dir='ltr'>obtemperantes</span> <span class='ocrx_word' id='word_1_172' title='bbox 533 3003 561 3053; x_wconf 87' lang='lat' dir='ltr'>et</span> <span class='ocrx_word' id='word_1_173' title='bbox 585 2998 737 3067; x_wconf 78' lang='lat' dir='ltr'>Aeginetae</span> <span class='ocrx_word' id='word_1_174' title='bbox 761 3001 923 3081; x_wconf 76' lang='lat' dir='ltr'>ceterosque</span> <span class='ocrx_word' id='word_1_175' title='bbox 945 2998 1066 3052; x_wconf 78' lang='lat' dir='ltr'>Graecos</span> <span class='ocrx_word' id='word_1_176' title='bbox 1090 3015 1161 3051; x_wconf 85' lang='lat' dir='ltr'>nunc</span> <span class='ocrx_word' id='word_1_177' title='bbox 1186 2996 1289 3051; x_wconf 89' lang='lat' dir='ltr'>invitos</span> <span class='ocrx_word' id='word_1_178' title='bbox 1318 2999 1445 3068; x_wconf 85' lang='lat' dir='ltr'>superbis</span> 
     </span>
     <span class='ocr_line' id='line_1_25' title="bbox 171 3067 1445 3141; baseline 0.003 -20"><span class='ocrx_word' id='word_1_179' title='bbox 171 3068 387 3122; x_wconf 74' lang='lat' dir='ltr'>Atheniensibus</span> <span class='ocrx_word' id='word_1_180' title='bbox 405 3070 594 3125; x_wconf 86' lang='lat' dir='ltr'>oboedientes.</span> <span class='ocrx_word' id='word_1_181' title='bbox 624 3071 663 3124; x_wconf 88' lang='lat' dir='ltr'>lle</span> <span class='ocrx_word' id='word_1_182' title='bbox 683 3070 780 3124; x_wconf 85' lang='lat' dir='ltr'>fabula</span> <span class='ocrx_word' id='word_1_183' title='bbox 798 3070 957 3141; x_wconf 80' lang='lat' dir='ltr'>principum</span> <span class='ocrx_word' id='word_1_184' title='bbox 971 3068 1139 3123; x_wconf 82' lang='lat' dir='ltr'>Graecorum</span> <span class='ocrx_word' id='word_1_185' title='bbox 1159 3067 1294 3122; x_wconf 84' lang='lat' dir='ltr'>auxilium</span> <span class='ocrx_word' id='word_1_186' title='bbox 1314 3072 1343 3123; x_wconf 93' lang='lat' dir='ltr'>et</span> <span class='ocrx_word' id='word_1_187' title='bbox 1361 3069 1445 3125; x_wconf 86' lang='lat' dir='ltr'>inter·</span> 
     </span>
     <span class='ocr_line' id='line_1_26' title="bbox 169 3139 1446 3212; baseline 0.003 -20"><span class='ocrx_word' id='word_1_188' title='bbox 169 3139 322 3194; x_wconf 80' lang='lat' dir='ltr'>cessionem</span> <span class='ocrx_word' id='word_1_189' title='bbox 343 3141 429 3194; x_wconf 82' lang='lat' dir='ltr'>Aeaei</span> <span class='ocrx_word' id='word_1_190' title='bbox 448 3140 658 3212; x_wconf 80' lang='lat' dir='ltr'>implorantium</span> <span class='ocrx_word' id='word_1_191' title='bbox 682 3141 719 3194; x_wconf 91' lang='lat' dir='ltr'>ad</span> <span class='ocrx_word' id='word_1_192' title='bbox 745 3141 779 3196; x_wconf 89' lang='lat' dir='ltr'>N.</span> <span class='ocrx_word' id='word_1_193' title='bbox 800 3161 817 3194; x_wconf 91' lang='lat' dir='ltr'>v</span> <span class='ocrx_word' id='word_1_194' title='bbox 835 3160 861 3195; x_wconf 93' lang='lat' dir='ltr'>1o</span> <span class='ocrx_word' id='word_1_195' title='bbox 880 3143 1084 3195; x_wconf 86' lang='lat' dir='ltr'>commentatus</span> <span class='ocrx_word' id='word_1_196' title='bbox 1105 3158 1165 3194; x_wconf 88' lang='lat' dir='ltr'>sum</span> <span class='ocrx_word' id='word_1_197' title='bbox 1186 3171 1217 3180; x_wconf 84' lang='lat'>—-</span> <span class='ocrx_word' id='word_1_198' title='bbox 1240 3147 1280 3195; x_wconf 86' lang='lat'>11.</span> <span class='ocrx_word' id='word_1_199' title='bbox 1301 3151 1446 3208; x_wconf 82' lang='grc' dir='ltr'><strong><em>κρανααῖς,</em></strong></span> 
     </span>
     <span class='ocr_line' id='line_1_27' title="bbox 169 3211 1446 3284; baseline 0.005 -23"><span class='ocrx_word' id='word_1_200' title='bbox 169 3211 285 3269; x_wconf 82' lang='lat' dir='ltr'>saxosis.</span> <span class='ocrx_word' id='word_1_201' title='bbox 305 3211 380 3280; x_wconf 89' lang='lat' dir='ltr'>quod</span> <span class='ocrx_word' id='word_1_202' title='bbox 400 3211 545 3282; x_wconf 86' lang='lat' dir='ltr'>epitheton</span> <span class='ocrx_word' id='word_1_203' title='bbox 565 3229 667 3266; x_wconf 87' lang='lat' dir='ltr'>ornans</span> <span class='ocrx_word' id='word_1_204' title='bbox 687 3215 730 3266; x_wconf 83' lang='lat' dir='ltr'>est</span> <span class='ocrx_word' id='word_1_205' title='bbox 748 3213 862 3267; x_wconf 78' lang='lat' dir='ltr'>Ithacae</span> <span class='ocrx_word' id='word_1_206' title='bbox 882 3211 991 3266; x_wconf 86' lang='lat' dir='ltr'>insulae</span> <span class='ocrx_word' id='word_1_207' title='bbox 1010 3212 1085 3281; x_wconf 88' lang='lat' dir='ltr'>apud</span> <span class='ocrx_word' id='word_1_208' title='bbox 1100 3212 1259 3280; x_wconf 78' lang='lat' dir='ltr'>Homerum,</span> <span class='ocrx_word' id='word_1_209' title='bbox 1278 3213 1366 3267; x_wconf 81' lang='lat' dir='ltr'>Attici</span> <span class='ocrx_word' id='word_1_210' title='bbox 1386 3213 1446 3284; x_wconf 74' lang='lat' dir='ltr'>agri</span> 
     </span>
     <span class='ocr_line' id='line_1_28' title="bbox 170 3281 1446 3353; baseline 0.003 -19"><span class='ocrx_word' id='word_1_211' title='bbox 170 3282 244 3351; x_wconf 84' lang='lat' dir='ltr'>apud</span> <span class='ocrx_word' id='word_1_212' title='bbox 269 3281 422 3337; x_wconf 82' lang='lat' dir='ltr'>Pindarum</span> <span class='ocrx_word' id='word_1_213' title='bbox 446 3284 477 3339; x_wconf 90' lang='grc' dir='ltr'>Ο,</span> <span class='ocrx_word' id='word_1_214' title='bbox 497 3303 535 3336; x_wconf 90' lang='lat' dir='ltr'>vu</span> <span class='ocrx_word' id='word_1_215' title='bbox 553 3300 586 3338; x_wconf 81' lang='lat' dir='ltr'>se.</span> <span class='ocrx_word' id='word_1_216' title='bbox 611 3302 660 3336; x_wconf 85' lang='grc' dir='ltr'><strong><em>ιιιιι</em></strong></span> <span class='ocrx_word' id='word_1_217' title='bbox 678 3300 704 3338; x_wconf 82' lang='lat' dir='ltr'>es</span> <span class='ocrx_word' id='word_1_218' title='bbox 731 3316 760 3323; x_wconf 89' lang='lat'><strong>—</strong></span> <span class='ocrx_word' id='word_1_219' title='bbox 784 3284 915 3352; x_wconf 83' lang='grc' dir='ltr'><strong><em>στρατὸν,</em></strong></span> <span class='ocrx_word' id='word_1_220' title='bbox 943 3283 1092 3353; x_wconf 66' lang='lat' dir='ltr'>populum</span> <span class='ocrx_word' id='word_1_221' title='bbox 1121 3282 1185 3337; x_wconf 78' lang='lat' dir='ltr'>vide</span> <span class='ocrx_word' id='word_1_222' title='bbox 1210 3283 1248 3336; x_wconf 88' lang='lat' dir='ltr'>ad</span> <span class='ocrx_word' id='word_1_223' title='bbox 1272 3282 1446 3338; x_wconf 79' lang='lat' dir='ltr'>0.v.1a-</span> 
     </span>
     <span class='ocr_line' id='line_1_29' title="bbox 172 3353 1447 3424; baseline 0.003 -18"><span class='ocrx_word' id='word_1_224' title='bbox 172 3360 211 3407; x_wconf 78' lang='lat'>1‘2.</span> <span class='ocrx_word' id='word_1_225' title='bbox 238 3353 444 3421; x_wconf 78' lang='grc' dir='ltr'><strong><em>Πελοπηϊάδαι·</em></strong></span> <span class='ocrx_word' id='word_1_226' title='bbox 474 3354 547 3408; x_wconf 85' lang='lat' dir='ltr'>salso</span> <span class='ocrx_word' id='word_1_227' title='bbox 574 3355 627 3409; x_wconf 89' lang='lat' dir='ltr'>hoo</span> <span class='ocrx_word' id='word_1_228' title='bbox 655 3371 755 3409; x_wconf 89' lang='lat' dir='ltr'>nomen</span> <span class='ocrx_word' id='word_1_229' title='bbox 779 3372 797 3408; x_wconf 85' lang='lat' dir='ltr'>a</span> <span class='ocrx_word' id='word_1_230' title='bbox 819 3354 941 3409; x_wconf 87' lang='lat' dir='ltr'>Pindaro</span> <span class='ocrx_word' id='word_1_231' title='bbox 969 3354 1119 3407; x_wconf 84' lang='lat' dir='ltr'>formatum</span> <span class='ocrx_word' id='word_1_232' title='bbox 1148 3359 1192 3408; x_wconf 87' lang='lat' dir='ltr'>est</span> <span class='ocrx_word' id='word_1_233' title='bbox 1220 3354 1255 3407; x_wconf 96' lang='lat' dir='ltr'>ad</span> <span class='ocrx_word' id='word_1_234' title='bbox 1284 3354 1447 3424; x_wconf 80' lang='lat' dir='ltr'>analogiam</span> 
     </span>
     <span class='ocr_line' id='line_1_30' title="bbox 172 3425 1447 3495; baseline 0.003 -18"><span class='ocrx_word' id='word_1_235' title='bbox 172 3425 429 3494; x_wconf 82' lang='lat' dir='ltr'>patronymicorum</span> <span class='ocrx_word' id='word_1_236' title='bbox 444 3443 461 3479; x_wconf 85' lang='lat' dir='ltr'>a</span> <span class='ocrx_word' id='word_1_237' title='bbox 475 3426 635 3480; x_wconf 88' lang='lat' dir='ltr'>nominibus</span> <span class='ocrx_word' id='word_1_238' title='bbox 655 3425 684 3479; x_wconf 90' lang='lat' dir='ltr'>in</span> <span class='ocrx_word' id='word_1_239' title='bbox 703 3445 763 3489; x_wconf 81' lang='grc' dir='ltr'><strong><em>-ευς</em></strong></span> <span class='ocrx_word' id='word_1_240' title='bbox 781 3425 978 3492; x_wconf 77' lang='lat' dir='ltr'>derivatorum,</span> <span class='ocrx_word' id='word_1_241' title='bbox 998 3429 1030 3479; x_wconf 92' lang='lat' dir='ltr'>ut</span> <span class='ocrx_word' id='word_1_242' title='bbox 1048 3425 1228 3492; x_wconf 62' lang='lat' dir='ltr'>liutefredus</span> <span class='ocrx_word' id='word_1_243' title='bbox 1242 3428 1272 3479; x_wconf 92' lang='lat' dir='ltr'>et</span> <span class='ocrx_word' id='word_1_244' title='bbox 1285 3425 1447 3495; x_wconf 82' lang='grc' dir='ltr'><strong><em>Πηληιάδαι</em></strong></span> 
     </span>
     <span class='ocr_line' id='line_1_31' title="bbox 169 3495 1448 3567; baseline 0.002 -18"><span class='ocrx_word' id='word_1_245' title='bbox 169 3514 186 3549; x_wconf 85' lang='lat' dir='ltr'>a</span> <span class='ocrx_word' id='word_1_246' title='bbox 206 3495 320 3550; x_wconf 90' lang='lat' dir='ltr'>nomine</span> <span class='ocrx_word' id='word_1_247' title='bbox 342 3497 500 3564; x_wconf 85' lang='grc' dir='ltr'><strong><em>Πηλεύς-</em></strong></span> <span class='ocrx_word' id='word_1_248' title='bbox 522 3504 563 3552; x_wconf 80' lang='lat' dir='ltr'>lo.</span> <span class='ocrx_word' id='word_1_249' title='bbox 582 3495 692 3552; x_wconf 83' lang='grc' dir='ltr'><strong><em>Λυδίαν</em></strong></span> <span class='ocrx_word' id='word_1_250' title='bbox 711 3495 823 3567; x_wconf 85' lang='grc' dir='ltr'><strong><em>μίτραν·</em></strong></span> <span class='ocrx_word' id='word_1_251' title='bbox 850 3495 933 3567; x_wconf 84' lang='grc' dir='ltr'><strong><em>μίτρα</em></strong></span> <span class='ocrx_word' id='word_1_252' title='bbox 952 3496 1042 3550; x_wconf 83' lang='lat' dir='ltr'>insula</span> <span class='ocrx_word' id='word_1_253' title='bbox 1061 3496 1279 3565; x_wconf 88' lang='lat' dir='ltr'>supplicantium</span> <span class='ocrx_word' id='word_1_254' title='bbox 1299 3501 1354 3563; x_wconf 85' lang='lat' dir='ltr'>est,</span> <span class='ocrx_word' id='word_1_255' title='bbox 1375 3515 1448 3566; x_wconf 88' lang='lat' dir='ltr'>quae</span> 
     </span>
     <span class='ocr_line' id='line_1_32' title="bbox 173 3566 1448 3639; baseline 0.002 -19"><span class='ocrx_word' id='word_1_256' title='bbox 173 3566 263 3620; x_wconf 75' lang='grc' dir='ltr'><strong><em>,λιθία</em></strong></span> <span class='ocrx_word' id='word_1_257' title='bbox 287 3569 340 3620; x_wconf 85' lang='lat' dir='ltr'>hoc</span> <span class='ocrx_word' id='word_1_258' title='bbox 365 3567 426 3622; x_wconf 84' lang='lat' dir='ltr'>loco</span> <span class='ocrx_word' id='word_1_259' title='bbox 449 3568 543 3637; x_wconf 84' lang='lat' dir='ltr'>audit,</span> <span class='ocrx_word' id='word_1_260' title='bbox 569 3569 644 3637; x_wconf 89' lang='lat' dir='ltr'>quod</span> <span class='ocrx_word' id='word_1_261' title='bbox 667 3585 764 3639; x_wconf 80' lang='lat' dir='ltr'>preces</span> <span class='ocrx_word' id='word_1_262' title='bbox 787 3568 824 3622; x_wconf 85' lang='lat' dir='ltr'>ad</span> <span class='ocrx_word' id='word_1_263' title='bbox 843 3572 965 3623; x_wconf 78' lang='lat' dir='ltr'>Aeacum</span> <span class='ocrx_word' id='word_1_264' title='bbox 985 3571 1014 3621; x_wconf 87' lang='lat' dir='ltr'>et</span> <span class='ocrx_word' id='word_1_265' title='bbox 1031 3570 1121 3621; x_wconf 87' lang='lat' dir='ltr'>toturn</span> <span class='ocrx_word' id='word_1_266' title='bbox 1146 3567 1198 3620; x_wconf 87' lang='lat' dir='ltr'>hoo</span> <span class='ocrx_word' id='word_1_267' title='bbox 1222 3585 1333 3622; x_wconf 89' lang='lat' dir='ltr'>carmen</span> <span class='ocrx_word' id='word_1_268' title='bbox 1352 3567 1448 3637; x_wconf 75' lang='lat' dir='ltr'>Lydiis</span> 
     </span>
     <span class='ocr_line' id='line_1_33' title="bbox 173 3634 1448 3711; baseline 0.002 -20"><span class='ocrx_word' id='word_1_269' title='bbox 173 3639 263 3692; x_wconf 90' lang='lat' dir='ltr'>modis</span> <span class='ocrx_word' id='word_1_270' title='bbox 284 3639 411 3693; x_wconf 85' lang='lat' dir='ltr'>canenda</span> <span class='ocrx_word' id='word_1_271' title='bbox 430 3644 522 3708; x_wconf 86' lang='lat' dir='ltr'>erant,</span> <span class='ocrx_word' id='word_1_272' title='bbox 542 3645 574 3693; x_wconf 91' lang='lat' dir='ltr'>ut</span> <span class='ocrx_word' id='word_1_273' title='bbox 592 3641 662 3694; x_wconf 87' lang='lat' dir='ltr'>bene</span> <span class='ocrx_word' id='word_1_274' title='bbox 681 3639 791 3694; x_wconf 88' lang='lat' dir='ltr'>monuit</span> <span class='ocrx_word' id='word_1_275' title='bbox 810 3640 881 3693; x_wconf 89' lang='lat' dir='ltr'>alter</span> <span class='ocrx_word' id='word_1_276' title='bbox 905 3639 1070 3693; x_wconf 81' lang='lat' dir='ltr'>scholiasta:</span> <span class='ocrx_word' id='word_1_277' title='bbox 1095 3637 1181 3701; x_wconf 79' lang='grc' dir='ltr'><strong><em>ούτιος</em></strong></span> <span class='ocrx_word' id='word_1_278' title='bbox 1205 3634 1264 3693; x_wconf 82' lang='grc' dir='ltr'><strong><em>εἶπε</em></strong></span> <span class='ocrx_word' id='word_1_279' title='bbox 1287 3640 1318 3693; x_wconf 87' lang='grc' dir='ltr'><strong><em>τὸ</em></strong></span> <span class='ocrx_word' id='word_1_280' title='bbox 1342 3638 1448 3711; x_wconf 83' lang='grc' dir='ltr'><strong><em>ποίημα</em></strong></span> 
     </span>
     <span class='ocr_line' id='line_1_34' title="bbox 172 3708 1449 3786; baseline 0.003 -24"><span class='ocrx_word' id='word_1_281' title='bbox 172 3712 261 3763; x_wconf 85' lang='grc' dir='ltr'><strong><em>αὑτοῦ</em></strong></span> <span class='ocrx_word' id='word_1_282' title='bbox 276 3711 312 3772; x_wconf 84' lang='grc' dir='ltr'>ὡς</span> <span class='ocrx_word' id='word_1_283' title='bbox 325 3708 418 3765; x_wconf 83' lang='grc' dir='ltr'><strong><em>Λυδία</em></strong></span> <span class='ocrx_word' id='word_1_284' title='bbox 432 3709 552 3786; x_wconf 79' lang='grc' dir='ltr'><strong><em>ἁρμονία</em></strong></span> <span class='ocrx_word' id='word_1_285' title='bbox 567 3710 758 3782; x_wconf 77' lang='grc' dir='ltr'><strong><em>γεγραμμένον</em></strong></span> <span class='ocrx_word' id='word_1_286' title='bbox 777 3744 810 3750; x_wconf 99' lang='grc'>-</span> <span class='ocrx_word' id='word_1_287' title='bbox 831 3718 872 3765; x_wconf 87' lang='grc'>16.</span> <span class='ocrx_word' id='word_1_288' title='bbox 893 3713 995 3764; x_wconf 82' lang='grc' dir='ltr'><strong><em>δισσῶν</em></strong></span> <span class='ocrx_word' id='word_1_289' title='bbox 1013 3708 1135 3763; x_wconf 85' lang='grc' dir='ltr'><strong><em>σταδίων</em></strong></span> <span class='ocrx_word' id='word_1_290' title='bbox 1153 3712 1250 3764; x_wconf 85' lang='lat' dir='ltr'>ornate</span> <span class='ocrx_word' id='word_1_291' title='bbox 1288 3728 1319 3764; x_wconf 94' lang='lat' dir='ltr'>ro</span> <span class='ocrx_word' id='word_1_292' title='bbox 1338 3711 1449 3782; x_wconf 77' lang='lat' dir='ltr'>vulgari</span> 
     </span>
     <span class='ocr_line' id='line_1_35' title="bbox 173 3766 1447 3851; baseline 0 -16"><span class='ocrx_word' id='word_1_293' title='bbox 173 3780 297 3847; x_wconf 68' lang='lat' dir='ltr'>draitona,</span> <span class='ocrx_word' id='word_1_294' title='bbox 319 3785 350 3834; x_wconf 88' lang='lat' dir='ltr'>ut</span> <span class='ocrx_word' id='word_1_295' title='bbox 369 3766 438 3836; x_wconf 81' lang='lat' dir='ltr'>scite</span> <span class='ocrx_word' id='word_1_296' title='bbox 457 3782 596 3837; x_wconf 86' lang='lat' dir='ltr'>adnotant</span> <span class='ocrx_word' id='word_1_297' title='bbox 611 3782 730 3837; x_wconf 87' lang='lat' dir='ltr'>scholia:</span> <span class='ocrx_word' id='word_1_298' title='bbox 750 3786 852 3837; x_wconf 82' lang='grc' dir='ltr'><strong><em>δισσῶν</em></strong></span> <span class='ocrx_word' id='word_1_299' title='bbox 870 3780 902 3836; x_wconf 72' lang='grc' dir='ltr'>δὲ</span> <span class='ocrx_word' id='word_1_300' title='bbox 922 3778 1049 3848; x_wconf 74' lang='grc' dir='ltr'><strong><em>σταδίων,</em></strong></span> <span class='ocrx_word' id='word_1_301' title='bbox 1066 3778 1108 3835; x_wconf 80' lang='grc' dir='ltr'>ὅτι</span> <span class='ocrx_word' id='word_1_302' title='bbox 1123 3783 1255 3846; x_wconf 84' lang='grc' dir='ltr'><strong><em>διαυλοδρ</em></strong></span> <span class='ocrx_word' id='word_1_303' title='bbox 1273 3801 1331 3851; x_wconf 79' lang='grc' dir='ltr'><strong><em>μσς.</em></strong></span> <span class='ocrx_word' id='word_1_304' title='bbox 1362 3782 1447 3836; x_wconf 88' lang='lat' dir='ltr'>Nam-</span> 
     </span>
     <span class='ocr_line' id='line_1_36' title="bbox 138 3851 1449 3924; baseline 0.002 -19"><span class='ocrx_word' id='word_1_305' title='bbox 138 3893 140 3898; x_wconf 90' lang='lat'><em>.</em></span> <span class='ocrx_word' id='word_1_306' title='bbox 170 3869 224 3919; x_wconf 82' lang='lat' dir='ltr'>que</span> <span class='ocrx_word' id='word_1_307' title='bbox 243 3851 336 3906; x_wconf 85' lang='lat' dir='ltr'>stadio</span> <span class='ocrx_word' id='word_1_308' title='bbox 355 3871 508 3924; x_wconf 88' lang='lat' dir='ltr'>numquam</span> <span class='ocrx_word' id='word_1_309' title='bbox 527 3854 659 3908; x_wconf 80' lang='lat' dir='ltr'>Diuidam</span> <span class='ocrx_word' id='word_1_310' title='bbox 673 3853 774 3907; x_wconf 84' lang='lat' dir='ltr'>vicisse</span> <span class='ocrx_word' id='word_1_311' title='bbox 789 3871 823 3907; x_wconf 83' lang='lat' dir='ltr'>ex</span> <span class='ocrx_word' id='word_1_312' title='bbox 839 3853 980 3907; x_wconf 87' lang='lat' dir='ltr'>indicibus</span> <span class='ocrx_word' id='word_1_313' title='bbox 994 3852 1134 3906; x_wconf 72' lang='lat' dir='ltr'>sistorum</span> <span class='ocrx_word' id='word_1_314' title='bbox 1147 3856 1256 3906; x_wconf 85' lang='lat' dir='ltr'>veteres</span> <span class='ocrx_word' id='word_1_315' title='bbox 1270 3853 1449 3924; x_wconf 72' lang='lat' dir='ltr'>grammatici</span> 
     </span>
     <span class='ocr_line' id='line_1_37' title="bbox 169 3921 1446 4007; baseline 0.002 -31"><span class='ocrx_word' id='word_1_316' title='bbox 169 3927 341 3993; x_wconf 86' lang='lat' dir='ltr'>compertum</span> <span class='ocrx_word' id='word_1_317' title='bbox 361 3926 513 3994; x_wconf 79' lang='lat' dir='ltr'>habebant,</span> <span class='ocrx_word' id='word_1_318' title='bbox 532 3925 611 3979; x_wconf 92' lang='lat' dir='ltr'>utin</span> <span class='ocrx_word' id='word_1_319' title='bbox 631 3929 797 4007; x_wconf 69' lang='lat' dir='ltr'>argumento</span> <span class='ocrx_word' id='word_1_320' title='bbox 818 3924 950 3979; x_wconf 85' lang='lat' dir='ltr'>carminis</span> <span class='ocrx_word' id='word_1_321' title='bbox 972 3923 1140 3994; x_wconf 81' lang='lat' dir='ltr'>exposui-</span> <span class='ocrx_word' id='word_1_322' title='bbox 1161 3921 1304 3992; x_wconf 83' lang='grc' dir='ltr'><strong><em>Νεμέαιον</em></strong></span> <span class='ocrx_word' id='word_1_323' title='bbox 1324 3925 1446 3994; x_wconf 75' lang='grc' dir='ltr'><strong><em>ἄγαλμα·</em></strong></span> 
     </span>
     <span class='ocr_line' id='line_1_38' title="bbox 169 3994 1448 4065; baseline 0.002 -18"><span class='ocrx_word' id='word_1_324' title='bbox 169 3996 252 4049; x_wconf 82' lang='lat' dir='ltr'>deeus</span> <span class='ocrx_word' id='word_1_325' title='bbox 277 3995 446 4051; x_wconf 85' lang='lat' dir='ltr'>Nemeaeum</span> <span class='ocrx_word' id='word_1_326' title='bbox 470 4014 581 4051; x_wconf 85' lang='lat' dir='ltr'>carmen</span> <span class='ocrx_word' id='word_1_327' title='bbox 609 3996 706 4064; x_wconf 73' lang='lat' dir='ltr'>Lydris</span> <span class='ocrx_word' id='word_1_328' title='bbox 735 3996 825 4050; x_wconf 91' lang='lat' dir='ltr'>modis</span> <span class='ocrx_word' id='word_1_329' title='bbox 848 3996 1033 4065; x_wconf 88' lang='lat' dir='ltr'>compositum</span> <span class='ocrx_word' id='word_1_330' title='bbox 1056 3994 1172 4061; x_wconf 84' lang='lat' dir='ltr'>dieitur,</span> <span class='ocrx_word' id='word_1_331' title='bbox 1200 3995 1276 4063; x_wconf 90' lang='lat' dir='ltr'>quod</span> <span class='ocrx_word' id='word_1_332' title='bbox 1299 3995 1448 4050; x_wconf 84' lang='lat' dir='ltr'>victoriam</span> 
     </span>
     <span class='ocr_line' id='line_1_39' title="bbox 170 4064 1446 4191; baseline 0.004 -73"><span class='ocrx_word' id='word_1_333' title='bbox 170 4066 340 4191; x_wconf 53' lang='grc' dir='ltr'><strong><em>Νοιιιεεφιρίρι</em></strong></span> <span class='ocrx_word' id='word_1_334' title='bbox 360 4067 589 4123; x_wconf 81' lang='lat' dir='ltr'>illustrat—1¹1.</span> <span class='ocrx_word' id='word_1_335' title='bbox 611 4070 662 4122; x_wconf 84' lang='grc' dir='ltr'>σὺν</span> <span class='ocrx_word' id='word_1_336' title='bbox 681 4073 753 4141; x_wconf 75' lang='grc' dir='ltr'><strong><em>θεῷ·</em></strong></span> <span class='ocrx_word' id='word_1_337' title='bbox 774 4072 884 4138; x_wconf 81' lang='lat' dir='ltr'>spectat</span> <span class='ocrx_word' id='word_1_338' title='bbox 903 4068 939 4121; x_wconf 87' lang='lat' dir='ltr'>ad</span> <span class='ocrx_word' id='word_1_339' title='bbox 959 4084 1063 4136; x_wconf 86' lang='lat' dir='ltr'>preces,</span> <span class='ocrx_word' id='word_1_340' title='bbox 1082 4083 1152 4135; x_wconf 86' lang='lat' dir='ltr'>quas</span> <span class='ocrx_word' id='word_1_341' title='bbox 1170 4064 1256 4136; x_wconf 89' lang='lat' dir='ltr'>paulo</span> <span class='ocrx_word' id='word_1_342' title='bbox 1276 4069 1341 4121; x_wconf 86' lang='lat' dir='ltr'>ante</span> <span class='ocrx_word' id='word_1_343' title='bbox 1360 4072 1397 4135; x_wconf 86' lang='lat' dir='ltr'>(v.</span> <span class='ocrx_word' id='word_1_344' title='bbox 1411 4071 1446 4136; x_wconf 78' lang='grc' dir='ltr'>ιι)</span> 
     </span>
     <span class='ocr_line' id='line_1_40' title="bbox 190 4140 393 4194; baseline 0.01 -3"><span class='ocrx_word' id='word_1_345' title='bbox 190 4140 256 4191; x_wconf 86' lang='lat' dir='ltr'>oeta</span> <span class='ocrx_word' id='word_1_346' title='bbox 325 4143 393 4194; x_wconf 86' lang='lat' dir='ltr'>erat.</span> 
     </span>
     <span class='ocr_line' id='line_1_41' title="bbox 171 4156 1448 4280; baseline 0.001 -18"><span class='ocrx_word' id='word_1_347' title='bbox 171 4156 188 4206; x_wconf 68' lang='lat' dir='ltr'>p</span> <span class='ocrx_word' id='word_1_348' title='bbox 242 4215 281 4262; x_wconf 84' lang='lat'>18.</span> <span class='ocrx_word' id='word_1_349' title='bbox 307 4210 409 4264; x_wconf 89' lang='lat' dir='ltr'>sensim</span> <span class='ocrx_word' id='word_1_350' title='bbox 433 4211 470 4264; x_wconf 90' lang='lat' dir='ltr'>ad</span> <span class='ocrx_word' id='word_1_351' title='bbox 494 4211 651 4265; x_wconf 79' lang='lat' dir='ltr'>fabularem</span> <span class='ocrx_word' id='word_1_352' title='bbox 675 4213 784 4280; x_wconf 87' lang='lat' dir='ltr'>partem</span> <span class='ocrx_word' id='word_1_353' title='bbox 804 4210 935 4264; x_wconf 78' lang='lat' dir='ltr'>carminis</span> <span class='ocrx_word' id='word_1_354' title='bbox 955 4207 1109 4263; x_wconf 89' lang='lat' dir='ltr'>transit-</span> <span class='ocrx_word' id='word_1_355' title='bbox 1130 4207 1214 4276; x_wconf 82' lang='grc' dir='ltr'><strong><em>ὅσπερ</em></strong></span> <span class='ocrx_word' id='word_1_356' title='bbox 1234 4208 1293 4262; x_wconf 87' lang='lat' dir='ltr'>scil.</span> <span class='ocrx_word' id='word_1_357' title='bbox 1312 4207 1393 4272; x_wconf 79' lang='grc' dir='ltr'><strong><em>θεός·</em></strong></span> <span class='ocrx_word' id='word_1_358' title='bbox 1413 4209 1448 4264; x_wconf 90' lang='lat' dir='ltr'>de</span> 
     </span>
     <span class='ocr_line' id='line_1_42' title="bbox 170 4279 1452 4352; baseline 0.002 -19"><span class='ocrx_word' id='word_1_359' title='bbox 170 4280 273 4348; x_wconf 81' lang='lat' dir='ltr'>Cinyra</span> <span class='ocrx_word' id='word_1_360' title='bbox 293 4284 387 4336; x_wconf 84' lang='lat' dir='ltr'>vetere</span> <span class='ocrx_word' id='word_1_361' title='bbox 406 4298 471 4351; x_wconf 77' lang='lat' dir='ltr'>rege</span> <span class='ocrx_word' id='word_1_362' title='bbox 491 4285 576 4350; x_wconf 86' lang='lat' dir='ltr'>atque</span> <span class='ocrx_word' id='word_1_363' title='bbox 596 4281 741 4335; x_wconf 86' lang='lat' dir='ltr'>sacerdote</span> <span class='ocrx_word' id='word_1_364' title='bbox 761 4281 844 4352; x_wconf 69' lang='lat' dir='ltr'>Cypri</span> <span class='ocrx_word' id='word_1_365' title='bbox 866 4302 890 4336; x_wconf 83' lang='lat' dir='ltr'>v.</span> <span class='ocrx_word' id='word_1_366' title='bbox 911 4281 939 4334; x_wconf 89' lang='lat' dir='ltr'>P.</span> <span class='ocrx_word' id='word_1_367' title='bbox 960 4301 979 4333; x_wconf 90' lang='grc' dir='ltr'>ιι</span> <span class='ocrx_word' id='word_1_368' title='bbox 1000 4299 1024 4334; x_wconf 74' lang='grc' dir='ltr'>ιιι</span> <span class='ocrx_word' id='word_1_369' title='bbox 1045 4314 1075 4321; x_wconf 95' lang='grc'>-</span> <span class='ocrx_word' id='word_1_370' title='bbox 1098 4287 1139 4334; x_wconf 80' lang='grc'>19.</span> <span class='ocrx_word' id='word_1_371' title='bbox 1160 4279 1221 4334; x_wconf 86' lang='grc' dir='ltr'><strong><em>ίσια</em></strong></span> <span class='ocrx_word' id='word_1_372' title='bbox 1263 4298 1285 4333; x_wconf 88' lang='grc' dir='ltr'>ι·</span> <span class='ocrx_word' id='word_1_373' title='bbox 1305 4283 1337 4334; x_wconf 91' lang='lat' dir='ltr'>ut</span> <span class='ocrx_word' id='word_1_374' title='bbox 1356 4280 1387 4336; x_wconf 91' lang='lat'>0.</span> <span class='ocrx_word' id='word_1_375' title='bbox 1402 4298 1452 4335; x_wconf 78' lang='lat' dir='ltr'>rte</span> 
     </span>
     <span class='ocr_line' id='line_1_43' title="bbox 170 4350 1452 4423; baseline 0.003 -20"><span class='ocrx_word' id='word_1_376' title='bbox 170 4352 255 4406; x_wconf 86' lang='lat' dir='ltr'>verbo</span> <span class='ocrx_word' id='word_1_377' title='bbox 280 4350 449 4422; x_wconf 80' lang='grc' dir='ltr'><strong><em>ἀφίσταμαι,</em></strong></span> <span class='ocrx_word' id='word_1_378' title='bbox 477 4353 510 4407; x_wconf 90' lang='grc' dir='ltr'>Ν.</span> <span class='ocrx_word' id='word_1_379' title='bbox 530 4372 547 4405; x_wconf 88' lang='lat' dir='ltr'>v</span> <span class='ocrx_word' id='word_1_380' title='bbox 569 4369 592 4406; x_wconf 82' lang='lat' dir='ltr'>rs</span> <span class='ocrx_word' id='word_1_381' title='bbox 616 4352 702 4407; x_wconf 85' lang='lat' dir='ltr'>verbo</span> <span class='ocrx_word' id='word_1_382' title='bbox 723 4355 856 4423; x_wconf 80' lang='grc' dir='ltr'><strong><em>στήσομαι</em></strong></span> <span class='ocrx_word' id='word_1_383' title='bbox 877 4370 988 4405; x_wconf 84' lang='lat' dir='ltr'>rursum</span> <span class='ocrx_word' id='word_1_384' title='bbox 1007 4351 1143 4406; x_wconf 86' lang='lat' dir='ltr'>orationis</span> <span class='ocrx_word' id='word_1_385' title='bbox 1163 4351 1222 4406; x_wconf 89' lang='lat' dir='ltr'>inhi</span> <span class='ocrx_word' id='word_1_386' title='bbox 1244 4351 1286 4406; x_wconf 90' lang='lat' dir='ltr'>uit</span> <span class='ocrx_word' id='word_1_387' title='bbox 1310 4352 1346 4405; x_wconf 88' lang='lat' dir='ltr'>ad</span> <span class='ocrx_word' id='word_1_388' title='bbox 1366 4351 1452 4407; x_wconf 84' lang='lat' dir='ltr'>aliam</span> 
     </span>
     <span class='ocr_line' id='line_1_44' title="bbox 169 4422 1451 4493; baseline 0.001 -17"><span class='ocrx_word' id='word_1_389' title='bbox 169 4439 229 4477; x_wconf 88' lang='lat' dir='ltr'>rem</span> <span class='ocrx_word' id='word_1_390' title='bbox 248 4422 432 4492; x_wconf 85' lang='lat' dir='ltr'>transiturus,</span> <span class='ocrx_word' id='word_1_391' title='bbox 452 4423 491 4478; x_wconf 88' lang='lat' dir='ltr'>sic</span> <span class='ocrx_word' id='word_1_392' title='bbox 512 4424 557 4477; x_wconf 89' lang='lat' dir='ltr'>hie</span> <span class='ocrx_word' id='word_1_393' title='bbox 576 4441 688 4492; x_wconf 89' lang='lat' dir='ltr'>quoque</span> <span class='ocrx_word' id='word_1_394' title='bbox 709 4425 793 4478; x_wconf 77' lang='lat' dir='ltr'>verbo</span> <span class='ocrx_word' id='word_1_395' title='bbox 813 4423 928 4493; x_wconf 74' lang='grc' dir='ltr'><strong><em>ἵσταμαι</em></strong></span> <span class='ocrx_word' id='word_1_396' title='bbox 947 4423 1097 4478; x_wconf 84' lang='lat' dir='ltr'>inchoatae</span> <span class='ocrx_word' id='word_1_397' title='bbox 1116 4422 1287 4478; x_wconf 86' lang='lat' dir='ltr'>narrationis</span> <span class='ocrx_word' id='word_1_398' title='bbox 1306 4422 1383 4477; x_wconf 90' lang='lat' dir='ltr'>filum</span> <span class='ocrx_word' id='word_1_399' title='bbox 1403 4423 1451 4477; x_wconf 88' lang='lat' dir='ltr'>ab·</span> 
     </span>
     <span class='ocr_line' id='line_1_45' title="bbox 168 4494 1451 4566; baseline 0.001 -19"><span class='ocrx_word' id='word_1_400' title='bbox 168 4494 257 4564; x_wconf 90' lang='lat' dir='ltr'>rupit,</span> <span class='ocrx_word' id='word_1_401' title='bbox 283 4498 314 4548; x_wconf 92' lang='lat' dir='ltr'>ut</span> <span class='ocrx_word' id='word_1_402' title='bbox 336 4494 500 4564; x_wconf 83' lang='lat' dir='ltr'>priusquam</span> <span class='ocrx_word' id='word_1_403' title='bbox 525 4495 609 4564; x_wconf 84' lang='lat' dir='ltr'>plura</span> <span class='ocrx_word' id='word_1_404' title='bbox 631 4495 843 4566; x_wconf 88' lang='lat' dir='ltr'>proloqueretur</span> <span class='ocrx_word' id='word_1_405' title='bbox 869 4494 998 4566; x_wconf 88' lang='lat' dir='ltr'>spiritum</span> <span class='ocrx_word' id='word_1_406' title='bbox 1022 4495 1137 4549; x_wconf 88' lang='lat' dir='ltr'>duceret</span> <span class='ocrx_word' id='word_1_407' title='bbox 1162 4528 1192 4536; x_wconf 86' lang='lat'><em>-</em></span> <span class='ocrx_word' id='word_1_408' title='bbox 1218 4501 1259 4549; x_wconf 74' lang='lat'>20.</span> <span class='ocrx_word' id='word_1_409' title='bbox 1284 4494 1372 4549; x_wconf 84' lang='grc' dir='ltr'><strong><em>πολλὰ</em></strong></span> <span class='ocrx_word' id='word_1_410' title='bbox 1398 4498 1451 4565; x_wconf 78' lang='grc' dir='ltr'>γάρ</span> 
     </span>
     <span class='ocr_line' id='line_1_46' title="bbox 169 4564 1450 4648; baseline 0 -29"><span class='ocrx_word' id='word_1_411' title='bbox 169 4570 257 4640; x_wconf 79' lang='grc' dir='ltr'><strong><em>πολλᾷ</em></strong></span> <span class='ocrx_word' id='word_1_412' title='bbox 277 4564 413 4620; x_wconf 83' lang='grc' dir='ltr'><strong><em>λέλεκται·</em></strong></span> <span class='ocrx_word' id='word_1_413' title='bbox 435 4566 551 4648; x_wconf 69' lang='lat' dir='ltr'>quinam</span> <span class='ocrx_word' id='word_1_414' title='bbox 568 4565 660 4621; x_wconf 90' lang='lat' dir='ltr'>multa</span> <span class='ocrx_word' id='word_1_415' title='bbox 677 4567 756 4621; x_wconf 84' lang='lat' dir='ltr'>vario</span> <span class='ocrx_word' id='word_1_416' title='bbox 775 4567 860 4621; x_wconf 91' lang='lat' dir='ltr'>modo</span> <span class='ocrx_word' id='word_1_417' title='bbox 880 4565 914 4620; x_wconf 90' lang='lat' dir='ltr'>de</span> <span class='ocrx_word' id='word_1_418' title='bbox 929 4565 1033 4635; x_wconf 81' lang='lat' dir='ltr'>Cinyra</span> <span class='ocrx_word' id='word_1_419' title='bbox 1051 4565 1175 4621; x_wconf 86' lang='lat' dir='ltr'>dixerint</span> <span class='ocrx_word' id='word_1_420' title='bbox 1193 4565 1340 4634; x_wconf 80' lang='lat' dir='ltr'>nescimus,</span> <span class='ocrx_word' id='word_1_421' title='bbox 1361 4583 1450 4634; x_wconf 90' lang='lat' dir='ltr'>neque</span> 
     </span>
     <span class='ocr_line' id='line_1_47' title="bbox 167 4637 1449 4708; baseline 0.001 -18"><span class='ocrx_word' id='word_1_422' title='bbox 167 4638 252 4703; x_wconf 83' lang='lat' dir='ltr'>hano,</span> <span class='ocrx_word' id='word_1_423' title='bbox 277 4638 326 4692; x_wconf 84' lang='lat' dir='ltr'>sed</span> <span class='ocrx_word' id='word_1_424' title='bbox 350 4654 496 4708; x_wconf 82' lang='lat' dir='ltr'>penuriam</span> <span class='ocrx_word' id='word_1_425' title='bbox 521 4638 679 4707; x_wconf 76' lang='lat' dir='ltr'>argumenti</span> <span class='ocrx_word' id='word_1_426' title='bbox 702 4655 798 4692; x_wconf 85' lang='lat' dir='ltr'>veram</span> <span class='ocrx_word' id='word_1_427' title='bbox 822 4654 952 4705; x_wconf 78' lang='lat' dir='ltr'>causam,</span> <span class='ocrx_word' id='word_1_428' title='bbox 976 4654 1025 4691; x_wconf 89' lang='lat' dir='ltr'>cur</span> <span class='ocrx_word' id='word_1_429' title='bbox 1048 4637 1204 4692; x_wconf 88' lang='lat' dir='ltr'>orationem</span> <span class='ocrx_word' id='word_1_430' title='bbox 1223 4637 1258 4691; x_wconf 92' lang='lat' dir='ltr'>de</span> <span class='ocrx_word' id='word_1_431' title='bbox 1277 4637 1381 4707; x_wconf 75' lang='lat' dir='ltr'>Cinyra</span> <span class='ocrx_word' id='word_1_432' title='bbox 1399 4637 1449 4691; x_wconf 87' lang='lat' dir='ltr'>ab·</span> 
     </span>
     <span class='ocr_line' id='line_1_48' title="bbox 167 4707 1449 4790; baseline 0.001 -30"><span class='ocrx_word' id='word_1_433' title='bbox 167 4712 317 4779; x_wconf 78' lang='lat' dir='ltr'>rumperet,</span> <span class='ocrx_word' id='word_1_434' title='bbox 338 4709 423 4763; x_wconf 84' lang='lat' dir='ltr'>fuisse</span> <span class='ocrx_word' id='word_1_435' title='bbox 443 4707 607 4762; x_wconf 83' lang='lat' dir='ltr'>crediderim</span> <span class='ocrx_word' id='word_1_436' title='bbox 625 4741 657 4749; x_wconf 92' lang='lat'><em>-</em></span> <span class='ocrx_word' id='word_1_437' title='bbox 675 4709 761 4777; x_wconf 82' lang='grc' dir='ltr'><strong><em>νεαρὰ</em></strong></span> <span class='ocrx_word' id='word_1_438' title='bbox 781 4708 944 4778; x_wconf 73' lang='grc' dir='ltr'><strong><em>ἐξευρόντα·</em></strong></span> <span class='ocrx_word' id='word_1_439' title='bbox 966 4709 1018 4763; x_wconf 88' lang='lat' dir='ltr'>hoe</span> <span class='ocrx_word' id='word_1_440' title='bbox 1037 4726 1070 4761; x_wconf 84' lang='lat' dir='ltr'>ex</span> <span class='ocrx_word' id='word_1_441' title='bbox 1089 4707 1150 4763; x_wconf 86' lang='lat' dir='ltr'>loco</span> <span class='ocrx_word' id='word_1_442' title='bbox 1170 4708 1366 4790; x_wconf 64' lang='lat' dir='ltr'>cognoscimus</span> <span class='ocrx_word' id='word_1_443' title='bbox 1385 4708 1449 4762; x_wconf 84' lang='lat' dir='ltr'>Pin-</span> 
     </span>
     <span class='ocr_line' id='line_1_49' title="bbox 167 4779 1452 4849; baseline -0.002 -16"><span class='ocrx_word' id='word_1_444' title='bbox 167 4781 228 4834; x_wconf 86' lang='lat' dir='ltr'>dari</span> <span class='ocrx_word' id='word_1_445' title='bbox 256 4797 361 4835; x_wconf 88' lang='lat' dir='ltr'>morem</span> <span class='ocrx_word' id='word_1_446' title='bbox 387 4780 497 4834; x_wconf 83' lang='lat' dir='ltr'>fabulas</span> <span class='ocrx_word' id='word_1_447' title='bbox 522 4779 702 4846; x_wconf 82' lang='lat' dir='ltr'>immutandi,</span> <span class='ocrx_word' id='word_1_448' title='bbox 727 4800 781 4849; x_wconf 83' lang='lat' dir='ltr'>quo</span> <span class='ocrx_word' id='word_1_449' title='bbox 806 4781 840 4833; x_wconf 90' lang='lat' dir='ltr'>‹le</span> <span class='ocrx_word' id='word_1_450' title='bbox 865 4781 900 4834; x_wconf 86' lang='lat' dir='ltr'>ad</span> <span class='ocrx_word' id='word_1_451' title='bbox 925 4781 955 4833; x_wconf 86' lang='lat' dir='ltr'>l&#39;.</span> <span class='ocrx_word' id='word_1_452' title='bbox 974 4799 1004 4832; x_wconf 89' lang='grc' dir='ltr'>ιιι</span> <span class='ocrx_word' id='word_1_453' title='bbox 1024 4796 1048 4834; x_wconf 78' lang='lat' dir='ltr'>ar</span> <span class='ocrx_word' id='word_1_454' title='bbox 1068 4779 1290 4849; x_wconf 80' lang='lat' dir='ltr'>disputavlmus‚</span> <span class='ocrx_word' id='word_1_455' title='bbox 1311 4779 1338 4832; x_wconf 89' lang='lat' dir='ltr'>in</span> <span class='ocrx_word' id='word_1_456' title='bbox 1359 4796 1452 4848; x_wconf 84' lang='lat' dir='ltr'>repre-</span> 
     </span>
     <span class='ocr_line' id='line_1_50' title="bbox 172 4849 1453 4921; baseline -0.002 -17"><span class='ocrx_word' id='word_1_457' title='bbox 172 4852 320 4906; x_wconf 85' lang='lat' dir='ltr'>hensiones</span> <span class='ocrx_word' id='word_1_458' title='bbox 339 4851 489 4906; x_wconf 86' lang='lat' dir='ltr'>acerrimas</span> <span class='ocrx_word' id='word_1_459' title='bbox 509 4850 657 4905; x_wconf 86' lang='lat' dir='ltr'>incurrisse</span> <span class='ocrx_word' id='word_1_460' title='bbox 672 4883 704 4892; x_wconf 91' lang='lat'>·—</span> <span class='ocrx_word' id='word_1_461' title='bbox 726 4859 767 4907; x_wconf 81' lang='lat'>21.</span> <span class='ocrx_word' id='word_1_462' title='bbox 788 4850 863 4915; x_wconf 80' lang='grc' dir='ltr'><strong><em>άπας</em></strong></span> <span class='ocrx_word' id='word_1_463' title='bbox 882 4849 1023 4914; x_wconf 84' lang='grc' dir='ltr'><strong><em>κίνδυνος·</em></strong></span> <span class='ocrx_word' id='word_1_464' title='bbox 1043 4869 1143 4921; x_wconf 88' lang='lat' dir='ltr'>purum</span> <span class='ocrx_word' id='word_1_465' title='bbox 1163 4854 1263 4920; x_wconf 89' lang='lat' dir='ltr'>putum</span> <span class='ocrx_word' id='word_1_466' title='bbox 1282 4850 1453 4920; x_wconf 80' lang='lat' dir='ltr'>periculuni;</span> 
     </span>
    </p>
   </div>
   <div class='ocr_carea' id='block_1_7' title="bbox 0 0 1713 5378">
    <p class='ocr_par' dir='ltr' id='par_1_14' title="bbox 0 0 1713 5378">
     <span class='ocr_line' id='line_1_51' title="bbox 0 0 1713 5378; baseline 0 0"><span class='ocrx_word' id='word_1_467' title='bbox 0 0 1713 5378; x_wconf 95' lang='lat' dir='ltr'> </span> 
     </span>
    </p>
   </div>
  </div>
 </body>
</html>
