3406 5378
709 375 867 424 ΟῘΝΜΡΙΛ
887 376 944 424 l'll.
1426 373 1462 434 ὁ]

193 541 305 598 latente
334 543 376 616 et,
407 559 475 598 cum
506 541 536 597 in
567 540 662 597 lucem
687 543 790 598 666666
813 544 903 616 66666,
934 540 996 598 Soli
1020 540 1074 599 deo
1098 541 1209 598 donata
1233 532 1377 621 (64-76).
1423 542 1470 598 Ad

193 632 377 704 postremum
409 629 508 687 varias
539 628 679 687 victorias
710 629 859 705 Diagorae
890 632 1022 687 recenset
1051 632 1082 687 et
1111 649 1164 704 pro
1194 630 1298 687 futura
1327 630 1470 687 felicitate

194 719 293 796 gentis
316 718 523 793 Eratidarum,
551 717 600 775 cui
624 717 683 775 iam
708 722 772 776 tum
796 718 928 794 pericula
951 736 969 775 a
992 718 1189 793 popularibus
1212 718 1394 775 factionibus
1418 718 1471 776 im·

194 807 378 883 pendebant,
408 807 459 882 pia
489 810 560 865 vota
589 807 663 864 facit
694 799 837 886 (rr—95).
868 839 911 848 —-
940 807 1068 884 Egregie
1099 806 1243 865 orationis
1274 811 1374 882 partes
1405 827 1473 864 cum

195 896 331 971 partibus
354 896 486 954 metricis
510 896 554 953 ita
577 900 666 971 poeta
687 895 885 971 concinnavit,
904 898 940 952 ut
959 895 1092 971 quinque
1117 896 1248 971 partium
1272 915 1472 972 unaquaeque

195 985 351 1044 triadicam
371 985 526 1060 periodum
545 985 684 1059 strophae
704 984 909 1060 antistrophae
928 985 1015 1060 epodi
1035 986 1243 1060 amplectatur,
1265 1004 1326 1060 qua
1349 985 1384 1042 de
1409 990 1473 1043 arte

196 1093 214 1132 a
237 1071 367 1132 Pindaro
390 1077 531 1149 proveeta
556 1077 655 1132 aetate
679 1075 798 1131 6666166
821 1074 887 1132 ride
912 1074 957 1132 ad.
975 1072 1009 1132 ll.
1025 1093 1087 1130 ιιιιι.

743 1210 788 1273 Da
812 1209 933 1274 matris.

288 1324 322 1380 In
351 1322 590 1398 splendidissimo
618 1322 673 1379 hoc
697 1323 828 1380 carmine
851 1341 870 1380 a
893 1321 1069 1398 vulgaribus
1093 1322 1195 1380 fonnis
1219 1323 1384 1381 carminum
1408 1323 1475 1382 dac-

198 1412 496 1488 tylo-epitriticorum
521 1415 677 1486 tantopere
704 1411 849 1468 Pindarus
872 1411 1005 1485 recessit,
1033 1414 1069 1468 ut
1092 1411 1240 1486 quomodo
1263 1430 1367 1471 versus
1392 1432 1475 1471 sean-

200 1501 287 1559 dendi
311 1504 341 1559 et
366 1501 481 1559 numeri
505 1500 643 1575 explendi
669 1499 729 1557 sint
752 1519 840 1575 saepe
864 1500 990 1558 dubites
1029 1500 1168 1574 inprimis
1187 1500 1242 1558 hoc
1261 1501 1411 1576 peculiare
1431 1504 1477 1559 est

197 1591 287 1648 buius
317 1589 470 1666 carminis,
500 1590 580 1664 quod
610 1608 697 1664 saepe
726 1608 777 1665 pes
806 1589 836 1645 in
867 1587 924 1646 fine
953 1589 1157 1664 praecedentis
1186 1608 1289 1648 versus
1319 1590 1476 1649 inchoatus

200 1679 229 1737 in
261 1679 407 1755 principio
438 1677 593 1754 sequentis
623 1696 726 1736 versus
756 1676 922 1753 perficitur,
953 1679 1036 1736 velut
1066 1681 1117 1738 str.
1141 1698 1187 1737 vv.
1211 1689 1227 1735 2
1251 1681 1281 1736 66
1305 1691 1334 1754 3,
1358 1692 1374 1737 3
1398 1684 1477 1754 664,

198 1778 213 1826 5
233 1773 307 1844 666,
327 1789 370 1844 ep.
390 1779 407 1826 4
427 1772 458 1827 66
477 1778 502 1843 6,
522 1770 584 1824 666
599 1778 623 1843 6,
643 1767 721 1824 unde
741 1766 839 1824 neseio
859 1785 896 1824 an
916 1766 1055 1841 strophae
1075 1784 1177 1824 versus
1192 1779 1271 1843 6-4,
1291 1779 1369 1843 6-6,
1388 1768 1475 1843 epodi

199 1875 301 1915 versus
325 1869 395 1914 4-6
419 1857 448 1915 in
474 1856 610 1933 singulas
634 1855 772 1931 periodos
795 1855 993 1931 coniungendi
1018 1856 1090 1931 sint,
1114 1860 1145 1912 66
1168 1856 1305 1914 versiculi
1330 1857 1476 1916 monocoli

199 1950 250 2004 str.
275 1958 290 2003 2
315 1949 345 2004 et
368 1965 413 2020 ep.
436 1958 466 2022 4,
490 1965 508 2003 6
533 1945 688 2003 maiestate
721 1945 764 2001 illi
794 1944 960 2002 carminum
991 1944 1354 2019 dactylo-epitriticorum
1386 1965 1477 2021 quam

200 2035 327 2093 maxime
352 2034 442 2091 alieni
471 2027 521 2114 (cf.
546 2034 696 2093 Censorio.
721 2034 756 2091 de
780 2052 855 2090 nius
879 2044 992 2109 16663,
1016 2045 1031 2090 3
1056 2034 1100 2090 ed.
1124 2027 1187 2113 K),
1215 2034 1347 2092 colorum
1375 2035 1477 2108 potius

200 2143 291 2199 quam
316 2142 456 2181 versuum
480 2123 575 2181 vicem
599 2123 762 2181 obtineant.
807 2123 892 2192 Quod
916 2125 1016 2180 autem
1042 2122 1070 2179 in
1096 2122 1152 2180 fine
1176 2123 1386 2198 plerorumque
1411 2143 1476 2180 ver-

199 2232 288 2271 suum
318 2212 513 2290 perexiguum
536 2214 655 2287 tempus
683 2230 795 2287 pausae
825 2214 913 2286 poeta
936 2210 1071 2287 reliquit,
1095 2211 1150 2269 hoc
1174 2230 1243 2269 cum
1266 2212 1422 2271 alacritate
1447 2216 1477 2269 et

200 2302 315 2360 fervore
340 2301 495 2359 modorum
518 2301 607 2358 huius
631 2301 771 2358 eamrirris
795 2301 941 2375 cohaeret,
965 2319 1041 2375 quae
1062 2299 1153 2357 etiam
1172 2301 1309 2358 anaerusi
1328 2300 1477 2376 bisyllaba

198 2391 286 2465 primi
312 2409 414 2448 versus
433 2393 463 2447 66
481 2389 650 2465 frequentia
669 2389 886 2465 dactylicorum
904 2389 1037 2447 colorum
1057 2407 1194 2464 expressa
1212 2394 1290 2447 sunt.
1331 2389 1475 2464 Dactylos

200 2480 278 2536 enim
302 2479 376 2536 adeo
399 2481 489 2553 poeta
511 2479 711 2554 praeoptavit,
734 2481 770 2535 ut
793 2481 897 2537 contra
916 2481 1044 2537 veterem
1064 2478 1309 2536 consuetudinem
1328 2472 1477 2554 dactylica

200 2568 339 2644 tripodia,
362 2587 419 2626 non
445 2567 508 2642 ellit
525 2567 594 2626 'tico
619 2586 707 2626 versu
733 2567 886 2642 stropham
913 2567 1064 2624 clauderet
1083 2559 1135 2646 (cf.
1155 2564 1188 2624 Ο.
1209 2585 1226 2622 ιι
1247 2570 1297 2625 str.
1318 2567 1350 2627 P.
1370 2586 1400 2623 ιιι
1422 2587 1477 2642 ep,

198 2657 233 2714 N.
254 2675 284 2713 ιιι
304 2659 354 2716 str.
375 2659 405 2713 et
423 2650 492 2737 ep).
519 2656 689 2715 Admodum
708 2676 777 2713 vero
805 2655 930 2713 dubium
953 2660 1006 2733 est,
1029 2658 1133 2712 utrum
1157 2654 1260 2714 finales
1284 2657 1360 2714 duae
1385 2657 1475 2730 sylla-

198 2745 252 2803 bae
282 2745 402 2804 secundi
431 2762 534 2803 versus
561 2746 648 2820 epodi
676 2745 746 2802 hnic
774 2744 873 2802 versui
901 2744 1104 2803 concedendae
1140 2763 1178 2802 an
1208 2745 1342 2820 proximo
1376 2745 1475 2804 versui

198 2834 404 2912 praefigendas
428 2834 501 2909 sint,
524 2833 671 2911 equidem,
695 2854 762 2892 cum
786 2833 914 2891 iambica
938 2833 1090 2892 anaerusis
1117 2852 1135 2891 a
1160 2834 1310 2911 gravitate
1335 2853 1476 2893 versuum

198 2923 551 3000 dactylo-epitriticorum
578 2923 750 2999 abhorreat,
779 2921 901 2999 Bergkii
925 2942 1016 2997 quam
1039 2922 1182 2980 Boeckhii
1204 2923 1374 3000 veterisque
1398 2924 1475 2981 colo·

199 3013 322 3071 metriae
346 3013 477 3071 rationes
500 3012 584 3087 sequi
608 3012 704 3071 satius
727 3011 811 3087 duxi,
840 3012 1016 3087 praesertim
1044 3031 1112 3069 cum
1140 3011 1232 3070 etiam
1260 3012 1475 3071 sententiarum

200 3101 395 3160 conformatio
420 3101 450 3159 in
469 3121 515 3160 vv.
532 3112 565 3158 33
585 3103 615 3159 66
634 3113 667 3158 oa
688 3100 796 3158 nostris
820 3100 987 3159 rationibus
1010 3102 1119 3159 faveat.
1165 3100 1302 3177 Denique
1327 3102 1361 3160 de
1385 3101 1476 3161 versi-

199 3190 255 3248 bus
274 3190 433 3267 acephalis,
448 3209 466 3248 a
481 3190 590 3265 quibus
609 3189 732 3265 stropha
751 3189 869 3247 orditur
887 3192 917 3247 66
935 3189 965 3247 in
985 3208 1060 3265 quos
1080 3189 1197 3267 desinit,
1212 3190 1313 3249 confer
1331 3190 1435 3250 0.er
1453 3204 1475 3248 1.

199 3279 252 3336 Ρ.ι
268 3299 312 3354 ep.
327 3290 352 3336 8.
368 3298 402 3335 111
417 3299 461 3355 ep.
477 3292 502 3336 6.
518 3297 548 3335 ιιι
565 3291 588 3336 1.
605 3299 650 3354 ep.
666 3291 690 3335 3.
705 3278 741 3335 N.
752 3296 772 3334 x
788 3290 800 3335 1
818 3280 849 3336 et
862 3277 928 3336 vide
943 3279 1021 3336 Prol.
1033 3297 1092 3338 ιιιιι.
1111 3297 1127 3334 ι,
1199 3278 1325 3338 Carmen
1339 3280 1394 3338 hoc
1409 3298 1477 3338 666-

200 3370 300 3425 tatum
324 3370 370 3427 666
392 3367 510 3444 publice
535 3386 553 3425 a
576 3367 726 3443 frequenti
749 3367 838 3425 choro
863 3366 941 3424 inter
959 3368 1063 3444 epulas
1083 3386 1101 3425 a
1119 3370 1207 3444 gente
1226 3368 1419 3427 llratidarum
1439 3369 1477 3426 ad

201 3457 408 3515 celebrandam
440 3456 597 3515 victoriam
627 3455 750 3534 gentilis
779 3455 929 3532 Diagorae
959 3457 1120 3515 adornatas
1147 3449 1189 3537 (v.
1214 3450 1277 3536 94),
1307 3457 1476 3516 consociato

200 3548 291 3604 cantu
316 3545 420 3603 fidium
444 3549 475 3604 et
502 3544 645 3603 tibiarum
675 3536 716 3626 (v.
742 3536 798 3626 1⁶2).
844 3545 1008 3603 Pindarum
1032 3545 1131 3620 ipsum
1153 3545 1291 3604 Rhodum
1315 3566 1382 3604 cum
1406 3547 1477 3604 Dia-

199 3654 273 3711 gora
296 3634 408 3693 victore
432 3634 556 3711 venisse,
579 3637 615 3692 ut
638 3634 761 3693 chorum
785 3634 904 3691 doceret
926 3637 957 3692 et
980 3634 1009 3691 in
1029 3634 1161 3692 canendo
1181 3635 1318 3711 praeiret,
1337 3654 1426 3694 versu
1445 3647 1476 3693 13

200 3723 402 3802 significatum
430 3741 492 3782 esse
521 3723 651 3798 videtum
680 3723 729 3782 sed
758 3742 827 3780 oum
855 3722 977 3780 verbum
1004 3720 1128 3800 πέμπων
1151 3743 1178 3783 v.
1202 3735 1217 3778 3
1241 3724 1272 3781 in
1296 3725 1476 3783 contrariam

200 3813 380 3871 sententiam
409 3813 488 3871 trahi
516 3813 611 3889 possit
639 3817 669 3871 et
696 3811 799 3870 eodem
828 3830 905 3868 anno
934 3811 1122 3887 Xenophonti
1151 3812 1305 3870 Corinthio
1338 3832 1477 3888 praesens

200 3901 348 3960 Pindarus
368 3901 525 3960 victoriam
544 3903 717 3980 gratulatus
736 3919 798 3958 esse
818 3892 1130 3980 6116666ι’(0.ιιιιι3“),
1153 3901 1226 3957 nihil
1248 3902 1320 3958 certi
1345 3905 1476 3960 statuere

200 3991 306 4065 ausim,
330 3991 387 4048 nisi
411 3991 491 4066 quod
521 3996 639 4067 poetam
668 3990 799 4047 insulam
828 3988 928 4063 ipsum
955 3989 1064 4047 vidisse
1093 3993 1123 4046 et
1145 3989 1279 4048 homines
1303 3991 1476 4068 cognovisse

200 4080 262 4139 veri
286 4080 472 4138 simillimum
496 4084 549 4139 cst.

1239 4167 1320 4247 Στρ.
1344 4162 1387 4228 α’.

416 4271 545 4335 Φιάλαν
568 4272 613 4347 ὡς
636 4277 669 4335 el
688 4294 737 4346 τις
761 4268 899 4353 ἀφνειᾶς
922 4267 985 4332 ἀπὸ
1010 4269 1117 4352 χειρὸς
1141 4266 1225 4333 ἑλὼν

414 4379 512 4443 ἔνδον
536 4378 682 4463 ἀμπέλου
706 4377 923 4460 καχλάζοισαν
947 4377 1057 4462 δρόσῳ

276 4552 355 4586 raam
375 4553 477 4589 666660.
516 4537 598 4590 16666.
635 4531 762 4607 Διαγόρᾳ
778 4530 874 4605 Ῥοδίῳ
892 4532 983 4603 πύκτῃ
1003 4534 1137 4598 ABCD,
1156 4536 1303 4603 praeterea
1323 4535 1431 4589 addunt
1450 4538 1476 4589 A

202 4603 253 4676 υἱῷ
277 4606 461 4675 Δαμαγήτου,
481 4608 575 4662 BDV
590 4608 641 4680 υἱῷ
662 4613 734 4676 Δαμ.
754 4603 898 4671 νικήσαντι
919 4604 971 4671 τὴν
991 4603 1040 4657 οθ’
1061 4606 1070 4671 (
1088 4604 1112 4668 ζ’
1134 4605 1221 4658 minio
1241 4607 1304 4660 add.
1326 4607 1421 4676 1))66.
1443 4639 1476 4645 --

212 4817 218 4821 ι
273 4767 462 4803 6066666666.
500 4770 524 4804 v.
547 4758 623 4803 l-—6.
647 4750 792 4821 praeclara
811 4745 984 4815 comparatio
1004 4746 1136 4800 carminis
1155 4764 1217 4800 cum
1237 4747 1336 4817 phiala
1354 4748 1412 4800 vini
1431 4748 1476 4816 (cf.

204 4822 234 4872 0.
246 4838 273 4871 rr
286 4822 323 4890 οι)
342 4821 453 4889 egregie
473 4822 590 4875 carmini
609 4822 740 4876 convenit
757 4821 785 4873 in
805 4817 933 4872 convivio
953 4818 1106 4883 cantando;
1126 4819 1159 4872 cl.
1177 4819 1209 4872 N.
1225 4838 1255 4870 ιιι
1270 4836 1304 4874 ιι.
1341 4819 1396 4872 Res
1416 4820 1478 4888 ipsa

1229 4908 1265 4959 4*
