3406 5378
730 379 956 431 rnrennnrn.
1420 368 1485 435 395

423 541 514 629 Πρὶν
537 540 598 627 μὲν
621 534 710 628 εἷρπε
734 538 956 626 σχοινοτένειά
979 536 1006 604 τ’
1036 537 1132 603 άοιδά
1157 534 1407 621 [διθυράμβων]

423 649 478 716 καὶ
501 652 538 715 τὸ
561 652 625 715 σὰν
647 652 808 733 κίβδαλον
832 647 1062 729 ἀνθρώποισιν
1086 643 1150 709 άπὸ
1173 642 1353 728 στομάτων.

483 1201 537 1269 σοὶ
559 1200 620 1287 μὲν
642 1205 816 1286 καταρχαί,

422 1321 523 1396 μᾶτερ
547 1310 686 1394 μεγάλα,
709 1309 799 1394 πάρα
822 1308 941 1392 ῥόμβοι
964 1306 1154 1390 κυμβάλων·

388 1416 460 1482 etv
483 1413 519 1481 δὲ
542 1416 717 1500 καχλάδων
740 1412 884 1500 κρόταλ,
909 1410 1071 1496 αἰθομένα
1095 1434 1128 1475 τε

424 1522 485 1600 δδις
506 1523 572 1588 ὑπὸ
596 1522 752 1600 ξανθαῖσι
775 1523 919 1597 πεύκαις.

823 1674 873 1729 80.

549 1842 682 1927 Κυβέλα
706 1853 805 1929 μᾶτερ
829 1849 929 1907 θεῶν.

638 2533 684 2601 Σὲ
709 2535 739 2600 δ’
766 2535 829 2618 ἐγὼ
853 2537 941 2621 παρά
964 2534 1022 2619 μὶν

426 2643 524 2708 αἰνέω
548 2643 623 2728 μέν,
648 2647 817 2728 Γηρυόνα,
840 2645 877 2708 τὸ
901 2640 937 2707 δὲ
961 2644 1004 2727 μὴ
1029 2640 1074 2706 At
1098 2645 1255 2725 φίλτερον
1313 2629 1318 2639 ’

426 2760 546 2837 σιγῷμι
569 2751 715 2835 πάμπαν.
738 2749 778 2815 οὐ
802 2751 864 2832 γάρ
888 2750 975 2826 εἰκὸς
998 2760 1065 2813 τῶν
1089 2747 1211 2813 ἐόντων

425 2856 658 2943 ἁρπαζομένων
681 2858 768 2942 παρά
790 2860 904 2944 άεστίᾳ
926 2862 1098 2940 καθῆσθαι

426 2962 481 3029 καὶ
504 2966 605 3028 κακὸν
630 2967 737 3048 ἔμμεν.

778 3095 818 3153 82
845 3084 923 3174 [50].

425 3240 497 3349 -Τάν
520 3285 663 3369 λιπαρὰν
685 3240 745 3368 μὲν
769 3290 957 3365 Αἱὶγυπτον
980 3282 1211 3368 άγχίκρημνον.

284 3476 326 3530 Fr.
347 3482 388 3532 79.
427 3477 518 3532 Strab.
538 3496 555 3530 ιι
575 3496 601 3547 p.
621 3494 672 3532 ree:
691 3479 834 3545 Πίνδαρος
853 3476 883 3531 ἐν
902 3481 939 3549 τῷ
960 3475 1135 3549 διθυράμβῳ,
1155 3472 1188 3531 οὗ
1203 3476 1220 3544 ἡ
1235 3475 1319 3546 ἀρχή·
1340 3476 1421 3543 πρὶν
1436 3519 1441 3529 .
1458 3519 1486 3529 ..

211 3547 449 3621 διθυράμβων,
469 3550 604 3617 μνησθεὶς
622 3557 677 3603 τῶν
695 3550 759 3617 περὶ
777 3549 826 3603 τὸν
841 3546 981 3603 Διόνυσον
1000 3547 1095 3617 ύμνων
1113 3557 1168 3602 τῶν
1182 3566 1211 3601 τε
1226 3552 1354 3601 παλαιῶν
1368 3547 1488 3600 καὶτῶν

212 3617 345 3745 {titt
359 3619 558 3745 βέλλὰζάῗὸ
577 3620 797 3747 'tt't’tttt‘t
811 3616 1487 3746 iiiiii'ni'itmpiiirifflfimffliimr{iiiii

458 3735 463 3746 .
534 3706 581 3745 me
705 3709 710 3722 '
780 3732 782 3737 -
922 3736 927 3745 .
1086 3736 1090 3745 .
1182 3735 1187 3745 .
1251 3723 1285 3730 -
1323 3733 1329 3744 .
1475 3721 1486 3729 ·

213 3780 276 3816 νεια
295 3762 393 3817 Athen.
414 3766 443 3816 et
465 3762 559 3818 Dion:
587 3760 776 3832 σχοινοτονίας
801 3710 949 3817 Strabi-
977 3710 1162 3835 διθυράμβων
1188 3761 1293 3829 Strab.,
1320 3710 1487 3832 Bettirnninfiro

212 3831 302 3898 Dion,
321 3850 374 3888 om.
390 3833 490 3888 Athen.
507 3836 625 3903 utroque
644 3835 705 3889 loco
723 3867 758 3874 —
778 3841 802 3888 8,
821 3836 954 3923 κλβδρλον
972 3833 1091 3902 requirit
1110 3833 1181 3887 Rthl
1200 3832 1270 3888 IGA.
1288 3848 1326 3887 ιοο
1348 3866 1378 3872 -
1400 3838 1424 3886 3,
1443 3833 1488 3885 τλν

211 3902 263 3974 μὲν
282 3902 470 3958 Wilamowitz
489 3905 583 3961 Herm.
604 3924 637 3975 ιι,
658 3924 694 3961 ιοι
714 3939 747 3947 -
766 3926 904 3975 καταρχαι
923 3905 992 3960 coni.
1013 3904 1154 3976 Scaliger:
1178 3903 1311 3974 κατάρχει
1330 3903 1419 3969 οοδδ.,
1438 3923 1486 3956 κα-

210 3973 325 4044 τάρχειν
343 3975 484 4029 Hermann
504 4009 537 4016 —
557 3983 581 4031 4.
602 3976 706 4047 μεγάλα
724 3976 803 4044 πάρα
822 3975 892 4031 coni.
912 3976 1036 4031 Boeekh:
1056 3975 1134 4045 πάρα
1154 3976 1271 4046 μεγάλαι
1289 3975 1344 4046 (vel
1362 3974 1486 4045 μεγάλοι)

212 4046 292 4101 codd.
313 4079 346 4086 —
365 4043 475 4173 ρὀἰμβμι
494 4048 575 4103 codd.
594 4081 628 4088 -
648 4056 671 4104 ὁ.
691 4050 839 4118 καχλάδων
858 4047 951 4103 codri:
971 4046 1117 4117 κεχλάδέιν
1136 4048 1284 4102 Hermann.

210 4189 225 4243 f
285 4116 328 4171 Fr.
348 4122 390 4171 80.
404 4189 431 4244 ,ἀ
450 4118 582 4244 μιΙοδειιι.
602 4122 665 4189 περὶ
685 4117 826 4191 εὐσεβείας
843 4138 869 4189 p.
886 4135 911 4173 ει
931 4118 1042 4189 Gomp.;
1063 4119 1188 4174 eiusdem
1208 4117 1381 4189 dithyrambi
1401 4122 1487 4186 atque

222 4207 243 4244 r.
260 4205 286 4243 ιιι
304 4205 364 4243 esse
383 4207 411 4243 τι
433 4207 503 4245 eur.

284 4260 326 4315 Fr.
347 4264 389 4317 81.
422 4261 537 4316 Arietid.
557 4281 577 4315 ιι
597 4279 621 4316 ιο
640 4261 735 4316 Dine:
755 4264 835 4316 δοκεῖ
851 4259 883 4315 δέ
901 4280 948 4331 μοι
967 4263 1014 4315 καλ
1033 4263 1185 4331 Πίνδαρος,
1206 4264 1235 4316 εἴ
1247 4282 1275 4316 τι
1293 4264 1337 4316 δεῖ
1354 4262 1418 4328 περὶ
1437 4270 1487 4315 τοῦ

210 4330 334 4405 ᾄσματος
357 4332 460 4399 εἰπεῖν,
484 4334 536 4387 οὐκ
561 4333 755 4403 εἰσηγούμενος
779 4332 843 4388 οὐδὲ
869 4334 1062 4405 συμβουλεύων
1078 4337 1194 4405 ,σπουδῇ
1214 4342 1302 4388 ταῦτα
1321 4330 1412 4402 λέγειν
1430 4342 1488 4396 τοῖς

209 4404 382 4472 ἀνθρώποις,
393 4403 453 4459 ἀλλ’
465 4406 582 4473 ὡσπερεὶ
593 4403 769 4476 σχετλιάζων·
784 4402 1012 4474 τεκμαίρομαι
1028 4404 1180 4474 ἔργοισιν
1191 4403 1371 4475 Ἡρακλέος
1381 4404 1425 4473 (ir.
1437 4410 1486 4464 ree)

210 4475 306 4539 αὐτοῖς
330 4477 451 4543 τούτοις,
471 4474 513 4530 ὅτι
532 4476 580 4530 καλ
600 4474 715 4544 ἑτέρωθι
738 4474 911 4547 μεμνημένος
929 4476 993 4543 περὶ
1012 4477 1105 4530 αὐτῶν
1124 4476 1154 4531 ἐν
1173 4476 1339 4601 διθυράμβῳ
1363 4493 1429 4529 τινι·
1456 4474 1485 4528 σὲ

210 4544 238 4601 δ’
257 4546 309 4617 ἐγὼ
328 4551 383 4601 κτλ.
403 4580 437 4588 -
458 4553 482 4603 1.
500 4546 570 4615 παρ’
591 4548 658 4618 ἁμῖν
671 4548 769 4617 vulgo3
789 4547 866 4613 παρὰ
885 4545 933 4617 μίν
951 4547 1040 4602 restit.
1054 4548 1197 4602 Hermann
1216 4566 1249 4603 ex
1269 4566 1298 4601 ει
1320 4547 1354 4602 ol.
1369 4546 1485 4602 Aristid.

209 4637 242 4672 m
255 4634 307 4673 409:
327 4616 356 4672 rt
371 4616 402 4672 δὲ
418 4613 439 4673 ὦ
455 4617 583 4689 Γηρυόνῃ
599 4619 703 4674 ἐπαινῶ
717 4620 795 4688 παρὰ
809 4619 896 4674 αὐτὸν
909 4619 959 4673 τὸν
975 4617 1113 4683 Ἡρακλέα
1128 4653 1153 4661 -
1176 4626 1200 4675 3.
1216 4619 1417 4689 ἁρπαζομένων
1431 4627 1486 4672 τῶν

210 4688 299 4743 ὄντων
314 4693 464 4759 καθῆσθαι
478 4689 548 4757 παρ’
562 4690 636 4745 ἑστία
650 4691 739 4759 codd,
753 4690 928 4761 transposuit
941 4689 1023 4745 metri
1038 4707 1124 4745 causa
1138 4691 1231 4762 Bergk
1241 4724 1275 4732 -
1287 4691 1371 4762 ἔμμεν
1380 4690 1484 4759 Bergk:

211 4756 286 4815 εἶναι
305 4760 394 4827 codd„
414 4760 529 4831 ἔμμεναι
548 4747 668 4816 Boeeirh.

282 4831 326 4887 Fr.
341 4836 384 4886 82.
411 4832 501 4887 Sehol.
517 4833 597 4887 Pind.
612 4834 641 4888 Ρ.
656 4853 675 4885 ιι
694 4832 790 4888 insen:
810 4836 857 4888 καὶ
872 4834 922 4902 τὴν
937 4833 1076 4904 Αἴγυπτον
1091 4834 1122 4889 ἐν
1136 4832 1343 4906 Διθυράμβοις·
1362 4831 1415 4886 τὰν
1430 4835 1485 4886 κτλ.
