3406 5378
282 291 325 355 81)
753 294 900 345 rrunsar
918 294 1084 345 seruiens.

281 472 306 522 6.
326 472 342 518 8
367 461 488 538 longam
512 460 682 520 anacrusim
705 460 917 537 praemiserim,
942 460 1015 519 satis
1039 460 1113 519 mihi
1136 463 1261 520 constat.
1299 462 1343 521 De
1370 462 1487 538 syllaba
1512 482 1564 521 an·

284 550 369 626 oipiti
391 550 503 608 initiali
527 551 665 626 strophae
689 568 831 609 versuum
855 549 956 624 quarti
980 554 1010 607 et
1033 550 1109 609 sexti
1131 550 1198 609 vide
1221 553 1282 610 not.
1303 551 1367 609 crit.
1392 552 1430 609 ad
1453 572 1498 611 vv.
1520 564 1563 612 rh.

283 650 327 699 48.
347 652 389 697 90.
436 639 608 699 Admodum
630 658 700 698 vero
725 638 816 697 dubia
838 638 991 714 percussio
1015 638 1103 714 spodi
1126 658 1268 699 versuum
1295 640 1384 715 primi
1408 644 1439 699 et
1462 642 1564 717 quarti

282 732 313 787 et
335 729 436 787 ultimi
461 732 521 806 est,
545 748 622 805 quae
647 727 840 787 difficultates
863 728 962 787 nescio
986 747 1025 785 an
1048 728 1144 786 minui
1166 729 1283 804 possint
1309 729 1443 789 versibus
1466 731 1564 806 primo

282 822 313 875 et
339 818 447 877 ultimo
476 818 507 876 in
536 818 621 877 binos
653 835 756 875 versus
789 817 932 877 diremtis.
978 818 1013 875 ln
1046 817 1135 892 primi
1167 836 1270 876 versus
1303 819 1398 878 altero
1432 819 1564 879 membro

281 906 440 966 dividendo
471 906 589 984 dubito,
619 910 724 965 utrum
754 906 792 964 ad
822 905 993 984 analogiam
1025 925 1166 965 versuum
1193 907 1346 983 Aristoph.
1370 909 1438 984 Lys.
1460 920 1508 967 781
1526 927 1564 966 ss.

283 995 360 1055 duae
391 996 505 1071 primae
534 997 642 1074 longae
673 996 805 1071 spatium
836 995 930 1055 totius
960 995 1099 1071 dipodiae
1127 997 1278 1073 expleant,
1305 1016 1343 1055 an
1367 998 1405 1055 ad
1428 1017 1565 1057 normam

283 1085 461 1145 ereticorum
493 1085 821 1162 brachycatalectorum
853 1084 956 1143 Plauti
989 1078 1030 1166 (v.
1055 1084 1155 1143 Christ
1186 1080 1287 1144 Metr.2
1309 1106 1337 1162 p.
1361 1081 1428 1168 408)
1460 1106 1566 1146 versus

286 1178 373 1233 exeat
396 1175 426 1233 in
450 1195 594 1251 paeonem
617 1178 648 1234 et
670 1175 799 1250 primam
821 1175 943 1252 longam
966 1174 1091 1233 alterius
1115 1175 1237 1250 paeonis
1261 1175 1375 1234 mutili:

628 1315 692 1362 υὲ-
753 1313 1003 1362 υυυινυ..-ἶ
1077 1354 1094 1361 -
1157 1315 1273 1363 ubu-

944 1472 1105 1521 .³.uw
1167 1500 1184 1521 a

373 1603 437 1661 lam
461 1602 487 1661 si
511 1623 569 1679 quo
594 1603 681 1661 modo
705 1605 736 1660 et
759 1603 824 1661 loco
843 1602 899 1660 hoc
917 1620 1036 1660 carmen
1055 1604 1210 1660 cantatum
1230 1602 1270 1661 sit
1289 1622 1424 1681 quaeras,
1443 1622 1563 1663 carmen

284 1690 476 1767 Olympicum
499 1692 689 1750 undecimum
713 1691 860 1749 antehoc
884 1709 1002 1750 carmen
1026 1691 1224 1767 compositum
1247 1710 1310 1751 esse
1338 1695 1468 1769 constat,
1499 1693 1561 1752 sive

282 1781 359 1839 illud
382 1783 418 1839 ut
437 1779 594 1857 Olympiae
619 1783 792 1839 cantaretur
810 1780 872 1838 sive
895 1783 931 1837 ut
952 1780 1008 1839 hoc
1027 1800 1145 1839 carmen
1165 1782 1358 1840 annuntiaret
1375 1782 1489 1841 factum
1508 1785 1562 1841 est.

283 1869 348 1929 Hoc
369 1870 465 1948 igitur
487 1890 605 1929 carmen
629 1870 660 1927 in
683 1869 772 1927 iustis
799 1868 934 1945 epiniciis
958 1888 976 1927 a
998 1869 1110 1928 victore
1133 1870 1240 1929 reduce
1263 1871 1411 1929 institutis
1434 1871 1465 1929 in
1489 1871 1562 1929 urbe

281 1960 445 2019 Locrorum
468 1958 748 2035 Epizephyriorum,
776 1958 903 2017 fortasse
927 1959 957 2016 in
981 1959 1065 2017 curia
1088 1959 1170 2017 urbis
1194 1952 1234 2040 (v.
1256 1972 1297 2019 11.
1318 1954 1376 2040 97),
1399 1958 1508 2018 fidibus
1532 1963 1563 2018 et

282 2047 364 2106 tibiis
388 2048 470 2108 chori
493 2049 558 2107 voci
583 2047 804 2107 succinentibus
828 2040 869 2128 (v.
885 2060 927 2108 93.
942 2040 991 2130 84)
1015 2051 1171 2106 cantatum
1194 2051 1252 2124 est3
1276 2068 1372 2125 neque
1391 2049 1562 2109 saltationis

281 2140 381 2197 motus
409 2136 538 2196 defuisse
566 2158 601 2196 ex
631 2137 730 2196 indole
758 2137 969 2213 paeonicorum
997 2157 1189 2196 numerorum
1219 2138 1393 2198 concludere
1422 2139 1561 2214 equidem

282 2227 387 2285 ausim.
434 2225 533 2285 Simili
560 2247 630 2286 vero
658 2226 745 2286 modo
769 2226 943 2304 Agesidami
971 2226 1100 2302 epinicia
1127 2226 1273 2285 adornata
1301 2227 1393 2286 fuisse
1421 2228 1563 2286 videntur

282 2319 372 2392 atque
396 2315 544 2393 Herculis,
568 2335 645 2392 quae
669 2319 758 2392 poeta
781 2315 916 2374 versibus
936 2327 1039 2374 ιιι-τι
1058 2315 1200 2391 depinxit.

445 2509 511 2571 Tov
532 2505 786 2590 Ὀλυμπιονίκαν
809 2505 982 2588 ἀνάγνωτέ
1001 2530 1057 2590 μοι
1250 2512 1331 2592 Στρ.
1356 2507 1399 2572 α’.

437 2612 674 2700 Ἀρχεστράτου
696 2615 815 2696 παῖδα,
838 2617 920 2678 πόθι
945 2615 1068 2698 φρενὸς

440 2720 520 2805 ἐμᾶς
542 2719 732 2805 γέγραπται.
778 2723 884 2803 γλυκὺ
907 2721 980 2805 γαρΙ
994 2721 1084 2807 αὐτῷ

492 2826 591 2911 μέλος
613 2827 759 2911 ὀφείλων
781 2824 963 2892 ἐπιλέλαθ’.

493 2931 519 2999 ὦ
544 2933 661 3015 Moles,
684 2934 767 3000 ἀλλὰ
790 2938 833 2999 σὺ
855 2932 910 2999 καλ
934 2934 1087 3018 θυγάτηρ

438 3040 592 3106 Ἀλάθεια
615 3045 713 3124 Διός,
737 3041 826 3129 ὀρθᾷ
848 3040 919 3127 χερὶ

378 3166 393 3211 s
440 3147 595 3233 ἐρύκετον
618 3147 769 3226 ψευδέων

439 3254 557 3321 ἐνιπὰν
579 3255 785 3334 ἀλιτοξένων.

438 3451 560 3518 ἕκαθεν
583 3454 646 3538 γὰρ
670 3453 821 3517 ἐπελθὼν
844 3452 862 3516 ὁ
885 3452 1016 3537 μέλλων
1039 3455 1158 3538 χρόνος
1244 3450 1329 3517 Ἀντ,
1353 3451 1399 3516 α’.

350 3702 431 3737 varus
450 3702 553 3739 τευτευ.
584 3683 667 3738 Inscr.
695 3680 865 3756 Ἀγησιδύμιμ
878 3686 978 3754 Λοκρῷ
991 3679 1176 3754 Ἐπιζεφυρλῳ
1190 3682 1249 3736 AB
1255 3682 1293 3750 D,
1308 3683 1455 3751 praetcrea
1468 3679 1561 3753 πύκτῃ

281 3755 362 3843 addit
380 3757 420 3824 A,
444 3757 527 3844 παιδὶ
544 3755 635 3827 πύκτῃ
655 3755 719 3809 add.
739 3756 776 3823 B,
797 3753 847 3823 'Ay
867 3760 934 3808 Λοκ.
951 3751 1212 3844 ἘπρἈρμειιτρύξω
1232 3751 1323 3842 κέλητι
1344 3752 1490 3841 νικήσαντι
1509 3751 1562 3821 τὴν

278 3828 317 3899 ssd
346 3826 506 3897 ύλυμπιαδα
523 3827 553 3882 F
564 3845 600 3882 m.
616 3844 669 3882 sec.
690 3858 723 3865 -
743 3824 847 3880 Sobel:
868 3822 976 3893 ἐνίκησε
996 3826 1027 3878 δε
1048 3844 1128 3887 ουτος
1147 3824 1162 3878 ὁ
1182 3827 1357 3895 λγησιὸαμος
1374 3844 1427 3893 την
1442 3822 1561 3896 ἑβδομη·

278 3897 763 4040 separareris
771 3894 960 4033 ἔθυον
975 3967 1110 4021 i
1203 3928 1235 3934 -
1264 3902 1288 3949 ²·
1468 3896 1496 3949 Α
1525 3926 1561 3934 -

351 4131 540 4166 consensum.
572 4118 691 4166 v.1-3.
712 4128 740 4165 se
756 4110 876 4164 oblitum
894 4112 979 4180 poeta
997 4108 1080 4181 fingit
1098 4108 1220 4163 muneris
1235 4109 1407 4179 Agesidamo
1421 4107 1560 4179 promissi,

282 4183 356 4237 unde
382 4183 454 4237 sorte
480 4185 625 4238 adstantes
649 4188 681 4237 ut
704 4200 733 4239 se
757 4180 1011 4236 commonefaciant
1034 4184 1098 4235 orat
1122 4212 1156 4220 -
1182 4187 1207 4235 2.
1234 4180 1398 4235 memoriam
1417 4183 1563 4250 comparat

279 4254 396 4308 tabulae
420 4254 522 4308 litteris
543 4254 708 4325 inscriptae;
732 4252 840 4307 scholia
858 4253 1007 4307 conferunt
1025 4269 1136 4306 versum
1155 4269 1188 4305 ex
1208 4251 1354 4322 Sophoclis
1374 4249 1560 4322 Triptolemo:

279 4324 331 4388 θὲς
349 4324 377 4380 δ’
400 4325 431 4380 ἐν
449 4327 553 4395 φρενὸς
572 4324 692 4381 δέλτοισι
709 4327 775 4388 τοὺς
794 4324 876 4395 ἐμοὺς
894 4322 999 4393 λόγους.
1028 4325 1087 4378 Iam
1107 4328 1173 4377 ante
1188 4323 1354 4393 Sophoclem
1369 4323 1457 4377 simili
1471 4324 1561 4377 meta-

279 4397 369 4466 phora
382 4415 449 4450 usus
464 4400 526 4451 erat
540 4398 694 4468 Aeschylus
708 4398 799 4452 Prom.
816 4413 863 4452 sss.
883 4395 978 4466 Suppl.
994 4412 1041 4450 ιτο.
1061 4395 1183 4465 Choeph.
1198 4412 1245 4450 iso.
1265 4395 1345 4449 Eum.
1360 4411 1399 4450 ars
1418 4426 1451 4434 —
1471 4394 1560 4469 ὀρθᾷ·

281 4465 377 4542 δικαίᾳ
397 4468 497 4536 schol.;
525 4470 574 4523 sed
591 4469 703 4557 proprie
723 4485 834 4538 quoque
852 4466 981 4538 intellegi
1004 4470 1099 4536 potest
1121 4484 1221 4521 manus
1241 4467 1277 4521 sd
1296 4467 1448 4520 arcendum
1466 4472 1561 4519 erecta

281 4571 316 4579 -
335 4544 359 4593 6.
378 4538 509 4609 ψευδέων
528 4541 629 4595 laenas
644 4539 820 4607 ἀλιτοξέκων,
839 4539 944 4594 crimen
962 4538 1111 4608 mendacii,
1131 4555 1186 4608 quo
1205 4538 1289 4592 iidem
1308 4537 1414 4608 hospiti
1434 4535 1561 4592 debitam

282 4611 409 4680 laeserit3
429 4611 559 4666 similiter
574 4613 626 4667 hoc
641 4631 742 4667 nomen
757 4612 907 4667 formatum
927 4612 971 4664 est
987 4614 1072 4678 atque
1087 4609 1264 4665 Homericum
1279 4606 1449 4678 ἀλιτόμηνον
1467 4607 1499 4663 11.
1514 4626 1561 4660 xxx

283 4700 328 4738 ιιι.
365 4683 568 4755 Agesidamum
591 4688 686 4739 autern
706 4682 787 4750 ξένον
806 4684 890 4752 pocta
909 4682 995 4751 licis,
1015 4683 1083 4750 quia
1101 4681 1248 4751 Olympiae
1268 4684 1303 4748 (v.
1320 4686 1368 4747 ιοο)
1387 4680 1447 4733 eius
1467 4679 1561 4749 hospi·

280 4757 394 4810 latitate
409 4774 476 4809 usus
491 4760 565 4824 erat3
585 4757 619 4811 cs.
637 4756 667 4811 ll.
683 4775 702 4808 ιι
718 4772 730 4809 c
745 4788 776 4795 -
794 4763 817 4810 i.
838 4752 942 4825 μέλλων
956 4753 1066 4824 χρόνος·
1087 4758 1197 4823 tenipus
1212 4753 1344 4807 remorari
1360 4752 1471 4821 dicitur,
1486 4750 1562 4820 quod
