3406 5378
601 393 647 443 ιν.
674 369 730 442 ου’
743 392 827 443 vm
845 393 1002 444 Ριαοκαι,
1372 391 1445 447 cvss

167 549 363 640 πυθομένῳ,
391 553 447 617 διὰ
475 556 509 617 τί
533 552 614 637 μέλη
643 554 783 638 γράφων
806 552 901 640 ᾄδειν
924 554 984 619 οὐκ
1008 553 1191 634 ἐπίσταται,
1219 553 1282 619 καὶ
1311 556 1381 642 γάρ
1410 557 1449 621 οί

168 657 363 743 ναυπηγοὶ
378 663 441 743 ἔφη
455 661 626 743 πηδάλια
644 670 853 738 ποιοῦντες
871 664 1068 747 κυβερνᾶν
1087 661 1159 725 οὐκ
1178 664 1318 727 οίδασι.
1349 672 1447 727 τοῦτο

168 766 209 832 δέ
238 789 308 844 πως
337 765 490 853 παρέοικε
521 768 604 852 πρὸς
631 768 668 832 τό
697 766 905 852 ἐρωτηθῆναι
931 767 992 852 μέν
1019 792 1094 832 τινα
1121 772 1299 853 σοφιστήν,
1332 771 1388 834 διὰ
1416 775 1450 834 τί

169 875 370 960 δημηγορεῖν
401 876 522 952 ἀλλους
554 875 637 959 πρὸς
668 876 768 958 όχλον
802 876 969 940 διδάσκων
999 876 1098 952 αὐτὸς
1125 876 1165 939 οὐ
1193 877 1332 941 δύναται
1360 877 1447 942 οὕτω
1559 952 1567 969 0

169 994 291 1061 ποιείν;
315 980 441 1046 ἐκεῖνον
463 977 500 1045 δὲ
524 981 687 1065 εὐστόχως
706 984 820 1066 εἰπεῖν,
844 983 889 1059 ὡς
910 980 973 1047 καὶ
992 981 1012 1065 ἡ
1032 982 1152 1066 ἀκόνη
1176 983 1369 1061 ὀξύνουσα
1393 986 1482 1059 είςσ

169 1090 291 1173 τομὴν
313 1088 357 1153 τά
380 1088 555 1172 σιδήρια,
579 1088 680 1172 ὅμως
703 1089 798 1173 αὐτῆ
822 1088 978 1173 τέμνειν
1001 1091 1045 1154 οὐ
1065 1091 1240 1155 δύναται.
1282 1091 1333 1155 ὅτι
1352 1086 1388 1155 δὲ
1407 1091 1447 1155 οὐ

170 1194 276 1272 δεξιὸς
298 1188 340 1277 ῆν
362 1195 462 1271 αὐτὸς
485 1193 580 1282 ᾅδειν
602 1196 620 1260 ὀ
645 1196 826 1281 Πίνδαρος,
849 1194 921 1260 ἀλλ’
941 1195 1107 1280 ὑποβολεά
1130 1188 1203 1262 οἷον
1227 1192 1313 1281 εἶχεν
1336 1196 1447 1283 ἕτερον

170 1310 230 1368 τοῦ
247 1302 409 1371 ,τοιούτου
438 1305 552 1388 ἔργον,
581 1303 720 1385 δηλώσει
750 1302 787 1368 έν
814 1295 863 1379 οἷς
890 1304 1050 1386 μνήσεταί
1074 1327 1166 1381 τινος
1189 1306 1327 1370 Αἰνείου
1353 1328 1447 1390 χορο-

170 1409 302 1493 στάτον,
325 1408 365 1475 ὀν
387 1406 443 1473 καὶ
466 1410 559 1474 δοκεῖ
579 1415 691 1493 φιλεῖν
714 1401 768 1474 οἷα
791 1408 1031 1493 ἐπικοσμοῦντα
1049 1412 1154 1498 οἰκείᾳ
1172 1410 1269 1497 τέχνη
1288 1412 1345 1487 τάς
1365 1417 1448 1477 Πιν-

149 1517 309 1601 -δαρικάς
331 1514 420 1605 ςόδάς
443 1516 488 1592 ἀις
510 1528 696 1602 κορυφαῖον
719 1525 821 1602 χοροῦ
845 1518 990 1601 ἀριστον.
1467 1536 1500 1584 10

259 1625 291 1688 εί
318 1618 354 1688 δὲ
381 1623 464 1687 κατὰ
490 1624 569 1698 τοὺς
596 1625 756 1700 παλαιοὺς
784 1626 955 1711 Πίνδαρος
982 1627 1046 1709 ἔφη
1073 1628 1152 1702 τοὺς
1179 1631 1448 1711 φιλοσοφοῦντας

172 1729 285 1815 ἀτελῆ
309 1734 452 1816 σοφίας
475 1729 635 1817 δρέπειν
658 1733 823 1815 καρπόν,
847 1731 930 1797 ἀλλά
952 1736 1050 1797 τοῦτό
1074 1756 1111 1815 γε
1134 1734 1181 1808 είς
1204 1735 1311 1815 ψόγον
1334 1733 1376 1798 ἀν
1394 1732 1448 1817 ε’μ-

169 1841 297 1923 πίπτοι,
329 1837 441 1915 ὁποῖος
473 1836 527 1902 καλ
559 1847 604 1926 τῷ
632 1848 765 1926 κωμικςό
792 1836 1060 1926 προστέτριπται,
1092 1840 1128 1916 ὅς
1155 1862 1219 1905 που
1247 1842 1327 1916 τοὺς
1353 1844 1448 1924 φιλο-

170 1948 298 2029 σόφους
320 1946 377 2009 διὰ
400 1947 437 2010 τό
461 1944 675 2030 ἀπράγμονας
697 1941 782 2011 εἶναι
806 1947 946 2011 σκώπτει
970 1946 1015 2023 ὡς
1038 1946 1169 2032 ἀργούς.

257 2054 422 2136 ποιήματα
446 2049 482 2116 δὲ
506 2054 612 2117 πολλά
635 2054 760 2139 γράψαι
784 2055 955 2139 Πίνδαρος
979 2052 1116 2136 λέγεται,
1140 2048 1265 2118 ὤνκαὶ
1289 2052 1449 2139 φέρονται
1469 2071 1501 2120 15

169 2160 231 2226 οὐκ
262 2160 372 2242 ὀλίγα,
405 2159 446 2224 οὐ
478 2162 544 2243 μὴν
576 2161 615 2224 τά
643 2160 750 2225 πάντα
778 2158 1096 2245 ὑπεμνηματισμένα.
1147 2158 1211 2225 είσλ
1239 2157 1274 2225 δὲ
1303 2170 1449 2244 παιᾶνες,

170 2268 390 2354 διθύραμβοι,
417 2267 595 2351 προσόδια,
623 2266 803 2351 παρθένια,
831 2269 871 2333 τά
898 2265 953 2332 καὶ
981 2268 1064 2333 αὐτὰ
1090 2267 1362 2351 μνημονευθέντα
1385 2269 1449 2354 πρὸ

169 2374 330 2461 βραχέων,
353 2374 579 2460 ὑπορχήματα,
603 2373 756 2459 ἐγκώμια,
780 2383 902 2462 θρῆνοι
921 2373 976 2439 καλ
995 2374 1160 2457 ε’πινίκιοι,
1183 2376 1264 2439 κατά
1283 2377 1344 2459 τὴν
1364 2377 1449 2439 ίστο-

168 2486 246 2567 ρίαν
273 2481 351 2547 ὡσεὶ
379 2486 647 2567 τετρακισχίλιοι,
676 2482 734 2557 οὓς
761 2480 816 2546 καὶ
844 2481 1012 2558 ε’πινίκους
1039 2481 1308 2565 τετρασυλλάβως
1336 2485 1450 2566 φασίν,

169 2592 204 2655 οἳ
225 2588 280 2654 καλ
303 2588 516 2673 περιάγονται
540 2589 686 2673 μάλιστα
705 2589 761 2653 διά
785 2589 821 2653 τὸ
846 2589 1130 2674 ἀνθρωπικότεροι
1154 2584 1239 2654 εἷναι
1262 2586 1318 2653 καλ
1341 2589 1449 2671 ὀλιγδ-
1468 2606 1503 2656 20

169 2704 274 2782 μυθοι
302 2695 355 2762 καλ
384 2693 467 2781 μηδὲ
496 2697 585 2762 πάνυ
613 2699 700 2780 ἔχειν
727 2695 864 2780 ἀσαφῶς
892 2694 974 2759 κατά
1002 2719 1037 2778 γε
1065 2697 1105 2760 τὰ
1132 2697 1224 2761 ἀλλα.
1275 2697 1306 2760 εί
1332 2692 1368 2760 δὲ
1395 2694 1451 2761 καλ

168 2804 268 2889 ὕμνοι
296 2802 448 2888 λέγονται
475 2805 510 2869 οί
535 2804 645 2886 αὐτοί,
672 2804 754 2866 ἀλλο
782 2802 863 2866 αὐτὸ
888 2804 1123 2887 παραχρήσεως
1146 2797 1235 2879 εἶδος
1258 2800 1341 2884 ἐστί,
1370 2800 1448 2867 καθ’

168 2911 211 2995 ῆν
233 2909 288 2975 καλ
311 2912 348 2975 τὸ
371 2910 550 2994 ὑμνεῖσθαι
575 2910 841 2995 ἀντιφραστικῶς
864 2929 929 2972 που
954 2906 1006 2974 ἐπὶ
1030 2911 1137 2991 ψόγον
1161 2907 1269 2992 ἐτίθη,
1293 2909 1337 2986 ὡς
1356 2910 1453 2993 δηλοῖ

169 3015 223 3084 καὶ
247 3021 297 3084 τό·
317 3016 487 3101 ’Τμνεῑθ
508 3016 569 3082 ὑπ’
592 3016 722 3082 ἀστῶν
745 3018 950 3102 φροιμίοις
972 3007 1250 3102 πολυρρόθοις.

258 3127 362 3219 δῆλον
389 3121 425 3189 δὲ
454 3124 498 3200 ὡς
526 3127 563 3189 αί
590 3124 745 3189 ἐπινίκιοι
773 3121 857 3211 ρόδαλ
880 3132 940 3187 τοῦ
964 3123 1140 3208 Πινδάρου
1162 3121 1218 3188 καὶ
1241 3125 1328 3207 είδη,
1356 3148 1451 3189 τοντ-
1469 3142 1504 3191 25

171 3231 261 3299 ἐστιν
293 3229 393 3314 ίδέαι,
425 3231 523 3317 χάριν
555 3233 753 3314 σεμνότητος
780 3230 1010 3314 ὀνομάζονται,
1043 3231 1122 3315 ὅπερ
1150 3228 1378 3316 ὑποκορισθόν
1406 3234 1453 3309 είς

171 3341 320 3405 είδύλλια
352 3337 517 3422 ἐπιγραφὴ
547 3337 661 3421 γέγονε
689 3349 760 3414 τοῖς
789 3340 968 3422 Θεοκρίτου
996 3339 1163 3422 ποιήμασι.
1213 3340 1389 3422 μελοποιὸς
1416 3335 1452 3404 δὲ

171 3446 219 3512 ὢν
246 3445 279 3522 ές
306 3446 343 3510 τὸ
370 3448 520 3533 καθόλου
549 3444 566 3511 ὁ
591 3446 763 3531 Πίνδαρος
790 3456 1036 3532 παρανομεῖται
1064 3447 1147 3530 πρὸς
1169 3443 1268 3530 μέρος
1290 3456 1452 3530 μουσικοῦ

171 3552 316 3639 ὀργάνου
344 3555 478 3637 λυρικός
501 3554 718 3637 καλούμενος,
746 3552 836 3617 καθά
859 3576 909 3628 τις
931 3550 1041 3638 ἕτερος
1063 3552 1254 3639 κιθαρῳδὸς
1276 3550 1331 3617 καὶ
1355 3554 1454 3630 ἀλλος

172 3659 235 3727 ἀπὸ
262 3660 413 3745 φάλτρου
441 3660 623 3748 ψαλτῳδός.
670 3660 731 3724 οὐκ
759 3658 791 3737 ἐξ
820 3656 965 3742 ἀνάγκης
992 3658 1032 3723 δέ
1052 3683 1087 3741 γε
1111 3660 1194 3744 πρὸς
1217 3660 1323 3745 λύραν
1346 3663 1452 3743 μόνην
1470 3678 1505 3727 30

57 3822 60 3827 .
172 3766 340 3855 ἐμελῴδει,
368 3765 440 3832 ἀλλ’
466 3767 547 3833 αὐτὸ
575 3763 636 3852 μὲν
664 3764 797 3849 έπελέγη
825 3769 908 3850 πρός
934 3790 965 3830 τι
995 3764 1159 3851 ἐξαίρετον
1187 3768 1234 3842 είς
1261 3770 1379 3849 κλῆσιν
1407 3777 1452 3854 τῷ

171 3885 298 3961 ποιητῆ.
345 3875 540 3958 σεμνύνεται
569 3875 631 3959 γάρ
659 3878 795 3950 πολλοῖς
822 3871 877 3936 καὶ
903 3878 1075 3956 πολλαχῶς
1102 3873 1122 3956 ἡ
1151 3874 1244 3957 λύρα.
1291 3872 1309 3937 ὁ
1338 3869 1373 3937 δὲ
1398 3872 1453 3937 καλ

172 3979 294 4067 ἑτέροις
318 3980 475 4066 ὀργάνοις
497 3979 590 4068 ᾅδων
614 3980 741 4067 ἐχρᾶτο,
767 3981 856 4045 καθά
875 3980 974 4063 δηλοῖ
989 3976 1044 4044 καὶ
1062 3981 1099 4044 τὸ
1120 3979 1453 4065 ἀναξιφόρμιγγες

172 4089 290 4174 ὕμνοι
313 4087 368 4153 καὶ
392 4085 472 4171 ἑξῆς.
514 4089 545 4152 εί
562 4085 593 4151 δ’
612 4093 692 4164 ἴσως
709 4086 832 4152 ταύτόν
850 4111 882 4151 τι
901 4085 1044 4173 φόρμιγξ
1063 4085 1118 4152 καὶ
1138 4088 1233 4173 λύρα,
1257 4085 1330 4152 οὐδ’
1348 4086 1453 4163 οὕτως

173 4196 261 4286 αὐτῷ
290 4199 394 4281 μόνον
417 4196 454 4260 τό
478 4204 535 4279 τῆς
558 4195 661 4280 λύρας
684 4204 792 4279 χρῆμα
815 4196 897 4280 πρὸς
921 4195 1009 4259 ἴδιόν
1031 4218 1063 4258 τι
1085 4194 1360 4280 ἀποκεκλήρωται.
1408 4194 1452 4271 ὡς
1472 4213 1505 4262 ³5

172 4298 210 4368 δὲ
238 4305 321 4388 λύρα
349 4308 475 4388 είρηται
503 4301 523 4385 ἢ
552 4303 640 4388 παρὰ
667 4303 705 4366 τὸ
735 4303 827 4367 λύειν
855 4300 951 4386 ἀράς,
979 4293 1029 4378 οἷς
1051 4303 1135 4385 πρὸς
1157 4303 1284 4387 ἡδονὴν
1308 4299 1453 4384 γλυκέως

173 4410 376 4496 ἀρμόττεται,
395 4409 415 4493 ἢ
433 4410 522 4495 παρὰ
541 4411 578 4475 τὸ
597 4417 749 4493 μυθικῶς
768 4412 815 4486 είς
833 4410 955 4493 λύτρον
974 4411 1255 4495 καταλλακτῆριον
1273 4408 1452 4496 εὑρεθῆναι

262 4644 287 4692 3.
311 4638 447 4708 σοφιστήν
466 4638 483 4692 i.
500 4655 522 4690 ο.
543 4637 707 4704 Isocratem
731 4638 765 4693 cf.
785 4637 858 4692 Plut.
880 4637 928 4691 vit..
944 4655 961 4689 x
980 4654 1018 4691 or.
1049 4658 1064 4690 ι.
1081 4644 1146 4690 838Ιὲ
1171 4670 1203 4677 -
1227 4646 1294 4706 ὅση.
1321 4637 1351 4691 (λ.
1366 4658 1394 4692 v1
1409 4644 1450 4692 88.

172 4730 214 4774 τις
227 4710 289 4766 cod.
310 4743 341 4750 -
363 4716 403 4763 13.
420 4709 561 4779 Aristoph.
576 4709 649 4764 Nub.
666 4716 725 4764 334.
747 4743 779 4751 —
800 4716 841 4765 18.
857 4704 983 4775 ἱστορίαν
998 4656 1071 4765 οοό.;
1087 4706 1280 4779 στιχομετρίαν
1294 4726 1362 4763 corr.
1378 4709 1452 4776 Βίας

173 4782 209 4838 τί,
233 4799 317 4852 supra
340 4801 367 4853 p.
387 4782 450 4848 XV3
475 4779 544 4850 μετὰ
566 4790 621 4835 τῶν
645 4780 772 4850 ἱστοριῶν
795 4781 866 4836 coni.
891 4778 999 4834 Vitelli.
1029 4811 1060 4821 -
1091 4787 1132 4833 22.
1158 4779 1218 4834 ἀλλ’
1240 4780 1309 4833 αὐτὸ
1333 4782 1393 4835 cod.
1418 4810 1452 4820 -

174 4859 216 4908 24.
235 4854 333 4907 Aench.
349 4855 424 4923 Sept.
441 4861 464 4907 6.
485 4884 518 4892 -
538 4858 580 4905 33.
601 4852 631 4907 Ο.
647 4872 667 4905 11
684 4860 707 4906 1.
1425 4883 1430 4891 ·
1447 4884 1451 4891 ·
