3406 5378
797 349 1076 402 PROLEGOMENA.

800 582 854 646 De
878 581 1069 666 epiniciis.

386 724 624 790 Certaminibus
648 724 750 789 finitis
774 730 915 789 rectores
939 724 1089 789 ludorum
1108 724 1175 789 sive
1194 725 1412 810 agonothetae
1430 723 1576 808 praemia

297 834 513 898 decernebant
537 836 570 896 et
593 831 754 896 victorum
777 832 910 897 nomina
932 832 1178 915 renuntiabant3
1201 853 1266 914 qua
1283 831 1318 895 in
1336 829 1577 896 renuntiatione

296 962 412 1026 praeco
440 939 536 1003 simul
564 937 696 1002 nomina
722 937 825 1023 patris
855 938 987 1003 victoris
1010 944 1043 1003 ct
1066 937 1191 1023 patriae
1214 938 1451 1022 proclamabat,
1479 958 1575 1021 quem

296 1069 420 1111 morem
443 1044 590 1110 imitatus
615 1042 792 1128 Sophocles
815 1044 865 1108 El.
887 1046 951 1109 8⁶23
962 1067 1002 1109 ss.
1027 1045 1066 1109 de
1090 1044 1204 1109 Oreste
1229 1043 1308 1109 dicit

510 1202 654 1289 ὠλβίζετ’
674 1202 819 1286 Ἀργεῖος
842 1201 903 1288 μὲν
925 1204 1206 1289 ἀνακαλούμενος,

511 1314 614 1396 ὄνομα
638 1310 669 1375 d'
692 1309 841 1395 Ὀρέστης
864 1320 924 1376 τοῦ
948 1312 984 1376 τὸ
1008 1314 1140 1377 κλεινὸν
1159 1310 1315 1388 Ἑλλάδος

508 1417 747 1503 Ἀγαμέμνονος
770 1417 945 1503 στράτευμ’
967 1418 1160 1504 ἀγείραντός
1182 1441 1268 1484 ποτε.

387 1596 498 1661 Patria
521 1619 601 1680 quae
625 1595 874 1681 renuntiaretur,
897 1596 1032 1661 arbitrio
1057 1597 1190 1662 victoris
1211 1597 1476 1684 permittebatur,
1498 1620 1577 1662 non·

297 1726 474 1788 numquam
501 1704 587 1767 enim
609 1703 732 1768 factum
756 1710 819 1790 est,
847 1710 883 1769 ut
906 1705 1011 1769 victor
1033 1727 1100 1770 non
1123 1728 1207 1788 eam,
1234 1705 1268 1768 in
1292 1727 1356 1789 qua
1378 1709 1475 1770 natus
1498 1710 1578 1789 erat,

298 1812 410 1876 urbem
439 1811 494 1875 sed
522 1810 634 1893 aliam,
660 1810 694 1873 iu
719 1833 814 1893 quarn
839 1811 1036 1896 migraverat
1059 1816 1116 1875 aut
1139 1811 1230 1875 cuius
1254 1810 1418 1875 beneficiis
1443 1816 1576 1876 ornatus

298 1923 377 2003 erat,
399 1916 577 1982 renuntiari
601 1917 705 1982 vellet.
749 1916 802 1982 Sic
825 1916 936 2003 Hiero,
958 1940 1013 1982 rex
1038 1915 1279 2003 Syracusarum,
1301 1918 1336 1982 in
1354 1916 1492 2003 Pythica
1514 1918 1577 1983 vic-

300 2025 386 2090 toria
409 2022 527 2107 curuli,
550 2045 647 2107 quam
670 2022 829 2089 Pindarus
853 2025 994 2089 carmine
1017 2024 1051 2087 P.
1071 2044 1081 2087 1
1105 2025 1280 2109 insigniter
1301 2025 1489 2108 illustravit,
1510 2047 1576 2090 non

300 2130 548 2217 Syracusanum,
571 2132 627 2195 sed
645 2131 826 2195 Aetnaeum
851 2131 1064 2197 inhonorem
1089 2132 1178 2197 urbis
1202 2155 1304 2218 nuper
1328 2156 1347 2196 a
1371 2154 1405 2196 se
1429 2131 1577 2197 conditae

299 2237 477 2303 renuntiari
501 2260 535 2302 sc
558 2238 663 2302 iussit.
700 2238 871 2302 Praeterea
894 2239 1002 2303 nescio
1026 2261 1066 2302 an
1090 2238 1123 2303 in
1148 2239 1379 2304 certaminibus
1403 2260 1578 2324 puerorum

299 2346 396 2411 etiam
421 2346 539 2430 aliptae
563 2345 630 2411 sive
654 2345 804 2432 magistri
828 2367 945 2409 nomen
968 2346 1187 2411 renuntiatum
1214 2347 1271 2431 sit,
1294 2345 1415 2410 talibus
1438 2345 1577 2410 enimin

299 2452 495 2518 carminibus
518 2453 605 2517 laudi
628 2453 720 2538 pueri
744 2452 877 2518 victoris
902 2453 1028 2516 laudem
1050 2453 1200 2539 magistri
1220 2458 1348 2517 tantum
1368 2474 1434 2516 non
1452 2473 1578 2536 semper

300 2558 458 2624 Pindarus
486 2565 583 2644 poeta
612 2559 766 2624 adiunxit.
815 2559 1067 2624 Renuntiatione
1091 2561 1178 2625 facta
1201 2583 1284 2624 unus
1308 2583 1346 2624 ex
1370 2558 1578 2646 agonothetis

299 2665 431 2731 victoris
465 2672 612 2751 tempora
644 2688 763 2731 corona
795 2666 896 2732 cinxit
925 2664 974 2751 (Ο.
1001 2684 1037 2729 111
1063 2666 1127 2739 12).
1178 2666 1413 2730 Renuntiatum
1441 2688 1517 2730 vcro
1545 2670 1579 2730 et

299 2778 488 2838 coronatum
516 2774 673 2839 rictorem
702 2772 798 2837 amici
826 2778 859 2837 et
887 2772 1013 2837 sodales
1041 2773 1182 2857 undiquc
1211 2773 1523 2859 congratulabantur
1545 2777 1579 2836 et

300 2880 439 2967 insignis
463 2880 489 2944 si
514 2879 651 2944 victoria
673 2879 750 2963 fuit,
773 2879 908 2944 floribus
931 2879 1083 2963 foliisque
1108 2880 1325 2945 cumulabant.
1333 2878 1357 2965 ¹)

389 2986 531 3051 Nomina
554 2986 728 3069 victorum,
757 2990 794 3050 ut
816 3008 856 3050 ne
880 2986 1036 3052 memoria
1060 3008 1171 3051 eorum
1195 2986 1452 3071 oblitteraretur,
1474 2986 1579 3071 cippis

299 3094 434 3178 lapideis
458 3093 508 3157 vel
532 3092 654 3157 chartis
678 3092 874 3157 membranis
898 3092 1166 3158 inscribebantur.
1207 3093 1364 3157 Pindarus
1388 3093 1457 3178 ipsa
1479 3090 1515 3157 Ο.
1531 3110 1580 3155 vn

301 3202 342 3265 86
366 3199 511 3285 lapideae
535 3199 703 3265 columnae
728 3199 925 3264 mentionem
949 3201 1035 3283 t'ecit,
1061 3223 1142 3284 quae
1166 3199 1406 3285 Megarensium
1429 3199 1580 3264 ludorum

299 3306 453 3372 victorias
478 3307 748 3392 agonothetarum
772 3307 936 3392 suffragiis
960 3307 1100 3372 sancitas
1124 3307 1320 3372 continebat.
1362 3306 1481 3371 Totum
1504 3327 1580 3369 vero

300 3436 428 3480 carmen
461 3413 634 3499 epinicium
663 3413 698 3476 Ο.
723 3430 770 3475 vn
799 3413 833 3477 in
861 3414 1017 3479 honorem
1044 3414 1207 3499 Diagorae
1234 3413 1368 3477 uictoris
1395 3413 1429 3477 in
1457 3412 1580 3497 templo

301 3520 433 3585 Lindiae
457 3520 621 3585 Minervae
649 3520 755 3585 aureis
778 3519 898 3585 litteris
922 3521 1090 3585 columnae
1112 3521 1310 3605 insculptum
1334 3542 1404 3585 esse
1427 3542 1465 3584 ex
1489 3519 1581 3585 scho-

301 3628 353 3692 liis
386 3651 415 3712 p.
441 3630 504 3692 159
533 3627 758 3712 comperimus.
811 3626 980 3692 Praeterea
1008 3627 1140 3692 basibus
1169 3631 1350 3692 statuarum
1380 3626 1581 3710 aliorumque

300 3740 584 3801 monumentorum
608 3736 648 3799 ad
667 3734 855 3799 memoriam
877 3734 1031 3799 victoriae
1049 3735 1292 3819 propagandam
1311 3739 1498 3799 exactorum
1517 3732 1582 3817 epi·

300 3848 482 3931 grammata
509 3842 642 3907 inscribi
671 3842 834 3925 solebant,
865 3842 982 3926 quibus
1011 3842 1199 3926 plerumque
1228 3865 1293 3905 nou
1321 3864 1387 3905 una
1415 3840 1584 3924 quaedam,

300 3952 353 4016 sed
383 3972 495 4015 omnes
523 3972 605 4035 quae
634 3950 674 4013 ab
704 3949 759 4012 illo
787 3952 972 4031 reportatae
1000 3953 1092 4013 erant
1119 3949 1275 4015 victoriae
1299 3948 1581 4013 enumerabantur.

300 4058 392 4121 Talia
416 4058 652 4143 epigrammata
675 4054 776 4120 multa
802 4059 941 4118 aetatem
967 4055 1121 4139 tulenmt,
1144 4056 1232 4120 velut
1255 4055 1341 4139 quod
1363 4054 1399 4118 in
1421 4054 1580 4119 honorem

301 4164 453 4229 Hieronis
482 4166 603 4228 factum
633 4164 672 4227 ad
696 4161 762 4226 0.1
787 4184 852 4247 arg.
876 4161 1118 4245 exscripsimus,
1147 4170 1179 4227 et
1207 4162 1451 4227 celeberrimum
1476 4159 1580 4225 Simo-

300 4270 384 4334 nidis
408 4270 553 4335 rlP.xr11
578 4271 632 4351 ro,
656 4270 741 4353 quod
766 4291 839 4332 cum
862 4266 993 4332 Pindari
1018 4269 1229 4353 epiniciorum
1253 4270 1280 4333 ei
1306 4268 1406 4353 parti,
1429 4289 1493 4351 qua
1516 4266 1581 4331 uic·

300 4377 401 4441 torias
425 4399 537 4441 omnes
562 4377 692 4441 victoris
712 4398 878 4440 recensere
897 4375 989 4459 solet,
1014 4375 1214 4439 simillimum
1235 4376 1289 4458 sit,
1310 4375 1463 4440 hocloco
1482 4394 1582 4458 appo·

302 4506 375 4548 nere
398 4483 500 4548 iuvat:

322 4638 345 4645 —-
354 4638 444 4645 --—-—-
456 4638 514 4644 —-·-

391 4737 417 4793 1)
440 4729 511 4783 Vide
535 4730 564 4783 P.
583 4748 611 4781 rx
631 4734 689 4782 124.
719 4748 746 4781 ιν
760 4734 820 4783 240.
854 4727 1243 4783 Callimachllecal.12-4.
1277 4728 1350 4782 l'lut.
1370 4728 1479 4795 qrraost.
1499 4742 1580 4779 conr.

301 4822 350 4857 ναι
365 4810 389 4857 l.
422 4801 504 4855 Paus.
520 4819 547 4853 vr
562 4806 586 4869 7,
601 4808 625 4855 3.
658 4800 836 4855 Eratosthen.
853 4799 882 4853 in
896 4799 982 4855 schol.
998 4800 1061 4854 llur.
1077 4800 1143 4855 llec.
1159 4805 1217 4853 574.
