3406 5378
830 110 1055 167 FRAGMENTA.
1516 108 1582 174 433

304 276 569 360 ἀποφθεγξάμενος
598 278 641 352 εἰς
670 275 762 361 ἀρχὴν
791 278 893 359 ἔτρεψε
923 277 977 359 την
1011 279 1151 358 νύμφην,
1182 278 1252 340 ὥστε
1279 284 1461 360 πηρωθῆναι
1484 278 1583 341 αύτόν.

304 367 355 431 καλ
376 369 529 447 Πίνδαρος
553 366 585 429 δέ
606 387 682 448 φησι
704 368 769 451 περὶ
792 371 933 449 Νυμφῶν
956 370 1139 448 ποιούμενος
1163 367 1215 430 τόν
1238 367 1339 450 λόγον·
1368 367 1584 451 ἰσοδένδρου

304 456 434 540 τέκμαρ
457 457 587 531 αἰῶνος
610 462 780 539 λαχοῦσαι
804 451 853 540 (fr.
876 453 949 542 166).
974 459 1095 519 Similia
1114 459 1228 519 tradita
1246 459 1368 519 suntin
1386 459 1462 519 libro
1482 460 1585 536 spurio

305 548 385 610 Plut.
409 552 522 625 quaest.
546 551 607 608 nat.
627 560 669 625 οο,
694 569 753 625 quo
777 549 842 608 loco
866 549 970 608 fabula
989 549 1025 608 de
1045 549 1165 608 Rhoeco
1186 555 1217 608 et
1236 549 1355 608 melissa
1373 548 1440 625 ipsa
1459 548 1496 607 ad
1515 548 1585 607 Pin·

304 638 410 697 darum
433 639 529 697 relata
552 641 613 716 est,
636 657 744 714 pamm
765 638 842 697 illud
864 637 1072 714 probabiliter.
1119 638 1243 698 Pindari
1267 638 1346 698 enim
1368 638 1464 715 ipsius
1489 639 1586 697 solum

308 729 344 787 fr.
370 738 420 786 165
444 745 507 786 esse
530 725 672 804 videtur]¹

854 819 915 877 253
940 811 1044 896 [140].

398 923 544 1000 Harpocr.
566 943 595 984 v.
619 921 811 1003 αὐτόχθονες·
836 919 932 985 ...δ
956 920 987 984 δὲ
1006 923 1160 1005 Πίνδαρος
1186 921 1237 984 καί
1260 919 1276 983 δ
1299 920 1354 1002 τὴν
1377 923 1513 984 Δαναΐδα
1534 944 1587 984 πε-

310 1011 443 1091 ποιηκώς
467 1028 559 1089 φασιν
580 1005 769 1093 Ἐριχθόνιον
791 1010 842 1073 καί
855 1008 1027 1090 Ἥφαιστον
1049 1010 1082 1074 έκ
1104 1021 1160 1095 γῆς
1183 1022 1326 1092 φανῆναι.

854 1160 916 1217 154
941 1151 1046 1236 [144]

400 1263 539 1340 Apollod.
563 1263 641 1324 Bibl.
664 1282 687 1320 11
712 1273 759 1322 38:
791 1255 877 1323 αὗται
909 1260 941 1323 δὲ
973 1263 1006 1323 αί
1032 1263 1150 1342 νύμφαι
1179 1254 1355 1345 (Γοργόνες)
1384 1261 1481 1341 πτηνά
1508 1256 1587 1342 εἶχον

313 1348 417 1412 πέδιλα
439 1351 489 1412 καλ
511 1350 566 1429 τὴν
589 1351 711 1429 κίβισιν,
734 1351 773 1429 ἥν
796 1370 888 1428 φασιν
912 1345 987 1412 εἶναι
1009 1351 1117 1432 πήραν.
1150 1352 1303 1433 Πίνδαρος
1327 1349 1359 1411 δὲ
1380 1350 1431 1412 καί
1449 1347 1587 1425 Ἡσίοδος

311 1437 346 1502 έν
366 1435 481 1501 Ἀσπίδι
502 1438 550 1502 έπί
572 1450 625 1502 τοῦ
648 1438 797 1521 Περσέως
821 1450 891 1502 πᾶν
915 1438 951 1502 δὲ
974 1442 1197 1522 μετάφρενον
1219 1447 1278 1502 κτλ.
1303 1433 1393 1523 (solit.
1416 1434 1493 1524 22³).

854 1588 916 1645 255
942 1580 1046 1664 [141]

400 1690 498 1751 Schol.
522 1690 606 1750 Pind.
630 1692 667 1751 N.
691 1709 735 1749 vn
760 1702 823 1748 103:
852 1688 1020 1768 Εὐξενίδην
1044 1688 1075 1751 δέ
1098 1684 1180 1752 εἶπεν
1203 1689 1244 1764 ὡς
1266 1689 1324 1752 ἀπό
1347 1714 1428 1763 τινος
1450 1687 1588 1765 Εὐξένου

311 1787 365 1859 τῆς
386 1777 457 1857 ὅλης
484 1779 628 1861 φρατρίας
658 1776 885 1860 ἀφηγουμένου,
916 1776 956 1852 ὡς
986 1780 1177 1852 Σκοπάδας
1204 1778 1255 1841 καί
1282 1773 1470 1853 Ἀλευάδας
1500 1780 1589 1842 εἴωθε

313 1861 497 1951 (Πίνδαρος)
520 1873 620 1929 καλεῖν
643 1868 712 1940 τούς
737 1869 912 1940 Θεσσαλούς.

855 2013 917 2071 256
943 2005 1047 2090 [155]⁸

401 2118 548 2179 Strab.111
570 2129 634 2177 170:
658 2115 708 2178 καί
730 2115 781 2189 τάς
804 2115 960 2197 Πλαγκτὰς
983 2116 1033 2178 καί
1056 2116 1107 2190 τὰς
1126 2118 1348 2199 Συμπληγάδας
1370 2117 1481 2181 ἐνθάδε
1503 2142 1589 2200 μετα-

315 2204 442 2289 φέρουσί
462 2228 555 2284 τινες,
578 2207 685 2278 ταύτας
708 2199 785 2267 εἶναι
807 2207 975 2285 νομίζοντες
998 2205 1119 2285 στήλας,
1141 2205 1177 2279 ἃς
1197 2207 1349 2288 Πίνδαρος
1372 2213 1458 2269 καλεῖ
1475 2211 1590 2283 πύλας

315 2296 389 2356 Γαδ
393 2296 464 2375 ειρί
468 2295 546 2374 δας,
560 2295 602 2368 είς
616 2297 723 2368 ταύτας
737 2294 862 2368 ὑστάτας
877 2291 1004 2376 ἀφῖχθαι
1018 2296 1141 2373 φάσκων
1155 2295 1207 2357 τὸν
1217 2293 1369 2378 Ἡρακλέα.
1388 2299 1472 2359 Idem
1485 2320 1514 2376 p.
1526 2311 1590 2360 172:

314 2384 364 2446 καί
378 2382 393 2445 ό
409 2386 562 2466 Πίνδαρος
576 2385 670 2457 ούτως
688 2382 727 2446 ἀν
746 2380 845 2467 ὀρθῶς
865 2382 943 2466 λέγοι
961 2385 1073 2457 πύλας
1090 2389 1119 2445 Γ
1120 2385 1163 2445 αδ
1168 2386 1261 2468 ειρίδ
1266 2411 1314 2459 ας.
1347 2387 1431 2448 Oonf.
1445 2389 1482 2449 N.
1497 2408 1532 2446 111
1546 2401 1589 2450 22.

857 2532 919 2589 257
962 2532 1023 2590 156
1042 2577 1047 2588 .

401 2635 498 2695 Strab.
515 2654 555 2695 xv
571 2647 635 2694 7114
655 2632 722 2715 περὶ
740 2631 772 2695 δέ
790 2643 850 2695 τῶν
868 2524 998 2716 χιλιεδῶν
1013 2523 1212 2718 ’ἀττερβορέων
1226 2633 1261 2696 τά
1275 2635 1349 2697 αύτά
1363 2634 1437 2718 λέγει
1451 2630 1590 2720 (Μεγασ-

313 2717 422 2874 έιζένης)
441 2723 597 2809 Σιμωνίδη
615 2722 665 2784 καί
684 2724 826 2810 Πινδάρῳ
844 2723 895 2785 καί
912 2722 1011 2797 άλλοις
1031 2724 1220 2806 μυθολόγοις.
1252 2726 1391 2786 Forsitan
1410 2728 1591 2805 spectaverit

339 2862 345 2875 .
360 2833 380 2873 Χ
394 2826 437 2874 41.

856 2906 920 2963 258
945 2898 1049 2983 [163]

404 3011 585 3089 Pau8.141‚
605 3023 634 3070 5:
655 3004 782 3088 Ἀλκμάν
805 3009 932 3088 ποιήσας
955 2997 1034 3094 ᾆσμα
1055 3008 1086 3083 ές
1109 3011 1179 3084 τοὺς
1202 3011 1417 3091 Διοσκούρους,
1439 3009 1479 3086 ὧς
1499 3007 1591 3091 Ἀθή-

316 3123 369 3172 νας
394 3097 487 3160 έλοιεν
509 3097 560 3159 καί
577 3096 632 3178 τὴν
649 3095 769 3178 Θησέως
787 3096 924 3180 ἀγάγοιεν
943 3098 1052 3182 μητέρα
1070 3100 1263 3180 αἰχμάλωτον,
1286 3100 1366 3181 ὅμως
1382 3099 1481 3180 Θησέα
1498 3100 1592 3181 φησίν

315 3186 406 3249 αύτόν
435 3186 561 3248 ἀπεῖναι.
608 3187 763 3270 Πίνδαρος
786 3185 817 3248 δὲ
840 3189 956 3261 τούτοις
979 3211 1008 3249 τε
1030 3188 1104 3249 κατὰ
1126 3188 1218 3250 ταύτὰ
1245 3187 1363 3269 ἐποίησε
1386 3190 1436 3252 καί
1458 3189 1592 3273 γαμβρόν

314 3282 376 3350 τοῖς
394 3277 590 3356 Διοσκούροις
611 3274 709 3356 Θησέα
728 3270 804 3337 εἶναι
822 3277 1005 3357 βουλόμενον
1024 3271 1218 3360 (βουλόμενος
1237 3275 1345 3362 οοδδ.),
1365 3277 1395 3352 ές
1414 3275 1430 3340 ό
1449 3278 1591 3342 ἀπελθεῖν

316 3364 408 3427 αὐτόν
432 3367 568 3448 Πειρίθῳ
590 3365 643 3427 τὸν
666 3367 823 3447 λεγόμενον
845 3367 942 3448 γάμον
965 3368 1179 3450 συμπράξοντα.

858 3512 920 3571 259
946 3505 1050 3591 [ιιι]

405 3616 501 3678 Schol.
521 3617 634 3678 Τουτὶ,
657 3618 692 3677 Π.
717 3620 819 3677 11170
843 3614 951 3695 (Cram.
970 3619 1026 3679 An.
1046 3620 1113 3680 Par.
1136 3637 1171 3677 m
1194 3628 1255 3697 286,
1279 3611 1342 3700 27):
1365 3617 1416 3679 καλ
1438 3618 1591 3702 Πίνδαρος

316 3704 636 3787 πεντηκονταερέτμους
658 3705 733 3785 φησλ
757 3705 808 3779 τάς
832 3716 907 3780 ναῦς
930 3716 989 3768 τῶν
1010 3701 1132 3788 Ἀχαιῶν
1154 3707 1238 3768 είναι.

858 3854 922 3912 260
946 3846 1050 3931 [114]

404 3956 526 4016 An‘stid.
547 3968 640 4016 11339
659 3957 761 4016 Dind.:
784 3957 880 4018 καίτοι
903 3957 946 4030 τίς
969 3956 1024 4018 ούκ
1047 3955 1085 4017 διν
1109 3956 1229 4035 φήσειεν
1253 3958 1362 4020 οὑτωσί
1384 3956 1497 4037 πολλὴν
1515 3952 1591 4020 εἶναι

314 4041 369 4123 την
391 4042 531 4126 ἀλογίαν,
562 4042 634 4106 όντα
656 4043 710 4124 μέν
733 4044 825 4106 αὐτὸν
848 4039 1066 4129 (Παλαμήδην)
1089 4045 1267 4129 κυριώτερον
1289 4058 1342 4109 τοῦ
1363 4042 1526 4122 Ὀδυσσέως
1549 4048 1591 4122 εἰς

314 4134 423 4212 σοφίας
446 4133 545 4214 λόγον,
568 4132 609 4209 ὡς
631 4134 690 4213 ἔφη
714 4136 879 4216 Πίνδαρος,
902 4128 962 4196 εἶθ’
982 4132 1151 4214 ἡττηθῆναι
1173 4146 1225 4197 τοῦ
1248 4137 1395 4218 χείρονος4

406 4382 492 4464 [Asg.
512 4385 599 4461 Soph.
619 4384 702 4444 Aiac.
726 4383 838 4464 ίστορεῖ
855 4382 905 4444 καί
927 4384 1090 4464 Πίνδαρος,
1114 4383 1158 4446 ὅτι
1180 4384 1212 4445 τὸ
1236 4382 1290 4465 μέν
1314 4394 1407 4465 σῶμα,
1430 4385 1502 4468 ὅπερ
1523 4384 1591 4448 έκά-

314 4476 411 4553 λυψεν
432 4470 452 4553 ἡ
477 4466 543 4555 (τοῦ
563 4466 756 4555 Ἡρακλέους)
779 4477 893 4553 λεοντῆ,
915 4470 1045 4552 άτρωτον
1067 4466 1115 4553 ἦν,
1138 4474 1170 4534 τὸ
1193 4472 1225 4535 δὲ
1243 4473 1284 4554 μὴ
1303 4472 1461 4555 καλυφθὲν
1480 4474 1591 4557 τρωτὸν

315 4562 437 4645 ἔμεινεν.
474 4562 609 4623 Pertinet
632 4564 715 4623 adl.
739 4582 770 4624 11
793 4557 851 4642 41].

371 4675 496 4716 humus
511 4671 545 4712 οδ.
558 4670 662 4712 christ
1347 4672 1381 4720 23
