3406 5378
707 382 830 433 neuen
850 383 909 435 vu.
1379 380 1440 444 291

171 559 203 606 7ο
223 542 385 619 Εὐξενίδα
408 542 558 628 πάτραθε
583 544 763 625 Σώ-χενες,
787 544 945 630 ἀπομνύω

222 651 265 732 μὴ
289 646 389 733 τέρμα
412 651 538 733 προβάς
561 648 680 714 ἄκονθ’
702 645 795 715 -ὧτε
818 649 1049 735 χαλκοπάραον
1072 653 1168 737 ὄρσαι
1395 670 1444 716 too

222 827 310 890 θοάν
333 832 500 909 γλῶσσαν·
525 828 542 892 ὅ
566 826 598 891 σ’
624 826 817 913 έξέπεμ-ψεν
838 830 1074 915 παλαισμάτων
1245 828 1329 895 Ἀντ.
1349 832 1369 894 δ
1375 829 1391 893 ’.

222 933 343 1017 αὐχένα
366 933 421 998 καλ
444 932 567 1010 σθένος
590 934 762 1018 ἀδίαντον,
786 942 835 1000 ocl-

265 1047 353 1106 θωνι
377 1039 457 1124 πρὶν
480 1041 580 1129 ἀελίῳ
600 1083 612 1089 -
633 1053 730 1124 γυῖον
753 1042 912 1126 ἐμπεσεῖν.

222 1150 253 1211 εί
273 1140 375 1224 πόνος
398 1143 455 1230 ἦν,
478 1149 514 1213 τὸ
538 1150 696 1232 τερπ-νὸν
718 1147 820 1214 πλέον
842 1148 1040 1234 πεδέρχεται.

171 1272 202 1319 75
223 1258 259 1318 ἔα
282 1274 335 1339 με·
359 1258 513 1320 νι-κῶντί
533 1279 569 1337 χε
592 1257 705 1341 χάριν,
728 1262 762 1320 εί
781 1280 812 1320 τι
834 1255 939 1342 πέραν
962 1255 1095 1341 ἀερθείς

222 1360 420 1446 ἀνέκραγον,
443 1362 484 1426 οὐ
503 1402 517 1410 -
536 1363 658 1446 τραχύς
680 1364 745 1446 είμι
770 1361 969 1446 καταθέμεν·

222 1474 323 1553 είρειν
346 1468 543 1552 στεφάνους·
568 1468 730 1555 έλαφ-ρόν
753 1469 931 1554 ἀναβάλεο,
956 1471 1085 1552 Μοῖσά,
1109 1492 1172 1535 τοι·

221 1578 322 1640 κόλλα
345 1577 469 1660 χρῦσὸν
493 1578 530 1640 έν
553 1599 586 1639 τε
610 1577 744 1641 λεν-κὸν
767 1575 924 1660 ἐλέφανθ’
953 1577 1019 1664 ἀμᾷ
1395 1597 1443 1643 116

222 1680 277 1746 καί
301 1685 425 1767 λείριον
449 1684 599 1766 ἀνθεμον
617 1723 631 1732 -
649 1687 786 1760 ποντίας
808 1682 958 1767 ὑφελοίσ
985 1683 1106 1766 ἐέρσας.

240 1845 281 1892 ἰ’θ.
307 1800 450 1904 Ede—ecelis
474 1837 621 1909 Σωχένοος
643 1840 737 1914 πάτρᾳ
761 1841 851 1894 Hartu
913 1873 948 1880 -
971 1840 1105 1923 inoperire
1128 1858 1162 1896 ex
1186 1841 1271 1895 schol.
1297 1841 1390 1913 Bergk
1411 1875 1443 1883 -

169 1917 209 1965 71.
225 1907 311 2034 τέρχια
325 1920 418 1978 περῶν
432 1910 600 1966 Herwerden
616 1944 648 1952 -
663 1910 800 1984 προβάντ’
812 1912 857 1966 vel
889 1929 967 1979 ρσαις
982 1912 1160 1967 scribendum
1174 1911 1283 1966 censuit
1295 1912 1445 1968 Holwerda

169 1982 249 2036 Arch.
287 1981 334 2036 eit.
351 1987 418 2035 1881
439 2001 465 2052 p.
480 1999 520 2036 ειο
540 2015 572 2021 -
592 1978 643 2037 ὧτε
662 1982 787 2038 Boeckh:
807 1984 900 2037 ὡσείτε
920 1983 989 2050 BD,
1010 1982 1078 2037 ὥστε
1097 1982 1180 2038 Tficl.
1199 2014 1234 2024 -—
1254 1988 1295 2037 ⁷2.
1316 1983 1371 2038 δι’
1389 1984 1444 2050 ἐξέ-

168 2072 260 2122 πεμφε
276 2052 346 2107 coni.
358 2052 463 2123 Bergk:
483 2051 513 2116 ὃς
528 2053 686 2124 ἐξέπεμψας
700 2055 736 2121 Β,
752 2051 781 2118 ὃς
796 2053 933 2125 ἐξέπεμψε
948 2054 978 2108 D
994 2087 1026 2094 -
1042 2060 1083 2108 73.
1099 2052 1236 2124 ἀμίαντον
1251 2055 1321 2110 coni.
1336 2056 1446 2110 Heclrer

170 2156 201 2164 -
222 2130 263 2178 75.
283 2124 373 2190 πέραν
391 2124 546 2179 Hermann:
570 2143 623 2193 περ
643 2123 679 2180 ἀν
698 2124 761 2194 (πέρ
780 2123 818 2178 ἀν
836 2128 874 2194 Β)
893 2126 960 2180 BD
981 2157 1012 2165 -
1034 2131 1075 2180 77.
1095 2124 1236 2198 ἀναβάλεο
1255 2125 1355 2182 Tricl:
1375 2128 1445 2182 ἀνα·

168 2195 266 2267 βάλλεο
286 2196 313 2248 B
320 2195 349 2249 D
369 2228 400 2234 -
422 2200 464 2251 78.
484 2193 568 2249 κόλλα
586 2197 657 2250 coni.
673 2196 893 2252 Rauchenstein:
913 2200 996 2269 κολλᾷ
1016 2196 1077 2250 BD
1097 2229 1128 2236 -

240 2343 280 2391 71.
305 2335 413 2409 προβάς
431 2354 494 2390 cum
513 2354 570 2391 acc.
589 2335 675 2408 τέρμα
694 2338 820 2392 iunctum
839 2341 882 2392 est
901 2338 937 2392 ed
956 2338 1117 2409 analogiam
1137 2339 1285 2392 verborum
1306 2339 1444 2463 ὑπερβάλ-

169 2414 235 2477 λειν,
252 2406 401 2480 ἐκβαίνειν,
416 2405 580 2473 ἐξίστασθαι
595 2409 644 2474 al.;
664 2409 698 2463 cl.
714 2409 833 2479 Hesych.
848 2408 966 2481 προβάς·
986 2408 1119 2482 ὑπερβάς,
1134 2427 1219 2479 quam
1233 2409 1357 2481 glossam
1383 2410 1444 2465 also

169 2481 205 2534 M.
221 2479 348 2533 Schmidt
370 2479 400 2532 in
423 2479 556 2548 Hesychii
579 2480 704 2535 editione
727 2481 764 2534 ad
787 2481 871 2551 Soph.
885 2482 951 2535 Ant.
966 2496 1005 2536 sse
1024 2479 1140 2535 rettulit.
1179 2481 1331 2550 Compsrut
1349 2485 1444 2536 autem

169 2554 253 2621 poeta
275 2550 402 2621 linguam
425 2566 572 2620 procacem
595 2551 688 2606 iaculo
707 2555 736 2606 et
755 2556 843 2606 semet
861 2552 953 2622 ipsum
972 2551 1121 2606 iaculatori
1139 2551 1257 2620 lincam,
1281 2569 1338 2620 qua
1356 2570 1444 2622 usque

169 2622 341 2677 iaculantem
359 2622 510 2710 procedere
529 2621 604 2690 licet,
623 2639 679 2677 non
698 2638 818 2705 egresso.
847 2624 941 2693 Ipsum
960 2622 1035 2677 enim
1053 2622 1168 2678 verbum
1187 2621 1295 2695 προβάς
1313 2624 1445 2694 prohibet

168 2693 422 2820 ttttttttt‘
444 2693 1444 2836 filimiltllfflatintiilulslllfl‘llqlli'llsfi'ilmsilllllff

167 2837 238 2890 itum
262 2836 317 2890 sibi
335 2809 417 2906 paret
435 2836 471 2889 ad
491 2835 609 2905 Sogenis
628 2836 849 2906 quinquertium,
869 2836 947 2891 cuins
966 2811 1032 2907 pais
1051 2835 1186 2891 iaculetio
1205 2784 1299 2890 suerii
1317 2870 1351 2878 -
1371 2836 1444 2894 *lai

168 2907 196 2962 τ’
218 2906 354 2997 ἐξέπεμψε
378 2906 514 2976 Bergln'us
537 2907 659 2977 vestigia
682 2907 786 2962 codicis
806 2908 836 2962 D
854 2912 967 2963 secutus
989 2907 1123 2974 restituit,
1142 2905 1157 2961 t
1176 2907 1213 2961 ad
1231 2905 1318 2977 τέρμα
1338 2909 1445 2982 προβὰς

169 2978 265 3033 ἄκοντ’
288 2996 369 3046 οροαι
384 2978 506 3032 referens
526 2982 555 3032 et
572 2979 646 3032 hunc
665 2979 695 3033 in
713 2980 827 3034 modum
842 2979 1023 3049 sagacissime
1038 2979 1239 3049 interpretans:
1258 2979 1288 3032 in
1303 2979 1444 3034 Nemeaeo

169 3049 321 3104 certamine
340 3049 521 3118 quinquertii,
541 3049 586 3102 cui
604 3049 733 3104 interfuit
752 3050 883 3120 Soganeq
898 3050 1010 3105 videtur
1028 3067 1099 3104 unus
1113 3050 1159 3104 vel
1173 3049 1246 3105 alter
1259 3049 1445 3105 iaculantium

168 3138 295 3191 egressus
315 3136 376 3174 esse
395 3119 512 3188 lineam,
536 3120 585 3189 qui
604 3137 668 3175 cum
686 3125 799 3192 propter
818 3123 891 3176 hanc
909 3122 1037 3176 fraudem
1052 3139 1070 3176 a
1084 3120 1236 3176 certamine
1255 3121 1444 3193 abigerentur,

170 3193 261 3247 luctae
281 3195 434 3258 certamen,
459 3192 534 3259 quod
553 3191 778 3260 subsequebatur
795 3192 1007 3262 iaculationem,
1028 3192 1202 3248 aemulorum
1219 3209 1334 3247 numero
1354 3192 1444 3247 immi-

169 3267 237 3318 nuto
269 3263 326 3317 iam
360 3267 388 3317 et
419 3261 532 3316 facilius
564 3261 654 3318 multo
686 3267 715 3318 et
742 3264 858 3318 celerius
887 3264 1043 3319 confectum
1072 3267 1122 3320 est.
1161 3262 1264 3318 Contra
1292 3263 1446 3319 scholiasta

169 3353 231 3389 curn
250 3333 280 3398 ὃς
299 3332 437 3403 έξέιτεμψε
457 3333 575 3403 legeret,
602 3333 642 3388 sic
660 3334 753 3389 locum
771 3335 920 3389 obscurum
939 3335 1094 3390 dilucidare
1118 3339 1235 3389 conatus
1255 3337 1309 3390 eet:
1334 3334 1349 3389 δ
1368 3335 1445 3391 ἀκων

169 3407 257 3469 αίτιος
275 3403 424 3476 γενόμενος
441 3413 490 3529 {qe
508 3409 662 3468 παντελοῦς
679 3403 759 3475 νίκης
777 3407 828 3460 olm
848 3406 960 3476 ἐποίησε
980 3404 1075 3477 χρείαν
1091 3424 1120 3460 σε
1137 3405 1210 3476 ἔχειν
1228 3414 1278 3460 τοῦ
1293 3405 1342 3460 διὰ
1355 3406 1446 3475 πάλης

168 3497 197 3532 σε
212 3474 419 3547 περιγενέσθαι.
475 3476 586 3530 imirum
606 3476 655 3546 qui
673 3477 764 3531 tribus
782 3477 922 3547 prioribus
935 3478 1064 3548 partibus
1079 3477 1251 3547 quinquertii
1266 3477 1442 3533 adversarios

169 3550 329 3620 superasset
347 3564 428 3601 omne
447 3547 656 3616 quinquertium
674 3548 774 3603 vicisse
793 3549 927 3618 putabat;
952 3568 978 3603 v.
997 3548 1069 3602 Prol.
1090 3567 1191 3601 srxxnr
1211 3566 1251 3616 sq.
1288 3551 1326 3602 At
1345 3550 1381 3603 ab
1401 3566 1446 3616 oo,-

169 3621 218 3688 qui
243 3619 441 3689 gramssimam
467 3623 577 3690 partem
604 3618 776 3690 quinquertii
800 3621 818 3674 i.
838 3637 861 3675 e.
881 3620 987 3674 luctam
1015 3619 1099 3689 plane
1126 3636 1182 3673 non
1210 3619 1288 3687 iniit,
1316 3619 1445 3675 laudatio

168 3692 264 3762 magni
283 3690 388 3815 laborlis
407 3694 443 3759 (v.
459 3696 495 3759 τι)
513 3707 663 3816 τοτοοτόοο
677 3691 772 3746 aliena
786 3691 831 3815 ρίλ.
859 3691 931 3773 Miro
949 3694 1044 3815 autiem
1063 3690 1367 3815 acuminieffrideiim
1387 3691 1444 3746 Mle

169 3762 378 3888 {elidite
394 3766 686 3903 lttttttttl
694 3764 1009 3914 alternitate
1024 3765 1445 3913 tttttittttatttti

169 3905 222 3958 nisi
242 3905 311 3958 duos
331 3904 507 3960 accusativos
526 3902 556 3958 cl
575 3906 604 3958 et
622 3903 729 3975 αὐχένα
748 3903 881 3975 analogia
900 3904 1021 3974 duplicis
1041 3903 1131 3957 dativi
1152 3903 1182 3958 Ο.
1198 3922 1246 3956 vm
1261 3920 1294 3959 ω.
1313 3923 1342 3956 rx
1356 3921 1382 3959 eo
1397 3905 1445 3959 de-

169 3977 281 4030 fendere
300 3976 383 4030 malis
404 4008 434 4016 —
456 3980 489 4030 te
504 3993 540 4029 ss.
560 3992 656 4030 versus
674 3977 704 4030 et
722 3977 759 4029 ad
778 3975 975 4046 explicandum
994 3977 1023 4029 et
1043 3975 1078 4029 ad
1098 3974 1353 4056 interpungendum
1372 3975 1444 4029 diffi-

169 4047 287 4102 cillimos
307 4048 348 4101 ite
367 4047 542 4118 interpretor,
562 4049 594 4100 ut
612 4046 705 4101 verbis
725 4046 754 4102 εί
769 4067 796 4101 τι
813 4092 817 4100 .
835 4092 839 4102 .
857 4091 862 4100 .
878 4045 1039 4116 καταθέμεν
1054 4045 1215 4115 parenthesi
1230 4046 1384 4100 ruteriectis
1404 4046 1445 4101 in-

169 4119 308 4172 finitivum
327 4119 412 4187 εἴρειν
431 4119 468 4173 ab
488 4117 520 4172 ἔα
538 4117 660 4188 pendere
679 4120 729 4172 aut
747 4117 876 4173 absolute
895 4135 945 4188 pro
961 4117 1128 4188 imperativo
1143 4116 1187 4198 (cf.
1203 4117 1232 4171 Ρ.
1247 4136 1257 4169 1
1272 4121 1308 4186 es)
1323 4117 1446 4186 positum

169 4207 228 4245 esse
247 4192 355 4260 putem:
382 4189 442 4245 sine
464 4206 509 4244 ms
528 4222 563 4230 -
582 4189 696 4244 victoris
722 4189 837 4258 quidem
856 4189 884 4242 in
904 4189 1039 4260 gratiam,
1063 4188 1087 4242 si
1107 4188 1175 4257 quid
1194 4187 1280 4242 altius
1299 4187 1411 4243 evolavi
1430 4206 1447 4244 a

168 4261 315 4332 proposita
330 4278 362 4344 re
382 4278 434 4315 eva
473 4263 528 4329 tus,
546 4277 602 4314 non
622 4277 718 4316 recuso
737 4261 894 4315 orationem
912 4261 1054 4342 reflectere
1072 4292 1102 4300 —
1117 4262 1228 4313 nectere
1242 4276 1367 4328 coronas,
1382 4277 1445 4343 pro·

169 4333 708 4469 tttdttttecistellis
724 4331 1446 4483 {titttttetttttdtl’itlttmtltlt

168 4477 219 4530 ede
236 4509 268 4517 -
285 4482 326 4531 lo.
343 4475 372 4530 ελ
380 4495 408 4529 τι
421 4472 512 4543 πέραν
526 4475 641 4543 ἀερθεὶς
655 4472 813 4545 ἀνέκραγον
828 4476 865 4528 ad
880 4473 1082 4545 digressionem
1095 4473 1186 4528 refero
1201 4477 1275 4527 insto
1290 4474 1444 4545 longiorem

169 4549 203 4601 de
228 4546 407 4617 Neoptolemi
429 4562 509 4614 nece,
534 4562 552 4599 a
574 4561 631 4615 qua
653 4545 767 4600 iamed
787 4545 914 4601 debitum
932 4545 1067 4602 honorem
1085 4543 1199 4600 victoris
1217 4544 1294 4599 haud
1313 4562 1397 4617 aegre
1416 4563 1446 4600 se

169 4619 259 4673 redire
279 4618 361 4683 dicit;
382 4616 511 4671 similiter
525 4634 543 4670 a
557 4616 731 4687 digressione
750 4632 779 4671 se
798 4620 912 4671 revocat
930 4616 964 4671 N.
980 4636 1009 4670 ιν
1022 4633 1048 4672 ss
1063 4633 1097 4669 ss.
1120 4649 1151 4656 -
1172 4621 1213 4670 77.
1234 4615 1368 4685 ἐλαφρόν·
1388 4617 1446 4670 vim

169 4691 296 4745 adverbii
316 4689 443 4743 obtinere
462 4688 533 4742 dnco
552 4688 702 4758 repudiata
721 4705 816 4743 eorum
835 4686 989 4755 sententia,
1014 4687 1061 4757 qni
1087 4690 1199 4743 nectere
1225 4704 1341 4742 corones
1361 4687 1445 4742 focile

169 4779 229 4816 esse
248 4765 415 4817 vertunt-
434 4760 586 4832 ἀναβάλεο
607 4759 706 4815 schol:
726 4761 789 4814 ἀντὶ
807 4769 856 4814 τοῦ
876 4759 1037 4827 ἀνακροόοο
1056 4760 1105 4812 καλ
1124 4758 1211 4829 ἀρχον
1229 4779 1257 4813 τι
1275 4757 1365 4829 λέγειν
1384 4759 1445 4813 έλα-

169 4844 252 4904 φρῶς.
278 4865 311 4874 -
330 4831 426 4887 Μοῖσά
445 4849 499 4886 τοι·
521 4831 554 4886 cl.
570 4831 659 4887 P.ve
678 4831 711 4886 τό
729 4850 773 4886 τοι
791 4863 825 4872 -
846 4836 887 4886 78.
908 4830 941 4886 cf.
957 4831 1037 4887 Hom.
1055 4834 1146 4885 Ψεοο.

1182 4920 1233 4973 19·
