3406 5378
595 397 744 449 rs‘ruura
764 399 830 448 vru
848 396 931 467 [v11].
1335 397 1400 460 373

125 564 232 640 possis,
267 582 328 638 qua
359 562 394 621 de
425 582 456 622 re
484 563 551 622 vide
581 564 659 623 Prol.
683 582 733 623 nrr.
779 564 939 624 Praeterea
971 567 1075 622 utrum
1102 582 1206 623 versus
1234 569 1359 625 octavus
1388 587 1406 623 a

128 651 275 712 tribrachi
294 650 433 710 anacrusi
451 652 584 730 incipiat,
604 672 675 711 ana
690 653 812 729 dipodia
830 653 981 730 epitritica
1000 653 1091 711 simili
1110 653 1406 714 connumeras

566 791 979 840 ’ἀνηλωμένω-

125 902 262 978 equidem
286 902 399 961 dubito.
432 902 466 959 In
486 902 593 962 ultimo
615 922 684 962 vero
708 921 797 962 versu
819 903 882 978 ipse
905 903 1062 979 pulchram
1086 903 1216 979 speciem
1239 903 1404 963 mesodicae

125 992 239 1067 periodi
264 991 475 1067 aequabilitati
498 992 652 1067 dipodicae
680 991 835 1051 divisionis
865 992 1030 1068 anteposui.
1077 993 1189 1051 Versus
1217 992 1346 1067 primurn
1375 997 1406 1052 et

126 1081 301 1156 secundum,
325 1099 393 1139 cum
417 1083 448 1137 et
470 1081 601 1140 numeris
624 1083 655 1139 et
679 1081 834 1141 sententiis
865 1074 915 1160 (cf.
940 1101 987 1142 vv.
1012 1093 1054 1140 11.
1079 1093 1127 1158 123
1152 1093 1194 1141 21.
1219 1093 1266 1158 ‘225
1289 1092 1332 1139 31.
1357 1074 1405 1162 3⁶2)

125 1170 319 1246 cohaereant,
347 1169 378 1226 in
406 1189 501 1227 unum
528 1189 647 1229 versum
676 1170 866 1229 Hermanuus
894 1170 1043 1248 Bergkius
1095 1170 1308 1228 Mommsenius
1336 1190 1404 1229 con-

126 1259 302 1335 iunxerunt,
330 1278 458 1334 quorum
486 1259 660 1318 auctoritati
691 1259 851 1335 quominus
880 1259 1130 1336 obtemperarem,
1160 1258 1277 1335 syllaba
1307 1259 1406 1319 media

125 1348 249 1424 ancipiti
272 1367 412 1407 versuum
436 1359 479 1406 21.
503 1359 535 1406 41
562 1348 730 1424 prohibitus
753 1368 826 1407 sum.
857 1348 955 1407 Divisi
978 1348 1074 1426 igitur
1092 1366 1204 1425 versus,
1227 1348 1271 1407 ita
1295 1352 1404 1425 tamen,

125 1441 160 1495 ut
190 1457 225 1496 ex
255 1437 371 1496 duobus
401 1437 536 1495 versibus
565 1457 660 1495 unum
692 1440 899 1513 asynartetum
929 1456 1048 1496 versum
1079 1437 1157 1497 effici
1184 1441 1336 1515 putarem;
1367 1438 1403 1497 cf.

125 1527 202 1586 Prol.
222 1545 285 1583 xxrr
305 1544 347 1601 sq.
393 1526 520 1584 Versum
551 1527 691 1603 quintum
719 1527 750 1584 in
777 1532 838 1585 tres
861 1544 964 1585 versus
988 1526 1137 1603 Bergkius
1160 1526 1293 1604 diremit,
1323 1527 1404 1604 quod

123 1619 160 1673 ut
187 1615 249 1673 lieri
278 1633 362 1691 posse
389 1634 407 1672 a
435 1615 519 1674 nobis
552 1615 645 1693 signis
679 1634 819 1674 caesurae
853 1614 1016 1673 indicatum
1042 1617 1088 1673 est
1115 1608 1156 1693 (v.
1180 1614 1260 1673 Prol.
1283 1609 1403 1697 xxxix),

125 1704 169 1762 ita
200 1706 294 1762 artem
324 1707 430 1779 poetae
459 1704 488 1761 in
517 1703 652 1780 periodo·
668 1705 758 1782 longa
782 1705 985 1780 componenda
1008 1721 1176 1779 expressam
1199 1704 1329 1781 caligine
1353 1704 1403 1765 ob·

125 1793 216 1851 ducit.
263 1793 305 1851 De
334 1792 513 1868 paenultimi
540 1812 609 1852 vero
638 1793 696 1852 coli
724 1793 814 1851 huius
843 1812 946 1852 versus
974 1793 1066 1870 longa
1093 1792 1244 1852 tricbrono
1272 1793 1304 1851 in
1327 1794 1403 1852 duas

125 1882 229 1941 breves
253 1882 353 1940 soluta
375 1881 442 1940 vide
466 1882 543 1941 Prol.
563 1900 655 1940 xnvrr.
697 1882 834 1958 Denique
858 1901 977 1941 versum
1000 1881 1143 1940 ultimum
1167 1900 1185 1939 a
1208 1883 1403 1958 praecedente

127 1989 215 2029 versu
238 1990 315 2031 nono
339 1990 398 2029 non
421 1971 511 2049 longo
535 1970 694 2029 intervallo
718 1971 917 2030 dirimendum
940 1989 1012 2047 esse,
1036 1971 1187 2045 particula
1210 1971 1349 2030 enclitica
1371 1993 1403 2050 με

126 2060 155 2117 in
179 2060 266 2118 initio
291 2071 370 2118 v.10
394 2059 494 2134 posita
516 2078 571 2119 nos
601 2063 776 2120 commonet.
823 2060 927 2136 Epodo
958 2059 1039 2136 quod
1069 2079 1187 2119 carmen
1218 2065 1313 2137 caret,
1344 2081 1403 2121 non

119 2169 218 2225 aeque
245 2152 336 2224 atque
363 2147 394 2205 in
421 2148 602 2207 carminibus
622 2147 655 2208 0.
675 2168 735 2207 xrv.
759 2150 863 2207 P.x11.
887 2149 924 2207 N.
944 2167 975 2207 rv
994 2168 1030 2207 ex
1048 2168 1083 2207 eo
1107 2149 1316 2224 explicandum
1339 2169 1402 2209 esse

124 2238 252 2315 videtur,
277 2237 357 2313 quod
381 2236 412 2294 in
435 2257 545 2313 pompa
568 2257 586 2296 a
610 2239 698 2297 choro
722 2238 875 2297 incedente
899 2237 1086 2314 cantabatur,
1111 2238 1161 2296 sed
1185 2258 1221 2296 ex
1246 2258 1293 2314 eo,
1321 2239 1402 2314 quod

123 2332 213 2402 poeta
231 2326 356 2385 formam
376 2326 640 2401 epithalamiorum
658 2330 815 2402 poetarum
833 2327 1032 2403 Aeolicorum‚
1052 2345 1128 2402 quae
1149 2327 1252 2403 epodis
1270 2328 1401 2387 caruisse

124 2419 250 2491 constat,
269 2415 407 2473 imitatus
426 2418 478 2474 est.
517 2415 706 2490 Quamquam
726 2435 785 2475 non
804 2416 986 2494 refragebor‚
1005 2415 1031 2473 si
1050 2416 1118 2491 quis
1137 2416 1317 2492 principium
1336 2418 1401 2493 qui·

125 2505 191 2563 dem
215 2503 354 2563 carminis
377 2503 408 2561 in
432 2523 541 2580 pompa
565 2508 720 2562 cantatum
744 2523 807 2563 esse
831 2505 979 2564 statuerit.

205 2677 384 2764 Κλεάνδρῳ
408 2701 459 2753 τις
480 2675 591 2764 ἁλικίᾳ
613 2700 648 2741 ιε
671 2677 794 2762 λύτρον
1199 2682 1279 2762 Στρ.
1303 2682 1346 2744 μ’.

205 2775 358 2868 εὔδοξον,
381 2779 407 2848 ὦ
430 2781 515 2867 νέοι,
538 2783 708 2868 καμάτων,

204 2893 327 2974 πατρὸς
351 2890 476 2973 ἀγλαὸν
504 2890 660 2975 Τελεσάρ-

247 3021 308 3080 χου
332 2998 421 3080 παρὰ
444 3000 621 3083 πρόθυρον
646 2999 706 3062 ι’ὼν
730 2997 922 3084 ἀνεγειρέτω

202 3114 329 3186 κῶμον,
348 3101 539 3187 Ἰσθμιάδος
561 3127 595 3169 τε
620 3108 668 3169 νί-

246 3234 305 3286 κας
328 3211 463 3292 ἄποινα,
487 3208 541 3275 καὶ
564 3210 677 3298 Νεμέᾳ

152 3335 166 3380 e
204 3316 337 3381 ἀέθλων
360 3317 409 3382 ὅτι
433 3319 552 3401 κράτος
576 3316 622 3396 ἐξ-

249 3432 335 3508 εῦρε.
380 3432 425 3512 τῷ
449 3422 504 3488 κοιλ
528 3423 606 3507 ἐγώ,
629 3466 643 3474 -
666 3428 782 3510 καίπερ
806 3425 990 3510 ἀχνύμενος

195 3652 276 3687 vrnra
295 3638 399 3688 ancrro'.
436 3634 519 3689 lnscr.
539 3652 593 3691 om.
612 3636 674 3690 BD
693 3639 722 3690 et
740 3636 825 3690 schol.
846 3667 879 3676 -
901 3643 923 3691 l.
943 3658 984 3699 τις
1002 3639 1042 3691 B:
1062 3633 1103 3700 τίς
1121 3636 1151 3690 D
1170 3667 1203 3676 -
1222 3655 1252 3690 τε
1271 3637 1351 3691 codd.
1371 3641 1401 3691 et

124 3704 223 3760 schol:
242 3725 268 3759 τι
287 3706 357 3771 coni.
377 3705 472 3777 Bergk
491 3739 524 3747 -
543 3711 569 3760 3.
587 3706 738 3776 πρόθυμον
756 3707 785 3761 D
800 3739 833 3748 -
850 3706 1015 3777 ἀνεγειρέτω
1034 3709 1074 3762 B:
1094 3704 1226 3776 ἀγειρέτω
1245 3708 1283 3777 D,
1302 3727 1399 3778 σνναμ.

122 3776 193 3830 coni.
214 3775 327 3830 schmid
347 3809 380 3818 -
399 3783 424 3832 4.
444 3778 544 3848 ιιάμων
564 3781 591 3832 Β
610 3811 642 3817 -
662 3782 727 3848 post
746 3776 843 3854 Νεμέᾳ
862 3777 1036 3849 interpunxit
1053 3778 1146 3847 Bergk
1167 3810 1198 3818 -

195 3936 384 3974 conuerrasn.
412 3939 439 3974 v.
455 3925 477 3974 1.
498 3918 649 3993 Κλεάνδρῳ
668 3921 763 3995 ἁλικίᾳ
782 3940 823 3975 τε·
844 3921 981 3976 Cleandro
1001 3925 1030 3976 et
1048 3921 1107 3975 eius
1127 3920 1241 3990 aequali
1255 3921 1352 3990 aetati,
1368 3925 1400 3975 ut

125 4007 179 4043 non
199 3989 281 4058 longe
300 3990 377 4043 absit
390 4007 408 4044 a
424 3990 571 4046 ‘Cleandro
591 3991 705 4060 aequali
724 3991 835 4046 sodali'.
860 3993 988 4062 Namque
1008 3995 1156 4061 quominus
1178 3994 1219 4046 ‘et
1233 3991 1399 4060 aequalibus

126 4059 196 4113 eius'
219 4061 440 4130 interpretemur,
462 4079 526 4115 cum
544 4080 588 4117 res
606 4063 669 4133 ipsa
688 4062 870 4131 prohibet-
889 4064 1004 4119 victoris
1023 4063 1097 4118 enim
1116 4063 1268 4133 epinicium
1287 4080 1399 4118 carmen

124 4134 167 4184 est
181 4164 216 4171 -
230 4134 289 4185 tum
304 4149 400 4186 versus
419 4147 453 4200 ae,
473 4150 506 4187 ex
525 4151 580 4202 quo
600 4135 732 4204 aequales
751 4135 827 4204 ipsos
847 4153 958 4191 carmen
978 4151 1077 4189 canere
1096 4138 1222 4205 apparet.
1253 4134 1293 4187 De
1313 4133 1398 4187 simili

122 4220 174 4255 usu
193 4202 350 4272 particulae
368 4222 397 4258 τε
416 4204 488 4259 cons.
509 4203 540 4260 0.
559 4225 577 4258 x
594 4222 621 4262 sa
642 4238 674 4246 -
692 4225 747 4276 τις,
774 4208 970 4261 choreutarum
989 4206 1121 4276 quisque,
1145 4223 1218 4275 quae
1236 4204 1337 4259 similis
1356 4206 1398 4260 vis

123 4273 295 4343 pronominis
318 4274 458 4329 indefiniti
477 4276 598 4330 occurrit
621 4278 640 4333 l.
660 4296 709 4332 vm
727 4293 761 4332 cs.
791 4278 824 4332 N.
844 4298 892 4331 v111
911 4294 945 4334 eo.
972 4277 1002 4333 P.
1021 4297 1043 4330 11
1060 4293 1094 4333 οι.
1123 4277 1204 4332 Hom.
1224 4277 1254 4332 ll.
1274 4296 1331 4331 xvrr
1350 4292 1397 4332 aar.

122 4345 205 4415 soph.
225 4345 268 4399 ei.
288 4361 328 4401 aas
348 4377 378 4386 -
399 4347 499 4415 λύτρον
518 4346 651 4417 καμάτων
670 4365 782 4403 carmen
806 4348 956 4420 epinicium
980 4365 1040 4402 esse
1066 4348 1183 4418 dicitur,
1208 4351 1240 4402 ut
1265 4347 1295 4404 P.
1314 4368 1332 4403 v
1353 4366 1397 4404 roe.

102 4416 155 4470 .N.
175 4434 249 4484 rv1;
274 4416 309 4469 cs.
329 4417 430 4485 λάτρον
448 4427 594 4487 συμφορᾶς
620 4419 650 4474 0.
670 4439 708 4474 vn
728 4437 761 4488 ω,
781 4426 810 4474 et
828 4418 907 4482 νίκας
926 4420 1032 4474 ἄποινα
1057 4421 1076 4473 Ι.
1097 4438 1146 4472 vm
1165 4436 1185 4476 e.
1214 4420 1243 4473 P.
1263 4439 1284 4472 11
1303 4437 1335 4474 ιι.
1366 4418 1396 4476 0.

121 4507 160 4539 vn
175 4504 209 4554 rc,
227 4490 338 4555 πλαγᾶν
357 4487 425 4552 daec
443 4488 477 4543 N.
492 4508 523 4542 ru
539 4505 571 4545 re.
591 4509 619 4545 rv
634 4507 646 4545 s
664 4523 697 4531 -
718 4496 742 4544 3.
762 4489 921 4560 πρόθυρον·
941 4490 1112 4546 vestibulum
1132 4491 1230 4546 domus
1247 4494 1397 4560 paternae;

122 4558 161 4611 sic
177 4558 263 4611 etiam
279 4558 314 4613 N.
328 4577 339 4611 r
354 4575 378 4614 ιο
393 4576 505 4613 carmen
524 4563 589 4617 ante
608 4562 681 4616 iores
701 4562 799 4617 domus
813 4562 928 4617 victoris
943 4562 1052 4617 cantari
1066 4561 1170 4617 dicitur
1185 4595 1217 4602 -
1233 4569 1257 4616 4.
1274 4561 1396 4632 Ἰσθμιά-

121 4632 169 4693 δος
187 4649 216 4683 τε
237 4627 317 4693 νίκας
337 4629 444 4685 ἄποινα
462 4632 510 4686 καλ
530 4632 626 4708 Νεμέᾳ
646 4632 688 4688 ὅτι
705 4631 807 4703 κράτος
825 4632 937 4688 ἀέθλων
961 4634 1066 4703 ἐξεῦρε·
1091 4651 1140 4688 suo
1160 4651 1236 4688 more
1258 4634 1396 4687 Pindarus

121 4704 257 4768 cognatas
283 4718 340 4765 res,
366 4701 528 4756 lsthmicam
547 4702 695 4759 victoriam
722 4708 807 4773 atque
832 4705 1002 4760 Nemeaaam
1023 4705 1183 4771 victoriam,
1209 4704 1289 4759 varia
1307 4705 1397 4759 forma

121 4772 256 4826 orationis
271 4772 377 4841 reddit;
397 4790 470 4842 quae
487 4777 583 4829 autem
598 4775 716 4831 victoria
729 4777 824 4848 potior
838 4777 876 4831 sit
894 4780 922 4831 et
940 4777 993 4831 hoc
1012 4793 1123 4832 carmen
1143 4775 1315 4841 excitaverit,
1334 4792 1396 4830 eam

120 4843 212 4913 priore
232 4844 293 4898 loco
312 4843 435 4913 positum
454 4862 515 4900 esse
533 4864 618 4920 supra
636 4846 666 4902 in
684 4848 798 4919 Argum.
819 4848 997 4922 exposuimus
1017 4880 1050 4888 -
1069 4853 1093 4903 d.
1115 4846 1271 4919 ἀχνύμενος
1288 4844 1395 4918 θυμόν
