3406 5378
220 288 305 348 CXIV
366 301 369 305 ’
665 332 667 336 1
720 293 1011 348 Puonsaonnns..
1061 298 1087 338 J

221 457 374 542 quoniam
396 456 451 521 ille
474 477 541 520 non
561 455 696 521 Homeri
719 478 808 520 more
831 455 961 520 fabulas
984 455 1055 519 fuse
1077 477 1209 519 narrare
1233 455 1326 540 solet,
1348 461 1386 519 ut
1409 455 1501 540 ipsae

219 585 276 648 per
304 586 338 628 se
367 564 436 629 sine
464 563 531 627 ullo
560 562 666 627 alieno
692 562 887 627 adminiculo
910 561 1057 646 intellegi
1081 560 1221 646 possint,
1250 563 1305 626 sed
1327 562 1500 647 plerasque

90 668 92 672 ’
219 670 354 734 summis
390 669 595 734 lineamentis
630 669 802 734 adumbrat
833 674 890 733 aut
921 674 1048 733 tautum
1084 668 1233 754 attingit,
1269 673 1383 753 utpote
1417 692 1500 754 quae

219 775 284 840 iam
317 777 357 841 ab
390 777 463 841 aliis
495 777 661 861 expositae
695 776 897 840 auditoribus
926 775 1006 840 satis
1034 780 1130 840 notae
1159 780 1192 840 et
1219 775 1396 841 familiares
1424 775 1500 840 sint.

218 881 332 968 Neque
360 883 488 948 fabulas
516 906 536 947 a
561 887 658 968 poeta
686 882 887 969 significatas
916 881 1086 946 enarrandi
1114 905 1230 946 munus
1258 887 1384 948 veteres
1408 883 1500 948 scho-

218 988 332 1055 liastae
360 990 660 1074 praetermiserunt3
689 994 800 1054 tamen
824 990 864 1054 ab
889 1011 1001 1054 eorum
1024 989 1150 1053 ratione
1172 989 1246 1054 ideo
1269 1011 1329 1054 nos
1352 990 1500 1055 recedere

222 1101 364 1181 oportet,
397 1098 482 1181 quod
509 1096 559 1160 illi
586 1096 770 1161 fabularum
799 1096 923 1180 orbem,
957 1095 1085 1179 qualem
1113 1096 1200 1161 docti
1229 1096 1433 1182 grammatici
1461 1118 1501 1161 ex

218 1204 316 1269 variis
344 1204 573 1288 scriptoribus,
600 1203 763 1268 veteribus
787 1208 821 1267 et
843 1202 1041 1287 recentibus,
1068 1207 1319 1287 composuerant
1341 1208 1375 1268 et
1397 1226 1500 1269 unum

218 1309 253 1374 in
276 1333 394 1395 corpus
417 1312 619 1398 redegerant,
640 1310 706 1374 iam
726 1309 866 1375 Pindaro
889 1314 1005 1374 notum
1024 1309 1125 1373 fuisse
1145 1311 1326 1396 sumebant,
1348 1332 1409 1376 nos
1428 1311 1502 1375 reli·

218 1417 310 1504 giose
338 1418 538 1504 distinguere
563 1422 705 1503 oportet,
733 1439 815 1501 quae
838 1416 996 1481 Pindarus
1020 1416 1086 1480 iam
1109 1416 1238 1480 noverit
1261 1421 1294 1481 et
1317 1438 1400 1501 quae
1422 1423 1500 1503 post

217 1522 395 1589 Pindarum
409 1547 429 1589 a
442 1524 677 1590 recentioribus
696 1523 802 1607 poetis
821 1528 854 1587 et
873 1522 1130 1608 mythographis,
1148 1527 1187 1587 ut
1205 1522 1337 1588 lacunas
1351 1528 1502 1589 veterum

218 1630 431 1695 traditionum
463 1630 629 1714 explerent
660 1634 693 1694 et
722 1628 904 1694 civitatium
932 1651 1109 1715 regumque
1137 1629 1371 1695 ambitionibus
1404 1631 1498 1696 satis·

217 1737 374 1822 facerent,
406 1737 534 1801 additae
567 1737 642 1801 siut,
692 1734 859 1801 Permulta
891 1736 977 1800 enim
1010 1758 1083 1800 eum
1110 1741 1225 1822 poetas
1253 1736 1397 1823 tragicos
1425 1743 1497 1803 tum

218 1843 454 1909 Alexandrinos
482 1843 726 1930 grammaticos,
754 1843 874 1927 partim
901 1843 1049 1927 patribus
1078 1843 1119 1907 ab
1147 1843 1342 1927 antiquitate
1365 1844 1496 1910 traditis

216 1956 337 2016 matres
365 1950 533 2035 addentes,
559 1950 680 2035 partim
708 1950 814 2015 socios
841 1950 957 2035 priscis
985 1950 1139 2015 heroibus
1167 1950 1201 2015 in
1229 1950 1322 2015 bellis
1347 1952 1495 2038 gerendis

216 2057 426 2145 adfingentes,
450 2080 586 2122 novasse
610 2062 643 2121 et
664 2056 889 2142 interpolasse,
912 2056 962 2120 vel
986 2079 1025 2121 ex
1047 2057 1139 2122 varia
1160 2079 1268 2143 rerum
1287 2057 1496 2124 memoriast

215 2166 383 2230 nominum
407 2164 568 2229 discordia
591 2163 672 2229 satis
696 2168 839 2248 apparet.
880 2162 1021 2228 Novisse
1046 2168 1154 2228 autem
1178 2164 1243 2229 iam
1262 2163 1440 2230 Pindarum
1463 2170 1497 2230 et

216 2272 251 2336 in
275 2294 370 2336 suum
393 2293 488 2336 usum
512 2270 711 2336 convertisse
734 2292 861 2335 sumere
884 2269 979 2335 nobis
1003 2270 1080 2335 licet
1104 2270 1260 2355 quidquid
1278 2270 1441 2337 Homerus
1463 2277 1498 2338 et

215 2375 392 2463 Hesiodus,
420 2400 558 2463 quorum
584 2383 755 2463 poetarum
783 2378 927 2444 carmina
954 2377 1202 2465 diligentissime
1231 2400 1305 2443 eum
1329 2378 1496 2445 lectitasse

215 2489 248 2549 et
270 2486 365 2550 firma
387 2485 544 2550 memoria
566 2486 709 2550 tenuisse
733 2484 905 2570 constat1),
927 2507 994 2549 non
1017 2484 1123 2549 solum
1146 2484 1184 2548 dc
1209 2485 1400 2571 genealogia
1421 2486 1494 2551 stir-

215 2591 306 2675 pium
331 2592 508 2678 regiarum,
536 2597 572 2655 ut
595 2591 823 2676 Pelopidarum
846 2592 1119 2676 Dardanidarum,
1147 2590 1342 2677 Sarpedonis
1365 2591 1494 2659 Aeneae

215 2697 291 2763 data
310 2720 408 2783 opera
427 2703 651 2783 exposuerant,
672 2699 727 2762 sed
747 2699 846 2762 etiam
866 2699 1005 2781 quaeda
1025 2698 1160 2762 ducibus
1181 2696 1312 2763 Graecis
1331 2698 1493 2766 Troianis·

215 2826 276 2889 que
296 2805 389 2889 quasi
408 2809 650 2890 praetereuntes
670 2809 872 2869 notaverant.
908 2804 1079 2869 Praeterea
1093 2803 1233 2869 Pindaro
1247 2804 1401 2890 pleraque
1414 2811 1493 2873 nota

213 2911 314 2976 fuisse
341 2911 516 2976 verisimile
544 2916 607 2994 est,
636 2934 717 2995 quae
746 2911 922 2995 scriptores
950 2911 1100 2995 aequales
1128 2916 1160 2975 et
1183 2911 1282 2976 etiam
1306 2912 1361 2995 qui
1385 2918 1492 2979 aetate

213 3039 370 3103 suppares
401 3022 507 3101 erant,
539 3017 627 3082 velut
654 3017 835 3102 Aeschylus
862 3017 1061 3102 Pherecydes
1089 3017 1290 3103 Herodotus,
1318 3021 1492 3086 memoriae

213 3125 432 3208 prodiderunt.
489 3124 740 3209 Nonnumquam
778 3126 877 3190 etiam
913 3148 1024 3190 earum
1060 3146 1168 3189 rerum
1199 3124 1320 3189 notitia
1351 3125 1491 3192 Pindaro

215 3231 405 3296 vindicanda
432 3236 494 3315 est,
523 3254 601 3316 quas
631 3254 668 3296 ex
697 3233 930 3298 recentioribus
957 3232 1170 3317 scriptoribus
1195 3231 1289 3317 solis,
1315 3231 1491 3317 Apollonio

213 3338 358 3403 Diodoro
373 3338 573 3423 Apollodoro
588 3338 758 3423 Pausania,
777 3340 1002 3424 comperimus,
1022 3338 1281 3423 quandoquidem
1296 3339 1490 3406 vetustiores

212 3443 296 3528 libri,
320 3446 438 3530 quibus
461 3445 510 3509 illi
535 3446 583 3509 usi
603 3451 704 3531 erant,
726 3447 875 3531 inprimis
893 3452 1063 3532 poetarum
1083 3444 1278 3530 cyclieorum
1296 3445 1490 3533 Pherecydis

214 3550 371 3637 Acusilai,
398 3551 493 3615 multi
521 3551 653 3616 interim
677 3553 837 3637 ,deperditi
863 3558 946 3617 sunt.
992 3550 1128 3617 Accedit
1151 3552 1253 3616 altera
1276 3574 1341 3637 res,
1370 3577 1436 3639 qua
1457 3559 1491 3620 et

213 3657 344 3722 Pindari
366 3658 469 3743 ipsius
489 3664 521 3722 et
539 3664 652 3723 nostra
669 3658 884 3744 interpretum
904 3681 1002 3725 causa
1020 3659 1123 3723 multo
1143 3659 1307 3724 diffieilior
1325 3660 1413 3725 facta
1432 3664 1491 3727 est.

210 3763 268 3829 Ille
296 3765 381 3830 enim
410 3788 482 3831 cum
511 3765 630 3830 multas
659 3766 834 3831 multarum
863 3765 1045 3831 civitatium
1072 3748 1281 3852 gentiumque
1305 3767 1433 3832 fabulas
1455 3767 1491 3833 in

211 3872 278 3936 suis
307 3871 504 3937 carminibus
532 3872 629 3937 simul
658 3873 834 3958 attigisset,
862 3896 944 3958 quae
971 3872 1175 3939 necessitudo
1202 3873 1288 3938 inter
1311 3896 1366 3939 eas
1388 3874 1490 3939 inter·

211 3979 338 4043 cederet
361 3983 394 4043 et
418 4000 482 4062 quo
506 4000 651 4062 quaeque
672 3984 818 4064 tempore
838 3985 931 4067 gesta
949 3980 1019 4045 esse
1037 3980 1292 4065 perhiberentur,
1317 3979 1491 4068 diligenter

211 4105 363 4168 quaerere
387 4089 420 4149 et
442 4085 593 4170 religiose
614 4086 784 4163 observare
804 4086 951 4152 debebat.
992 4086 1078 4152 Nam
1098 4090 1142 4151 ut'
1154 4109 1261 4152 rerum
1279 4086 1314 4151 in
1332 4087 1489 4155 historiae

211 4190 283 4256 luce
302 4196 467 4277 gestarum
486 4196 635 4276 tempora
653 4197 802 4257 accurate
822 4193 978 4280 distingui
998 4194 1126 4279 debent,
1144 4194 1191 4259 sie
1209 4193 1394 4259 fabularum
1413 4217 1490 4281 quc

212 4319 287 4381 que,
320 4320 457 4381 quarum
487 4298 664 4362 involucris
692 4294 747 4365 'res
780 4300 1023 4395 antiquissimas
1054 4300 1222 4385 expressas
1251 4322 1320 4365 esse
1349 4305 1489 4385 constat,

211 4404 423 4489 chronologia
446 4405 603 4487 quaedam
626 4406 747 4489 partim
769 4407 843 4472 inde
867 4409 907 4473 ab
931 4407 1027 4473 initio
1051 4407 1124 4493 fuit,
1145 4407 1267 4492 partim
1290 4407 1410 4474 fabulis
1432 4430 1489 4474 ra-

299 4601 325 4661 1)
343 4597 492 4665 Luebbert,
511 4597 552 4652 De
566 4598 681 4653 Pindari
700 4600 802 4655 studiis
816 4599 963 4655 Hesiodcis
978 4603 1007 4655 et
1020 4600 1184 4671 Homericis,
1203 4601 1412 4672 Bonnae1882,
1430 4617 1486 4673 quo

208 4667 281 4723 libro
299 4668 454 4723 Pindarum
476 4669 557 4738 plura
577 4686 610 4723 ex
629 4670 752 4726 Hesiodo
771 4676 800 4726 et
819 4671 991 4727 carminibus
1010 4672 1083 4745 epici
1102 4673 1175 4741 cycli
1194 4688 1280 4742 quam
1298 4690 1332 4728 ex
1350 4672 1440 4728 Iliade
1457 4672 1488 4729 et

209 4740 336 4811 Odyssea
352 4742 512 4795 mutuatum
531 4757 592 4795 esse
611 4741 749 4797 docemur.
1447 4784 1450 4788 -
