3406 5378
562 376 598 426 Π.
625 374 675 423 DE
693 374 788 424 ARTE
806 375 965 425 METRIOA
983 376 1139 427 PINDARI.
1402 376 1491 431 XXIX

212 534 426 621 Glyconeum,
444 535 479 599 in
494 535 641 621 dipodius
655 535 815 601 dissecare
829 535 973 600 noluisse
987 537 1142 621 concedo,
1155 542 1264 602 tamen
1279 537 1344 602 iam
1360 538 1490 604 Pindari

210 647 316 707 aetate
349 644 554 730 logaoedioos
587 665 699 707 versus
731 641 915 729 analogiam
948 643 1186 708 trochaicorum
1217 649 1250 708 et
1276 644 1491 711 iambicornm

210 773 362 816 versuum
390 756 519 815 secutos
547 772 617 815 esse
646 771 684 814 eo
713 749 817 836 magis
842 749 923 813 mihi
945 749 1106 834 persuasi,
1134 751 1220 836 quod
1242 751 1341 816 etiam
1364 758 1489 817 veteres

210 859 338 923 metrici
365 882 440 924 cum
467 858 522 922 alii
551 863 621 923 tum
649 857 849 942 Hephaestio
876 855 939 922 hoc
967 878 1069 941 genus
1097 879 1249 923 versuum
1277 859 1311 923 in
1334 859 1489 943 dipodias,

209 987 276 1029 non
294 970 331 1031 ut
349 988 435 1030 nunc
450 965 673 1051 Westphalius
693 965 825 1048 eiusque
844 963 985 1029 asseclae
1004 965 1141 1047 faciunt,
1159 965 1195 1029 in
1214 966 1377 1050 simplices
1392 967 1488 1051 pedes

210 1072 395 1138 diviserunt.
433 1071 540 1149 Quid?
564 1073 649 1159 quod
671 1072 830 1136 Pindarus
853 1072 923 1156 ipse
946 1071 1121 1137 nonnullos
1144 1095 1256 1137 versus
1281 1073 1487 1159 logaoedicos

209 1179 258 1244 ita
276 1181 505 1264 conformavit,
525 1186 561 1245 ut
580 1181 661 1244 duos
679 1179 803 1265 priores
822 1179 918 1263 pedes
939 1201 958 1242 a
977 1179 1103 1243 duobus
1122 1179 1358 1264 posterioribus
1378 1186 1488 1266 aperte

210 1286 441 1373 distingueret,
464 1287 553 1352 velut
577 1285 669 1351 O.1x
693 1291 748 1351 str.
769 1288 798 1350 6.
820 1287 870 1351 10.
894 1285 934 1350 N.
954 1288 1033 1351 115:

210 1536 294 1613 Quid
321 1539 407 1602 enim
435 1536 562 1602 differre
591 1537 678 1602 dices
706 1537 865 1621 syllabam
892 1535 1066 1621 ancipitem
1092 1535 1127 1598 in
1152 1537 1216 1599 fine
1239 1535 1372 1602 alterius
1396 1538 1486 1622 pedis

208 1644 304 1709 huius
338 1645 400 1710 coli
432 1645 575 1730 positam
608 1645 649 1709 ab
677 1644 873 1728 ancipitibus
902 1642 1049 1725 syllabis,
1082 1641 1199 1728 quibus
1230 1643 1303 1707 finis
1332 1644 1486 1730 cuiusque

208 1752 356 1837 dipodiae
388 1752 629 1817 trochaicorum
663 1756 695 1815 et
727 1751 942 1815 iambicorum
978 1771 1129 1813 versuum
1167 1749 1344 1835 significari
1381 1752 1486 1816 solet?

208 1857 335 1922 Talium
357 1859 460 1945 igitur
483 1881 633 1923 versuum
658 1858 808 1943 analogia
832 1858 969 1922 maxime
993 1862 1174 1921 commotus
1198 1881 1284 1943 sum,
1306 1863 1343 1923 ut
1362 1863 1485 1923 ceteros

208 1987 335 2050 quoque
359 1988 470 2031 versus
493 1965 698 2053 logaoedicos
722 1964 757 2028 in
780 1964 927 2049 dipodius
951 1963 1134 2028 dividerem.
1182 1963 1244 2029 Sed
1268 1964 1331 2028 alia
1353 1965 1486 2051 insuper

207 2078 337 2137 exstant
367 2073 501 2157 indicia,
533 2095 572 2137 ex
605 2072 722 2156 quibus
749 2070 926 2135 Pindarum
957 2070 1146 2157 logaoedica
1178 2071 1249 2135 cola
1277 2071 1311 2135 in
1338 2072 1485 2158 dipodius

207 2179 378 2244 dividenda
403 2180 544 2245 voluisse
573 2177 715 2263 colligas.
761 2177 870 2263 Atque
898 2178 1039 2262 primum
1070 2177 1240 2261 quinquies
1270 2176 1318 2263 (P.
1338 2196 1363 2241 11
1387 2201 1435 2264 ep.
1455 2181 1484 2243 ἴ).

207 2283 243 2349 Ο.
263 2289 373 2351 x1112.
401 2286 436 2349 Ρ.
456 2305 492 2350 vr
514 2289 539 2350 l.
563 2303 625 2348 vm
644 2286 674 2349 4.
706 2283 746 2347 N.
766 2286 852 2349 1114.
875 2301 925 2346 vn
944 2281 981 2370 4)
1004 2283 1193 2368 logaoedico
1218 2284 1322 2349 ordini
1345 2285 1485 2351 iambica

206 2393 295 2457 basis
319 2394 456 2459 duorum
475 2393 590 2476 pedum
611 2390 791 2474 praemissa
808 2396 871 2474 est,
894 2412 976 2474 quae
996 2412 1068 2454 oum
1087 2391 1317 2475 proculdubio
1337 2392 1485 2477 dipodiae

205 2500 272 2564 vim
302 2501 449 2582 habeat,
466 2498 624 2581 reliquam
654 2519 781 2581 quoque
808 2503 934 2582 partem
962 2519 1073 2562 versus
1102 2519 1140 2561 ex
1169 2497 1307 2574 dipodiis
1336 2505 1484 2564 constare

205 2629 265 2690 par
287 2611 337 2672 est
359 2607 422 2671 hoc
446 2605 541 2670 modo

448 2709 1103 2795 oranssocorcnrmffnr
1127 2709 1238 2797 epti).

204 2836 328 2902 Deinde
353 2837 433 2903 colis
456 2838 654 2925 logaoedicis
679 2837 875 2902 catalecticis
900 2835 1005 2919 quarti
1031 2835 1082 2898 vel
1106 2836 1203 2920 sexti,
1230 2858 1296 2900 non
1319 2837 1483 2902 tertiive]

206 2944 311 3029 quinti
334 2945 425 3029 pedis
449 2946 551 3010 altera
573 2967 648 3031 pars
672 2944 781 3008 deesse
806 2941 902 3027 solet,
924 2942 1014 3006 velut

422 3096 700 3137 'ra-ouant..
754 3109 808 3138 aa
835 3129 851 3136 -
884 3065 1120 3154 (P.11ep.4),

425 3217 487 3244 aa
514 3173 1122 3261 ,crumenat-aalen
1149 3174 1269 3263 stul).

203 3317 275 3383 Hoc
308 3323 418 3383 autem
450 3320 612 3402 quomodo
644 3318 797 3402 explicari
830 3317 935 3403 possit
962 3339 1029 3382 non
1056 3317 1149 3382 video
1177 3317 1240 3381 nisi
1269 3340 1307 3381 ex
1335 3317 1484 3402 dipodica

204 3417 497 3490 structura'totius
526 3447 644 3490 versus.
691 3424 838 3509 Denique
862 3423 1154 3508 brachycatalexis,
1182 3424 1273 3489 cuius
1296 3424 1388 3488 notio
1412 3425 1483 3510 ipsa

203 3531 523 3616 comprehensionem
542 3531 693 3596 binorum
713 3532 831 3616 pedum
848 3531 998 3614 includit,
1020 3551 1087 3595 non
1106 3531 1213 3595 minus
1232 3530 1266 3594 in
1284 3530 1481 3616 logaoedicis

202 3661 299 3723 quam
329 3639 364 3703 in
391 3638 566 3703 trochaicis
594 3638 806 3722 iambicisque
830 3638 996 3702 ordinibus
1025 3637 1197 3703 invenitur.
1244 3637 1481 3703 Difficultatem

203 3746 291 3811 solae
313 3750 430 3832 parant
453 3745 612 3830 tripodiae
634 3744 842 3831 logaoedicae
867 3745 1074 3836 catalectieae
1093 3744 1286 3829 tetrapodiis
1306 3745 1481 3810 immixtae.

202 3853 288 3918 Nam
316 3875 390 3918 eum
416 3852 478 3917 hae
506 3853 634 3939 quidem
659 3853 773 3936 procul
796 3852 894 3916 dubio
917 3852 952 3915 in
974 3852 1071 3937 pedes
1095 3852 1259 3936 simplices
1284 3852 1481 3917 dirimendae

201 3960 281 4043 sint,
304 3961 402 4024 etiam
425 3960 625 4046 tetrapodias
649 3959 684 4023 in
706 3960 803 4044 pedes
827 3958 1004 4044 simplices,
1030 3981 1097 4023 non
1122 3959 1320 4044 compositos
1340 3959 1481 4024 dividen-

201 4067 257 4129 das
290 4088 360 4131 essa
389 4072 641 4131 consentaneum
671 4088 742 4130 esse
770 4066 905 4131 videtur.
950 4065 997 4130 At
1022 4065 1232 4130 inveniuntur
1260 4066 1373 4151 etiam,
1404 4065 1480 4130 licet

201 4172 318 4256 rarius,
342 4173 501 4259 tripediae
524 4172 682 4238 iambicae
705 4179 739 4238 et
762 4173 959 4257 trochaicae,
981 4195 1085 4257 nequa
1109 4177 1219 4238 tamen
1238 4173 1279 4237 iis
1298 4177 1480 4238 commotos

200 4279 280 4362 uidi,
304 4281 359 4366 qui
382 4281 565 4367 vulgarium
588 4279 802 4345 iambicorum
825 4279 1104 4345 trochaicorumve
1125 4303 1278 4345 versuum
1297 4279 1478 4365 dipodicam

199 4387 440 4473 percussionem
459 4388 661 4453 abiciendam
675 4410 745 4452 esse
759 4391 934 4452 censerent.
964 4388 1069 4452 Immo
1085 4388 1172 4453 aliud
1186 4387 1343 4452 breviculi
1357 4410 1479 4472 versus,

199 4495 287 4561 aliud
310 4495 401 4582 longi
424 4495 573 4582 flagitare
596 4495 760 4578 videntur,
786 4516 889 4578 neque
916 4495 1048 4579 ingrata
1070 4495 1127 4559 fiet
1151 4494 1345 4580 modulatio,
1372 4495 1400 4559 si
1422 4495 1479 4560 tri·

198 4604 312 4689 podias
336 4603 400 4667 alio
419 4603 517 4667 modo
537 4603 659 4667 dividas
679 4605 776 4685 atque
795 4602 994 4685 tetrapodias
1014 4606 1047 4666 et
1065 4601 1269 4687 hexapodias.
1307 4601 1357 4666 Ne
1376 4602 1478 4689 igitur

198 4715 235 4775 tu
268 4714 399 4796 gravate
427 4709 555 4791 tuleris,
587 4708 673 4792 quod
705 4730 790 4772 novo
823 4708 918 4772 modo
951 4708 1012 4774 hac
1039 4709 1074 4773 in
1102 4709 1244 4773 editione
1271 4708 1476 4794 logaoedicas

198 4815 397 4901 tetrapodias
431 4815 572 4901 primum
603 4815 638 4879 in
671 4814 832 4901 dipodias,
864 4815 976 4881 deinde
1008 4816 1042 4881 in
1074 4817 1171 4903 pedes
1206 4815 1370 4902 simplices
1403 4814 1478 4879 diri-
