3406 5378
735 396 960 447 FRAGMENTA.

422 556 534 623 Ὀπότε
556 558 636 633 θεὸς
659 555 757 642 ἀνδρὶ
779 557 887 642 χάρμα
910 555 1033 641 πέμψῃ,

425 666 531 750 πάρος
553 664 712 750 μέλαιναν
735 665 876 749 κραδίαν
900 660 1109 746 ἐστυφέλιξεν

756 832 818 889 226
844 823 947 908 [νισι.

431 939 725 969 ..W-w-w..

428 1005 530 1080 Οὖτις
553 1003 637 1069 ἑκὼν
658 1005 760 1068 κακὸν
783 1003 905 1089 εὕρετο.

427 1555 527 1622 Νέων
549 1554 585 1621 δὲ
608 1555 762 1642 μέριμναι
787 1559 850 1621 σὺν
873 1559 989 1633 πόνοις
1011 1558 1232 1639 εἱλισσόμεναι

429 1666 530 1742 δόξαν
553 1664 753 1749 εὑρίσκοντι·
777 1664 894 1748 λάμπει
918 1660 954 1728 δὲ
978 1666 1087 1749 χρόνῳ

428 1774 506 1856 ἔργα
529 1770 599 1855 μετ’
624 1770 745 1856 αἰθέρα
769 1769 1010 1854 λαμπευδέντα.

758 1940 820 1997 ‘228
861 1939 923 1997 ‘262
942 1981 949 1995 .

274 2037 466 2122 Τιθεμένων
490 2038 630 2119 ἀγώνων
653 2041 820 2123 πρόφασις
842 1931 962 2123 δρετάν
986 2036 1019 2114 ἐς
1042 2039 1144 2102 αι’πὺν
1167 2039 1263 2120 ἔβαλε
1287 2039 1413 2101 σκότον.

757 2207 819 2264 229
844 2199 948 2283 [σοι]

427 2486 615 2568 Νικώμενοι
640 2485 702 2569 γάρ
726 2486 845 2570 ἄνδρες
868 2485 1008 2570 ἀγρυξίᾳ
1032 2483 1182 2548 δέδενται

426 2592 466 2656 οὐ
490 2596 599 2676 φίλων
622 2590 775 2656 έυαντιόν
799 2591 920 2657 ἐλθεῖν.

757 2761 820 2818 230
844 2752 948 2837 [τοι]

306 2864 408 2923 Liban.
433 2887 477 2941 ep.
504 2878 569 2925 144:
601 2859 672 2945 μηδ’
698 2865 791 2936 οὕτως
823 2865 889 2926 οἴου
921 2863 955 2924 τὰ
987 2860 1111 2944 ἡμέτερα
1142 2862 1215 2924 κατὰ
1247 2862 1403 2942 Πίνδαρον
1434 2859 1490 2922 ἐπὶ

215 2957 328 3037 λεπτῷ
353 2952 505 3040 δενδρέῳ
528 2950 657 3040 (δένδρῳ
675 2956 782 3035 vulgo)
806 2955 962 3034 βαίνειν,
985 2952 1057 3014 ἀλλά
1071 2977 1098 3014 τι
1111 2952 1161 3014 καὶ
1175 2951 1342 3031 ἀδάμαντος
1356 2949 1490 3031 μετέχειν.

757 3118 817 3174 231
845 3110 949 3195 [ιιελ

836 3242 1033 3267 υωυ-υ

309 3307 419 3390 Τόλμα
441 3304 480 3369 τέ
500 3329 556 3369 νιν
580 3307 716 3390 ζαμενὴς
739 3346 751 3355 -
775 3303 829 3370 καὶ
853 3307 985 3381 σύνεσις
1009 3346 1022 3353 -
1045 3308 1233 3388 πρόσκοπος
1256 3303 1408 3369 ἐσάωσεν.

755 3475 818 3531 232
843 3466 947 3551 [256].

302 3575 934 3625 .:W-W--.:.U..-2U..-

301 3664 425 3746 Σχήσει
448 3664 485 3727 τὸ
508 3661 724 3747 πεπρωμένον
747 3662 788 3726 οὐ
812 3672 893 3746 πῦρ,
918 3663 958 3727 οὐ
982 3664 1145 3747 σιδαροῦν
1167 3674 1281 3746 τεῖχος.

283 3856 326 3910 Fr.
347 3862 406 3910 226.
446 3856 536 3910 Schol.
556 3857 637 3912 Pind.
658 3856 688 3912 Ο.
709 3875 729 3908 11
747 3875 773 3909 ιο
800 3887 832 3895 -
860 3864 882 3910 1.
903 3854 1010 3911 ὁπόταν
1035 3873 1069 3910 ex
1095 3856 1182 3910 schol.
1202 3855 1322 3910 Vindob.
1343 3855 1435 3926 Bergk
1455 3888 1487 3895 —

213 3933 237 3980 2.
257 3926 345 3996 πάρος
364 3927 476 3984 Nauck:
497 3928 566 3997 πρὸς
584 3929 677 3998 vulgo,
697 3924 805 3996 πρόσθε
825 3928 937 3982 Boeckh
958 3962 991 3968 -
1011 3947 1036 3982 v.
1054 3927 1071 3982 l.
1091 3930 1227 3995 ταρδίαν;
1246 3928 1309 3980 fort.
1330 3926 1488 3995 ἐστυφέλιξε

212 4001 341 4066 καρδίαν.

283 4071 326 4124 Fr.
347 4077 405 4124 226.
435 4070 549 4126 Aristid.
564 4090 585 4123 11
603 4088 642 4127 σιτ
661 4070 757 4125 Dind.:
774 4069 849 4125 Ἀλλά
869 4069 987 4125 Πλάτων
1005 4071 1054 4124 καὶ
1074 4073 1215 4138 Πίνδαρος
1233 4074 1356 4141 πολλαχῇ
1375 4068 1426 4138 μὲν
1441 4070 1488 4122 καὶ

213 4139 280 4212 άλλη
299 4142 395 4211 σοφοί,
421 4144 469 4197 καὶ
488 4142 523 4210 δὴ
543 4144 591 4196 καὶ
610 4142 681 4197 κατὰ
701 4141 782 4197 τόνδε
800 4141 850 4195 τδν
869 4139 951 4211 λόγον
971 4142 1021 4212 οὐχ
1040 4140 1147 4212 ἥκιστα,
1167 4141 1181 4195 ὁ
1201 4140 1253 4211 μὲν
1271 4142 1370 4195 οὑτωσὶ
1389 4140 1488 4210 λέγων.

213 4212 305 4276 οότις
323 4218 378 4268 κτλ.
418 4214 494 4268 conf.
514 4215 547 4268 fr.
569 4231 613 4269 182.

284 4285 326 4338 Fr.
347 4292 407 4341 227.
445 4286 528 4339 Clem.
549 4286 627 4340 Alex.
648 4288 748 4340 Strom.
768 4304 795 4337 ιν
813 4303 840 4354 p.
856 4301 895 4338 εει
916 4317 945 4323 -
969 4283 1058 4338 ἑλισοό
1080 4304 1142 4338 εναι
1166 4286 1195 4338 eb
1218 4281 1376 4352 εόρλσιιουσι
1395 4283 1489 4351 vulgo,

212 4372 263 4409 em.
284 4356 397 4411 Boeekh
418 4390 449 4396 -
469 4355 667 4427 λαμπενθέντα
687 4357 780 4425 νυλμο,
799 4355 940 4423 άερδέντα
960 4355 1030 4409 coni.
1075 4356 1171 4410 oeckh.

283 4427 326 4482 Fr.
343 4433 402 4484 ⁶228.
431 4429 503 4482 Plut.
520 4446 556 4482 an
570 4446 627 4482 sen.
643 4447 667 4484 1:
687 4427 833 4494 Πινδάρου
847 4429 980 4490 πολλάκις
995 4427 1065 4497 ἔχεις
1079 4427 1127 4481 διὰ
1142 4425 1276 4497 στόματος
1291 4429 1327 4490 ὡς
1341 4424 1488 4497 εἰρημένον

212 4494 243 4551 εὖ
262 4502 309 4552 καλ
328 4504 459 4563 πιθανῶς
478 4499 527 4554 ὑπ’
549 4502 649 4554 αὐτοῦ·
669 4498 826 4568 τιθεμένων
841 4543 846 4553 .
863 4543 869 4554 .
886 4543 890 4551 .
907 4497 1013 4553 σκότον.
1043 4499 1120 4552 Idem
1140 4499 1180 4552 De
1200 4499 1260 4553 soll.
1277 4516 1321 4552 an.
1338 4516 1363 4553 τε
1382 4497 1488 4553 -τὰν

211 4570 315 4639 ἀρετάν
326 4572 493 4626 Herwerden
506 4605 535 4611 —
547 4572 610 4625 fort.
622 4572 709 4626 αἰπὺν
723 4571 828 4639 ἀρετὰν
843 4570 942 4642 ἔβαλεν
953 4570 980 4634 ἐς
992 4568 1099 4639 σκότον,
1110 4573 1142 4624 ut
1151 4570 1280 4640 paeonici
1290 4571 1399 4624 numeri
1409 4572 1486 4624 fiant.

283 4642 405 4699 121229.
444 4643 534 4697 Schol.
555 4644 633 4697 Pind.
655 4644 685 4698 0.
706 4662 753 4696 v111
772 4660 805 4697 οι.
835 4642 863 4696 P.
884 4661 911 4694 ιε
931 4659 977 4697 ιον.
1006 4642 1079 4695 Plut.
1100 4642 1134 4696 de
1154 4660 1214 4713 cap.
1234 4659 1267 4695 ex
1287 4642 1363 4695 inim.
1385 4642 1445 4695 util.
1466 4660 1486 4696 ι.

212 4744 244 4753 -
262 4720 284 4767 1.
300 4714 354 4783 γάρ
368 4733 421 4770 οιιι,
436 4714 519 4783 Plut.¹
537 4714 567 4768 δὲ
583 4720 647 4783 (om.
663 4715 727 4785 γὰρ)
742 4713 828 4768 schol.
843 4714 872 4767 P.
888 4733 915 4766 ιε
932 4747 962 4754 -
979 4722 1003 4768 2.
1019 4715 1064 4767 ιιαλ
1081 4733 1106 4769 v.
1121 4713 1139 4768 l.
1155 4715 1292 4784 probante
1308 4714 1487 4767 Schroedem.

285 4786 325 4840 Fr.
346 4793 405 4839 231.
445 4786 535 4840 Sehol.
556 4786 634 4840 Pind.
655 4787 688 4841 N.
708 4805 747 4839 vn
766 4803 799 4841 ια.

283 4857 325 4912 Fr.
346 4864 405 4912 232.
443 4858 516 4912 plut..
536 4858 584 4911 vit.
606 4859 689 4913 Marc.
709 4875 746 4913 νινε
766 4856 836 4911 ἀλλὰ
855 4856 909 4927 γάρ
927 4857 963 4910 τὸ
982 4857 1204 4927 πεπραμένον
1228 4858 1265 4911 οὐ
1288 4865 1353 4924 πῦρ
1378 4858 1415 4910 οὑ
1439 4874 1486 4909 σι·
