3406 5378
739 350 898 402 caruem
917 352 937 404 1.
1457 352 1478 413 3

199 516 282 574 cuius
305 515 371 573 voci
392 515 549 589 phormimr
573 509 883 597 succinebat(v.17),
906 519 1028 575 cantata
1052 520 1105 575 est.
1142 517 1278 593 Namque
1302 537 1360 576 non
1384 539 1476 577 uuum

199 605 339 680 aliquem,
362 604 414 661 sed
432 604 532 678 plures
551 607 736 665 consociatos
754 608 897 682 hymnmn
916 607 1055 665 cecinisse
1075 605 1173 664 verbis
1191 606 1361 681 πολύφατος
1380 607 1477 684 ὕμνος

199 690 240 773 (r.
261 706 290 767 8;
314 694 351 751 cs.
370 693 406 751 N.
424 711 467 751 vu
486 705 529 768 81,
556 693 579 752 Ι.
599 713 653 752 vm
673 688 721 775 58)
754 695 954 772 significatum
986 715 1048 753 esse
1081 696 1207 753 videtur.
1249 695 1380 771 Pompae
1409 716 1475 772 gra-

199 783 345 841 dientisre
364 782 447 840 chori
465 782 540 838 nihil
555 783 657 843 indicii
671 788 778 857 exst-at,
794 785 882 842 immo
898 785 1056 843 concitatis
1070 784 1199 843 motibus
1213 785 1338 843 saltasse
1354 785 1475 844 chorum

199 875 229 929 et
252 871 545 947 hyporchematicum
569 874 689 930 modum
712 874 851 932 carminis
875 874 965 932 fuisse
994 893 1028 930 cx
1057 877 1164 931 natura
1193 894 1381 931 numerorum
1409 894 1476 933 con-

200 961 346 1019 cluserim.
392 959 464 1018 Inde
493 980 528 1018 ue
557 966 681 1037 gravate
709 962 814 1020 tuleris
843 964 921 1038 quod
945 962 1091 1038 tripudias
1117 963 1312 1037 tetrapodicis
1335 962 1476 1021 membris

199 1050 374 1108 commixtas
403 1068 499 1124 aequo
527 1051 626 1109 animo
653 1052 719 1110 tuli.
770 1051 929 1126 'l'ripodiac
958 1053 1036 1109 enim
1067 1052 1258 1109 catalecticus
1291 1071 1349 1110 non
1381 1053 1475 1111 solum

199 1139 229 1195 in
259 1139 316 1195 line
346 1158 484 1196 versuum
510 1131 577 1219 (str.
601 1151 630 1217 o,
655 1161 699 1215 ep.
726 1153 748 1199 1.
773 1152 797 1198 5.
822 1133 867 1221 6),
898 1141 950 1215 qui
979 1141 1132 1217 legitimus
1163 1141 1245 1199 locus
1279 1142 1475 1216 tripudiarum

199 1231 257 1303 est,
281 1227 332 1285 sed
355 1228 447 1286 etiam
470 1228 501 1285 in
530 1228 635 1287 mediis
658 1233 689 1287 et
711 1229 878 1288 initialibus
903 1230 1036 1287 versibus
1063 1222 1129 1309 (atr.
1155 1241 1196 1306 10,
1221 1250 1265 1305 ep.
1292 1242 1314 1287 1.
1339 1242 1363 1287 3.
1388 1243 1412 1287 5.
1438 1224 1478 1309 8),

200 1320 366 1392 occurrunt,
391 1336 573 1392 quamquam
601 1319 688 1393 epodi
717 1338 819 1376 versus
845 1331 855 1376 1
883 1321 914 1376 et
937 1330 952 1375 ο
977 1338 1042 1377 eum
1071 1338 1105 1375 ex
1136 1319 1208 1377 solis
1240 1318 1380 1394 tripudiis
1410 1339 1477 1377 con·

199 1410 291 1483 stent,
322 1407 420 1464 minus
453 1405 622 1465 offensionis
654 1406 829 1465 habent-et
860 1426 962 1466 versus
995 1410 1046 1465 str.
1068 1419 1109 1464 lo.
1129 1410 1159 1465 et
1187 1427 1231 1482 ep.
1251 1420 1289 1482 3.,
1322 1408 1347 1465 si
1381 1408 1479 1483 iuqui-

200 1498 278 1553 etem
311 1514 345 1551 ex
378 1514 523 1554 concursu
550 1495 747 1571 tripudiorum
776 1498 806 1554 et
832 1497 1069 1572 tetrapudiarum
1098 1499 1200 1554 natam
1230 1497 1362 1553 minuere
1396 1497 1479 1572 veliS,

200 1584 259 1642 alic
284 1584 371 1641 modo
394 1585 512 1658 percuti
534 1587 667 1659 possunt.
712 1585 854 1644 Plurimis
878 1585 1010 1644 versibus
1038 1603 1196 1643 anacruses
1223 1585 1372 1660 praefixae
1400 1588 1479 1661 suut,

200 1692 259 1730 uon
279 1673 374 1731 solum
397 1673 487 1730 unius
510 1673 643 1747 syllabae
667 1673 766 1732 brevis
789 1676 836 1732 vel
860 1675 985 1733 duarum
1009 1674 1143 1731 brevium
1168 1666 1227 1753 (ep.
1248 1667 1288 1754 5),
1312 1674 1364 1732 sed
1387 1675 1478 1732 ctiam

199 1762 356 1842 tribrachis
388 1762 435 1820 vel
469 1761 560 1820 iambi
592 1755 657 1842 (str.
682 1776 706 1821 a.
731 1775 755 1821 9.
782 1775 822 1820 10.
849 1775 894 1838 11,
931 1784 976 1839 ep.
1001 1776 1024 1821 1.
1049 1775 1073 1820 a.
1096 1775 1122 1820 4.
1148 1774 1171 1821 7.
1196 1757 1241 1841 8),
1274 1763 1353 1838 quod
1385 1783 1478 1839 genus

200 1851 351 1909 anacrusis
375 1870 441 1909 cum
464 1852 675 1926 paeonicorum
703 1853 868 1910 carminum
894 1853 1048 1928 proprium
1072 1853 1124 1927 sit,
1147 1873 1183 1908 ne
1212 1851 1249 1909 ab
1277 1852 1332 1910 hoc
1356 1852 1476 1926 quidem

200 1941 338 2014 carmine,
358 1940 436 2015 «prod
456 1941 662 2017 alogaocdico
680 1945 783 2000 tenore
803 1942 840 1999 ad
859 1943 1033 2016 paeonicum
1054 1941 1188 2018 inclinat,
1207 1940 1355 1998 abhorret.
1383 1941 1477 1999 Pedes

104 2094 106 2099 ,
199 2029 333 2086 ordinum
359 2029 419 2086 fere
443 2030 575 2088 trochaei
595 2033 625 2087 et
646 2031 749 2105 cyclici
773 2030 886 2105 dactyli
910 2032 992 2108 sunt,
1015 2031 1046 2087 iu
1069 2030 1168 2088 locum
1191 2030 1396 2088 trochaeorum
1422 2030 1476 2087 sub

198 2117 285 2174 finem
313 2119 453 2193 strophae
485 2121 515 2175 et
547 2120 635 2194 epodi
664 2120 729 2199 (atr.
754 2130 778 2177 9.
804 2131 851 2196 10,
874 2140 919 2194 ep.
943 2113 974 2201 8)
1008 2122 1096 2177 aucta
1132 2119 1287 2177 modorum
1320 2119 1477 2176 alacritate

199 2207 300 2265 cretici
326 2211 355 2263 et
378 2227 506 2282 paeones
530 2212 561 2265 et
590 2209 719 2267 dochmii
743 2210 911 2267 succedunt.
957 2208 1045 2267 Fines
1069 2228 1208 2267 versuum
1231 2208 1348 2266 indiciis
1376 2208 1477 2266 hiatus

199 2299 229 2352 et
256 2296 389 2370 syllabae
417 2297 557 2372 ancipitis
585 2298 645 2355 fere
674 2299 806 2356 omnium
834 2318 852 2356 a
879 2300 969 2372 poeta
997 2297 1121 2356 indicati
1150 2300 1233 2372 sunt3
1264 2296 1299 2354 de
1324 2298 1478 2355 versiculis

198 2386 338 2460 strophae
362 2397 377 2442 3
402 2387 472 2443 etl
499 2387 530 2444 in
560 2406 652 2445 unum
680 2407 798 2447 versum
826 2389 1031 2463 asynartetum
1062 2386 1274 2461 coniungendis
1303 2386 1370 2443 vide
1398 2387 1477 2444 l'rol.

197 2495 225 2548 p.
246 2492 318 2532 xxii.
359 2474 456 2549 Epodi
484 2495 587 2534 versus
615 2480 731 2534 sextum
760 2480 790 2533 et
817 2476 976 2551 septimum
999 2495 1091 2532 numu
1115 2475 1144 2531 iu
1169 2494 1287 2532 versum
1310 2474 1477 2533 Bocchhius

199 2563 367 2639 coniunxit3
404 2583 457 2621 uos
491 2584 542 2623 cur
565 2565 688 2643 berghii
712 2566 857 2624 rationem
886 2564 1113 2640 praeferendam
1136 2563 1416 2639 existimaverimus,
1447 2564 1478 2620 iu

197 2656 258 2710 not.
282 2653 346 2709 erit.
371 2652 409 2710 ad
432 2672 459 2711 r.
475 2664 508 2711 88
533 2655 729 2730 exposuimus.
775 2655 851 2712 Item
879 2673 931 2712 cur
958 2654 988 2710 iu
1018 2652 1165 2728 principio
1194 2672 1332 2710 versumu
1357 2653 1478 2710 secundi

199 2746 229 2798 et
256 2741 356 2799 ultimi
379 2743 519 2817 strophae
544 2744 704 2820 ancipitem
728 2743 875 2819 syllabam
898 2741 1111 2818 improbemuS,
1140 2741 1241 2799 confer
1264 2745 1325 2799 not.
1348 2741 1413 2800 orit.
1437 2742 1474 2798 ad

199 2850 244 2888 vv.
269 2842 311 2888 8.),
336 2841 378 2888 9⁶2.
427 2830 563 2907 Denique
591 2833 694 2891 modos
721 2834 849 2892 musicos
876 2832 1015 2890 Aeolicus
1042 2831 1132 2889 fuisse
1160 2833 1250 2905 poeta
1280 2831 1342 2904 ipse
1371 2850 1418 2887 vv.
1444 2841 1476 2888 17

197 2923 228 2975 et
259 2931 308 2977 los
337 2919 490 2978 indicavit.
529 2953 573 2962 -·
612 2921 656 2978 De
687 2923 766 2980 notis
798 2922 914 2980 metrici
946 2921 1105 2980 schematis
1138 2923 1168 2976 et
1199 2920 1235 2976 de
1268 2919 1355 2977 lineis
1388 2918 1477 2976 rectis

197 3008 401 3066 colometriam
425 3010 560 3068 codicum
582 3010 783 3070 indicantibus
805 3012 872 3070 vide
896 3011 1013 3087 Proleg.
1037 3031 1065 3085 p.
1089 3028 1129 3066 nx
1152 3028 1174 3066 s.

1072 3169 1152 3249 Στρ.
1175 3161 1219 3228 α’.

495 3251 652 3339 ’Ἀριστον
675 3250 736 3339 μὶν
758 3254 866 3340 ὕδωρ,
889 3254 906 3320 ὁ
931 3251 967 3319 dt

544 3362 667 3447 χρυσὸς
690 3364 872 3446 αἰθόμενον
895 3370 961 3445 πῦρ

503 3468 560 3532 ἅτε
584 3466 755 3553 διαπρέπει

546 3572 642 3639 νυκτὶ
664 3573 847 3661 μεγάνορος
871 3572 964 3658 ἔξοχα
987 3575 1152 3639 πλούτου·

269 3750 365 3785 vimus
384 3750 529 3785 marronae
545 3731 708 3786 exhibemus
723 3732 804 3785 codd.
820 3732 950 3797 ABCI),
970 3729 1120 3798 dequibus
1140 3728 1204 3782 vide
1221 3728 1330 3797 Proleg.
1345 3746 1426 3797 p.v11
1442 3759 1474 3767 -

198 3802 282 3858 lnscr.
297 3803 420 3858 deestin
436 3802 506 3871 AD,
527 3820 583 3857 una
600 3821 722 3858 cumvv.
739 3809 834 3858 1-22.
849 3807 954 3856 47-68
974 3800 1119 3855 intercidit
1136 3799 1165 3852 in
1181 3801 1208 3853 B
1232 3832 1262 3839 -
1289 3799 1394 3854 Schol:
1415 3795 1475 3852 tur-

198 3871 353 3943 γέγρατιται
367 3874 382 3929 ὁ
398 3870 652 3942 ἕπινίκιοςἾέροονι
665 3881 702 3946 τῷ
717 3874 842 3936 Γέλωνος
861 3875 975 3944 ἀδελφῷ
992 3871 1137 3939 νικήσαντι
1157 3872 1232 3941 ἵππῳ
1251 3868 1345 3938 κέλητι
1363 3870 1414 3938 τὴν
1429 3868 1475 3939 oy‘

194 3944 376 4016 Ὀλυμπιάδα,
396 3943 413 4014 ἢ
433 3947 470 4008 ὡς
489 3945 558 4001 ἔνιοι
578 3945 692 4016 ἅρματι·
712 3945 728 3999 d
747 3945 775 3999 δ’
793 3946 876 4008 αὐτὸς
894 3946 942 3999 καλ
961 3944 1013 4013 τὴν
1032 3943 1073 4009 ρξ’
1094 3947 1159 4017 νικᾷ
1179 3940 1286 4011 κέλητι,
1306 3941 1357 4010 τὴν
1377 3941 1408 3996 dt
1427 3941 1474 4010 οη’

197 4019 351 4090 τεθρίππῳ.

269 4178 456 4214 οοιιιιιιεετιικιῐ.
490 4179 515 4215 v.
537 4166 604 4214 1-7
631 4157 716 4212 simili
744 4162 830 4227 atquc
854 4158 884 4213 0.
900 4173 938 4212 111
952 4175 978 4212 la
1035 4155 1168 4211 adatione
1197 4173 1262 4209 usus
1290 4157 1375 4225 pocta
1403 4153 1474 4208 dicit

198 4230 335 4299 optimum
349 4230 463 4299 quidem
478 4248 537 4286 ease
553 4248 664 4301 aquam,
684 4248 782 4284 aarum
798 4233 892 4284 autem
907 4247 941 4284 ex
960 4227 1007 4300 opi
1028 4246 1060 4281 us
1080 4227 1178 4281 divitis
1193 4228 1291 4280 (lomus
1306 4224 1429 4280 eminere
1443 4229 1475 4278 ut

199 4300 297 4382 igneas
311 4302 387 4356 faces
402 4319 435 4357 ex
449 4303 572 4358 tenebris
586 4301 686 4370 noctis,
699 4301 780 4355 ludos
794 4318 860 4356 vero
871 4300 1031 4371 Olympicus
1047 4299 1099 4353 soli
1113 4298 1236 4353 interdiu
1250 4297 1357 4367 fugatis
1372 4296 1473 4351 ceteris

197 4372 335 4426 sideribus
354 4373 460 4428 luc-enti
474 4373 677 4445 comparandos
695 4389 763 4427 esse.
782 4405 817 4413 -
837 4381 860 4428 1.
880 4373 994 4440 ἄριστον
1013 4370 1088 4440 ὕδωρ
1107 4388 1125 4424 a
1142 4370 1265 4424 Pindaro
1285 4368 1393 4423 dictum
1412 4385 1475 4423 esse

197 4443 345 4498 'l'haletem
363 4444 561 4516 philosophum
579 4448 684 4513 secuto,
704 4444 751 4512 qui
766 4462 868 4512 aquam
884 4444 1087 4498 elementorum
1099 4458 1245 4509 rerumque
1260 4440 1384 4495 omnium
1398 4439 1474 4510 priu-

197 4515 221 4568 ci
243 4515 301 4568 ium
320 4532 380 4570 esse
400 4517 534 4583 docuerit,
554 4520 583 4571 et
600 4517 763 4583 Homerum,
783 4516 832 4585 qui
850 4533 932 4570 versu
947 4514 1091 4578 Ὠκεανοῦ,
1112 4511 1197 4581 ὅσπερ
1216 4510 1323 4582 γένεσις
1340 4512 1475 4565 τάντεσσι

195 4534 323 4640 edonem
350 4587 392 4656 (Il.
412 4603 467 4642 xrv
484 4592 533 4655 κιο)
555 4586 723 4657 philosopho
746 4586 911 4656 praeiverit,
939 4585 1049 4640 doctius
1073 4601 1158 4653 quam
1182 4583 1273 4638 verius
1303 4582 1474 4637 scholiastae

197 4661 441 4728 argumentantur3
462 4658 616 4712 utilitatem
635 4657 812 4727 potissimum
831 4656 932 4727 respici
950 4656 1022 4710 bene
1041 4654 1150 4710 iudicat
1167 4654 1251 4709 Arist.
1270 4654 1341 4708 rhet.
1360 4670 1372 4708 1
1392 4671 1417 4710 r:
1442 4654 1474 4706 τὸ

196 4729 329 4797 ἄφθονον
353 4739 401 4783 τοῦ
424 4732 544 4783 σπανίου
563 4732 665 4798 μεῖζον,
684 4727 727 4784 ὅτι
746 4729 763 4796 ι’)
782 4737 877 4798 χρῆσις
894 4725 1036 4799 ὑπερέχει,
1056 4724 1125 4780 ὅθεν
1149 4724 1257 4795 λέγεται
1276 4723 1398 4794 Ἄριστον
1419 4725 1471 4794 μὲν

195 4799 279 4871 ὕδωρ.

1227 4886 1259 4941 1ss
