3406 5378
719 401 850 451 arrum
871 401 920 452 111.
1400 395 1461 459 137

192 571 343 630 laborasse
371 590 406 629 ex
434 569 563 629 carmine
591 569 624 626 P.
648 587 657 624 1
687 568 897 644 comperimus,
927 567 1089 625 Pindarum
1118 567 1173 626 hoc
1201 586 1317 626 carmen
1351 566 1465 626 misisse

191 664 325 736 apparet.
371 659 567 718 Accuratiora
592 657 761 716 Boeekhius
785 656 905 716 definire
930 661 1055 716 conatus
1078 659 1132 732 est,
1156 656 1208 732 qui
1232 676 1299 715 cum
1322 656 1465 715 redeunte

192 749 339 824 Pythiade
363 748 519 808 sollemnia
541 747 737 807 victoriarum
759 747 869 805 iterata
892 765 955 806 esse
979 746 1036 806 sibi
1062 746 1266 822 persuasisset,
1285 765 1384 805 mense
1403 745 1465 803 Au·

189 841 279 913 gusto
303 838 375 896 anni
398 840 461 896 474
486 856 605 896 carmen
626 836 771 912 scriptum
790 854 852 895 esse
872 836 1012 913 opinatus
1031 838 1084 895 est.
1123 835 1221 893 Minus
1239 834 1314 893 mihi
1332 834 1465 893 eiusdem

189 927 247 986 viri
277 926 423 1004 ingeniosi
454 945 578 985 acumen
609 925 767 1003 probatur,
797 925 932 985 versibus
958 936 991 984 56
1011 945 1047 984 ss.
1074 927 1200 984 mortem
1229 923 1283 981 filii
1310 925 1358 982 vel
1386 923 1465 981 filiae

189 1016 328 1076 Hieronis
352 1019 383 1074 et
405 1015 484 1093 regis
503 1015 597 1092 ipsius
616 1015 774 1074 consilium
793 1015 891 1074 sedem
910 1015 1027 1091 imperii
1047 1013 1203 1090 Syracusis
1223 1013 1350 1071 Aetnam
1368 1015 1465 1071 trans·

190 1105 304 1164 ferendi
336 1104 497 1182 significari
527 1104 672 1181 putantis.
722 1104 817 1163 Immo
844 1107 965 1180 poetam
993 1104 1022 1162 in
1052 1103 1131 1161 dulci
1159 1103 1214 1161 hoc
1242 1100 1371 1161 carmine
1399 1102 1465 1177 ipso

190 1194 289 1253 studio
317 1194 473 1253 fabulandi
501 1194 539 1252 ad
569 1212 615 1254 res
645 1193 738 1252 latius
768 1194 940 1253 tractandas
970 1195 1001 1251 et
1029 1193 1213 1251 exornandas
1242 1194 1373 1250 tractum
1403 1210 1465 1250 esse

190 1285 395 1360 lectorumque
419 1284 533 1343 animes
556 1283 664 1342 leniter
687 1301 787 1343 secum
811 1282 928 1342 trahere
953 1273 1169 1362 (ψυχαγωγεῖν)
1193 1280 1302 1357 senti03
1330 1281 1368 1340 cf.
1390 1280 1465 1339 Her·
1528 1334 1532 1341 .

190 1393 333 1432 mannum
358 1371 465 1449 Opuso.
484 1391 527 1430 vu
553 1384 603 1431 129
622 1390 659 1432 ss.
683 1376 714 1432 et
740 1371 979 1432 Heimsoethium
1002 1371 1057 1431 Rh.
1076 1371 1115 1430 M.
1135 1390 1155 1430 v
1175 1382 1208 1429 16
1227 1388 1269 1448 ss,
1295 1370 1466 1429 accuratius

189 1462 333 1523 Boeckhii
356 1462 492 1540 argutias
515 1461 690 1521 refutantes

281 1550 408 1610 Carmen
425 1552 487 1610 fere
506 1553 605 1611 totum
623 1551 654 1609 in
672 1550 812 1610 Hieronis
831 1549 930 1609 animo
955 1548 992 1610 ob
1011 1549 1121 1609 malam
1141 1548 1345 1608 valetudinem
1364 1567 1465 1609 conso-

193 1642 281 1701 lando
306 1641 504 1717 consumitur3
538 1641 643 1699 statim
665 1640 696 1697 in
720 1640 838 1699 exordio
862 1642 953 1715 poeta
980 1643 1016 1697 ut
1043 1638 1153 1698 Chiron
1181 1638 1352 1698 etiamnunc
1375 1638 1467 1715 vivat,

194 1734 288 1807 optat,
306 1733 343 1788 ut
362 1749 422 1806 qua
436 1730 652 1805 Aesculapium
674 1728 809 1787 instituit
831 1732 896 1787 arte
920 1728 1090 1806 aegrotanti
1107 1728 1172 1805 regi
1190 1728 1345 1787 medeatur
1359 1719 1467 1809 (1—7).

191 1821 264 1878 inde
292 1819 429 1878 fabulam
451 1820 486 1879 dc
510 1817 696 1895 Aesculapii,
724 1817 778 1876 filii
801 1817 951 1894 Apollinis
979 1821 1010 1876 et
1034 1817 1200 1895 Coronidis,
1228 1817 1381 1877 natalibus
1404 1817 1469 1875 vita

192 1912 287 1968 morte
311 1909 409 1984 lepide
433 1912 464 1968 et
487 1909 603 1985 copiose
627 1910 731 1966 namet
757 1899 884 1989 (8-62).
922 1906 986 1977 Quo
1013 1907 1093 1967 facto
1117 1907 1155 1965 ad
1179 1906 1366 1984 sententiam,
1389 1907 1467 1965 unde

191 2016 313 2058 exorsus
341 2003 420 2075 erat,
448 1998 492 2056 ita
519 1997 609 2074 redit,
637 1999 673 2054 ut
700 2016 768 2056 cum
792 1996 849 2057 sibi
872 2017 930 2056 non
953 1996 1045 2056 liceat
1067 1997 1131 2075 regi
1155 1996 1268 2072 optimo
1292 1996 1468 2073 coronisque

192 2087 387 2146 victoriarum
406 2088 567 2163 splendidis
587 2090 692 2146 ornat-o
708 2086 922 2162 Aesculapium
940 2087 1089 2145 medicum
1108 2086 1263 2163 adducere,
1282 2087 1319 2145 ad
1342 2089 1469 2145 matrem

191 2177 316 2236 deorum
343 2195 444 2252 preces
473 2196 528 2253 pre
559 2176 656 2234 salute
688 2176 752 2234 eius
782 2175 892 2233 fundat
914 2168 1059 2256 (ee-79).
1104 2175 1228 2233 Interim
1257 2175 1284 2233 ei
1312 2196 1347 2234 ex
1374 2175 1469 2234 consi·

193 2266 297 2324 derata
320 2265 470 2324 communi
500 2265 655 2325 hominum
679 2267 766 2342 sorte,
790 2265 821 2322 in
845 2284 905 2340 qua
928 2265 1008 2323 mala
1031 2264 1116 2324 bonis
1139 2264 1300 2323 commixta
1323 2282 1385 2323 esse
1408 2264 1469 2322 iam

192 2355 341 2414 Homerus
366 2354 474 2414 dixerit
496 2358 527 2414 et
549 2354 782 2414 clarissimorum
800 2353 947 2431 virorum,
970 2358 1007 2412 ut
1027 2352 1132 2412 Cadmi
1156 2356 1186 2411 et
1209 2352 1303 2430 Pelei,
1331 2354 1396 2412 fata
1419 2353 1469 2411 do-

193 2448 287 2521 ceant,
308 2443 408 2503 solatii
428 2446 606 2522 argumenta
623 2443 753 2519 petenda
771 2461 834 2502 esse
854 2434 1010 2523 (Bo-104).
1048 2443 1096 2501 Ad
1116 2445 1282 2500 extremum
1300 2459 1331 2501 se
1350 2460 1470 2518 quoque

194 2553 282 2591 suum
306 2533 438 2592 animum
470 2533 608 2592 fortunae
632 2532 853 2593 accommodare
882 2531 955 2590 dicit
978 2534 1020 2608 et,
1048 2531 1074 2589 si
1096 2549 1221 2609 magnas
1246 2549 1316 2606 opes
1339 2531 1470 2607 haberet,

195 2641 336 2700 magnam
360 2622 417 2681 sibi
439 2623 552 2681 famam
575 2625 753 2698 paraturum
778 2639 841 2680 esse
864 2621 966 2679 favore
989 2622 1155 2696 poetarum.

283 2711 430 2770 Fabulam
446 2711 602 2772 Coronidis
621 2714 651 2770 et
665 2711 839 2787 Aesculapii
855 2710 1004 2768 Pindarus
1027 2729 1062 2768 ex
1085 2709 1208 2769 Hesiodi
1226 2709 1323 2787 EoeiS,
1343 2729 1471 2785 (luorum

194 2819 298 2859 versus
326 2800 440 2861 scholia
468 2802 507 2859 ad
534 2800 566 2860 P.
590 2819 625 2858 111
650 2811 682 2859 14
707 2805 738 2859 et
760 2811 794 2859 48
819 2800 960 2876 afferunt,
988 2799 1141 2876 repetivit,
1170 2818 1229 2876 quo
1258 2799 1361 2858 eodem
1388 2799 1470 2859 fonte

195 2889 396 2966 Pherecydem
418 2890 594 2950 historicum
624 2908 713 2948 usum
741 2907 803 2948 esse
832 2909 867 2948 ex
891 2888 1012 2948 scholiis
1035 2889 1073 2947 ad
1096 2888 1128 2947 P.
1148 2907 1183 2946 111
1207 2899 1241 2947 50
1264 2888 1469 2964 comperimus.

196 2979 296 3038 Tertio
320 2998 347 3038 a.
372 2977 437 3039 Chr.
462 2980 581 3039 saeculo
605 2979 729 3038 eandem
751 2979 887 3038 fabulam
909 2978 1029 3056 Isyllus,
1053 2982 1143 3055 poeta
1166 2978 1361 3037 tenuissimus
1383 2977 1470 3055 Argi·

194 3086 258 3143 vus,
282 3068 313 3125 in
336 3087 449 3144 paeane
474 3068 637 3145 enarravit,
661 3069 748 3127 cuius
771 3087 874 3128 versus
898 3088 934 3128 ex
956 3068 1052 3127 ruinis
1075 3068 1180 3144 templi
1203 3067 1378 3143 Aesculapii
1400 3067 1471 3143 Epi·

195 3157 297 3215 daurei
321 3160 489 3233 protractos
513 3156 762 3216 Wilamowitzius
785 3157 862 3216 Phil.
880 3157 952 3216 Unt.
972 3176 1004 3215 rx
1029 3169 1061 3217 13
1086 3175 1123 3215 ss.
1142 3157 1301 3216 uberrimis
1324 3176 1471 3216 commen-

194 3245 280 3304 tariis
303 3245 454 3306 instruxit.

739 3326 784 3394 De
807 3329 928 3395 metris.

286 3423 434 3484 Carminis
461 3425 551 3483 huius
579 3424 686 3503 indoli,
717 3425 813 3503 magis
835 3426 868 3484 in
890 3425 1029 3485 Hieronis
1053 3424 1152 3484 animo
1176 3425 1356 3485 consolando
1380 3444 1472 3501 quam

194 3515 225 3572 in
248 3514 376 3573 victoria
398 3513 576 3573 celebranda
599 3515 755 3594 versantis,
778 3516 895 3575 numeri
919 3515 1198 3591 dactylo-epitritici
1221 3513 1369 3591 aptissimi
1393 3519 1471 3572 sunt.

195 3604 229 3661 ln
259 3603 429 3682 digerendis
452 3603 587 3663 versibus
611 3624 629 3663 a
651 3608 750 3664 vetere
780 3625 838 3664 usu
866 3605 909 3663 iia
938 3607 1028 3680 poeta
1058 3604 1206 3680 discessit,
1235 3608 1272 3662 ut
1301 3604 1333 3661 in
1363 3607 1471 3681 quarto

195 3712 282 3751 versu
306 3692 446 3768 strophae
470 3693 683 3770 pentapodiam
707 3694 886 3771 dactylicam
909 3693 1082 3752 admitteret
1104 3696 1134 3752 et
1152 3693 1239 3769 epodi
1257 3712 1377 3753 versum
1400 3693 1472 3751 ulti-

195 3802 280 3840 mum
303 3782 402 3857 capite
426 3801 480 3841 sno
503 3783 644 3858 privaret.
677 3782 851 3841 Versiculus
874 3781 982 3840 tertius
1006 3784 1176 3841 monocolos
1196 3783 1344 3859 strophae,
1365 3783 1389 3839 si
1409 3800 1473 3841 sen-

196 3871 321 3930 tentiam
345 3874 471 3947 speciae,
496 3872 582 3931 modo
601 3872 666 3931 vice
686 3872 772 3948 epodi
792 3863 853 3951 (vv.
873 3882 898 3930 3.
918 3881 960 3929 26.
980 3882 1022 3929 49.
1044 3863 1101 3950 79),
1125 3871 1212 3930 modo
1237 3871 1341 3946 proodi
1362 3864 1403 3950 (v.
1424 3863 1473 3951 72)

195 3961 342 4038 fungitur,
366 3961 454 4020 medo
478 3961 631 4037 utrimque
655 3961 765 4037 pendet
788 3952 848 4040 (vv.
871 3971 911 4018 10.
932 3971 974 4018 33.
995 3970 1037 4018 ed.
1058 3970 1099 4018 95.
1122 3952 1196 4040 102),
1220 3964 1256 4017 ut
1279 3959 1389 4019 similes
1408 3979 1473 4019 rer·

195 4050 281 4108 siculi
305 4047 339 4110 0.
359 4069 412 4109 vni
437 4070 481 4126 ep.
501 4062 526 4111 5.
549 4050 729 4127 I.14.v43
752 4049 883 4108 numeris
908 4048 986 4107 idem
1010 4068 1077 4107 cum
1101 4049 1288 4108 antecedenti
1311 4067 1399 4108 versu
1422 4070 1472 4110 co-

194 4139 306 4197 haeret
352 4139 425 4198 Mor.
449 4139 596 4217 Schmidt,
620 4139 766 4198 Minatiae
790 4138 984 4215 Sophoclcae,
1011 4141 1093 4199 1881
1120 4160 1148 4215 p.
1167 4151 1193 4215 4,
1217 4158 1285 4197 cum
1308 4138 1471 4197 Pindarum

196 4246 299 4286 versus
318 4228 505 4303 symmetriae
530 4228 710 4304 disposuisse
735 4228 791 4286 sibi
813 4228 1019 4304 persuasisset,
1043 4228 1167 4286 tertium
1190 4246 1309 4287 versum
1333 4228 1472 4304 strophae

196 4335 264 4374 cum
286 4317 385 4392 priore
408 4322 493 4393 parte
521 4318 622 4393 quarti
647 4336 750 4377 versus
776 4317 939 4394 coniunxit,
965 4317 1043 4375 unde
1066 4317 1182 4392 primus
1207 4335 1310 4376 versus
1336 4317 1472 4395 septimo,

196 4405 342 4464 secundus
368 4411 463 4482 sexto,
490 4406 598 4466 tertius
624 4407 729 4483 quinto
757 4407 977 4483 responderent.
1024 4406 1151 4466 Prorsus
1179 4406 1255 4466 alias
1282 4406 1473 4482 symmetriae

195 4494 327 4553 rationes
353 4493 567 4571 Rossbachius,
591 4495 706 4556 Criech.
725 4488 825 4555 Metr.³
844 4507 905 4572 468,
928 4514 997 4554 cum
1025 4495 1237 4573 excogitasset,
1259 4495 1472 4572 pentapodiam

197 4584 298 4659 quarti
326 4601 430 4642 versus
454 4601 472 4641 a
494 4583 612 4659 reliqua
641 4588 726 4660 parte
749 4603 853 4644 versus
882 4585 1040 4659 separavit.
1087 4587 1152 4662 Ego
1176 4605 1230 4644 cur
1260 4584 1297 4643 eb
1325 4585 1380 4643 has
1404 4585 1472 4645 sub-

196 4673 323 4730 tilitates
354 4672 561 4747 symmctrieae
584 4673 807 4749 compositionis
836 4692 854 4732 a
876 4672 1074 4732 Boeckhianis
1096 4673 1264 4733 rationibus
1292 4694 1352 4733 non
1380 4675 1471 4734 disce-

197 4761 326 4821 dandum
344 4761 486 4839 putarim,
505 4761 536 4819 in
555 4761 634 4820 Prol.
654 4781 728 4822 svm
747 4762 878 4840 exposui,
902 4762 1001 4822 nescio
1021 4766 1121 4822 tamen
1141 4782 1179 4822 an
1198 4763 1309 4823 rectius
1332 4763 1471 4839 strophae

195 4869 315 4910 versum
346 4855 489 4928 quartum
519 4851 550 4909 in
580 4850 655 4911 duos
684 4871 787 4912 versus
817 4871 909 4928 quam
939 4851 971 4909 in
1000 4852 1060 4911 duo
1090 4853 1157 4912 cola
1180 4852 1296 4912 dividas
1319 4855 1349 4912 et
1372 4855 1471 4912 totum
