3406 5378
266 320 315 374 XL
770 318 1048 372 PROLEGOMENA.

267 507 441 570 pausarum
466 482 646 548 intervallis
669 481 812 569 restitui,
843 481 871 546 si
893 481 975 546 istae
1000 482 1080 546 duae
1109 502 1197 545 arses
1221 501 1348 564 semper
1370 479 1434 542 fine
1458 478 1549 544 verbi

269 592 320 657 vel
349 613 482 656 caesura
509 590 718 675 dirimuntur,
745 595 783 654 ut
809 589 843 653 in
868 592 1072 674 pentametro
1096 587 1253 673 elegiaco,
1279 587 1314 651 in
1337 586 1548 671 Asclepiadeo

268 699 398 784 qualem
421 697 579 764 Horatius
603 698 722 763 struxit

268 913 377 1000 iniis,
399 934 480 999 quos
503 911 738 997 Klopstockius
761 912 839 978 fecit
861 933 973 978 versus
996 915 1034 975 ut
1056 910 1092 974 in
1115 910 1256 975 carmine
1279 909 1346 973 Der
1369 907 1499 973 Eislauf

270 1253 315 1317 At
337 1274 404 1317 non
426 1256 536 1336 potest
559 1251 621 1316 hoc
649 1251 746 1315 modo
773 1250 915 1335 restitui,
948 1249 976 1314 si
1002 1249 1065 1313 duo
1094 1249 1166 1314 cola
1191 1248 1278 1313 inter
1306 1270 1340 1313 se
1368 1249 1550 1313 conflantur

268 1381 373 1443 neque
407 1380 540 1423 caesura
572 1357 777 1422 dirimuntur.
827 1356 921 1421 Tales
955 1360 1064 1420 autem
1095 1355 1240 1441 plerique
1277 1377 1387 1420 versus
1418 1354 1550 1420 Pindari

270 1471 360 1551 sunt,
392 1465 448 1550 qui
476 1487 642 1530 caesuram
669 1465 842 1550 diligenter
869 1464 948 1528 adeo
980 1484 1046 1527 non
1078 1461 1233 1546 servavit,
1264 1465 1301 1525 ut
1334 1483 1427 1545 saepe
1461 1461 1550 1525 verbi

269 1573 412 1660 syllabas
435 1572 520 1637 inter
543 1573 641 1636 finem
665 1571 782 1655 prioris
806 1570 870 1636 coli
898 1575 932 1634 et
958 1569 1088 1635 initium
1115 1568 1305 1653 posterioris
1333 1568 1551 1653 distribueret,

269 1685 307 1745 ut
330 1680 443 1745 statim
465 1679 629 1764 inprime
654 1678 795 1742 carmine

443 1803 547 1888 Χάρις
571 1802 601 1867 δ’
623 1805 705 1888 ἅπερ
729 1804 857 1867 ἅπαντα
880 1804 987 1887 τεύχει
1009 1803 1050 1867 τὰ
1072 1806 1202 1887 μείλιχα
1224 1808 1378 1884 θνατοῖς,

443 1909 575 1976 Πισάτα
598 1910 687 1995 παρὰ
709 1911 833 1995 πατρὸς
855 1907 993 1987 εὔδοξον
1011 1907 1254 1993 Ἱπποδάμειαν.

276 2036 371 2121 Apud
394 2034 569 2099 Pindarum
597 2035 713 2120 igitur,
745 2040 781 2100 ut
804 2034 951 2119 rhythmi
979 2057 1110 2100 cursum
1137 2034 1306 2099 turbatum
1334 2033 1558 2118 restituamur,

273 2143 337 2208 alia
361 2141 501 2208 remedia
523 2141 619 2205 nobis
644 2142 827 2226 (quaerenda
850 2148 934 2206 sunt.
944 2140 970 2228 ¹)

360 2268 414 2333 De
436 2266 567 2350 longis
591 2266 758 2349 syllabis
781 2267 939 2352 longius
967 2266 1180 2349 productis.
1222 2265 1297 2331 Alia
1323 2266 1389 2331 ista
1416 2267 1558 2330 remedia

271 2375 367 2439 nobis
392 2373 600 2459 suppeditant
628 2378 752 2438 veteres
780 2373 970 2459 rhythmici,
1001 2396 1074 2438 cum
1102 2378 1135 2437 ct
1162 2373 1279 2459 longae
1307 2374 1448 2459 syllabae
1477 2373 1556 2437 haec

273 2485 413 2567 quatuor
437 2479 543 2565 spatia
565 2479 745 2567 tribuant²)

503 2667 537 2673 -
562 2606 699 2670 duorum
723 2609 920 2689 temporum,
943 2604 1052 2688 μακρὰ
1075 2604 1244 2688 ὃίχρονος,

502 2742 537 2780 ι-
561 2712 663 2777 trium
686 2717 884 2796 temporum,
906 2711 1015 2795 μακροὶ
1038 2714 1226 2796 τρίχρονος,

505 2848 540 2886 m*
563 2823 704 2904 quatuor
728 2821 926 2901 temporum,
947 2818 1056 2901 μακρὰ
1079 2817 1311 2903 τετράχρονος,

507 2959 544 2996 ω
565 2927 706 3011 quinque
730 2928 927 3009 temporum,
951 2925 1060 3010 μακρὰ
1082 2925 1318 3011 πεντάχρονος,

272 3058 305 3119 et
337 3056 466 3138 praeter
495 3049 661 3135 legitimas
694 3050 809 3114 breves
841 3048 1020 3134 longasque
1053 3050 1195 3135 syllabas
1227 3051 1323 3116 unius
1356 3053 1557 3136 duorumque

272 3166 457 3244 temporum
480 3157 611 3220 brevem
634 3156 724 3220 brevi
744 3155 926 3242 longiorem
945 3155 1086 3241 itemquo
1105 3157 1240 3243 longam
1257 3157 1358 3244 longa
1375 3158 1557 3224 breviorem

273 3288 343 3331 esse
371 3261 522 3349 dicantl)
569 3260 718 3346 Namque
746 3264 809 3328 hoc
836 3263 931 3328 modo
960 3269 993 3329 et
1020 3264 1154 3330 lacunae
1186 3287 1339 3330 versuum
1371 3265 1493 3350 expleri
1524 3271 1557 3331 et

273 3371 459 3456 inaequales
496 3370 592 3455 pedes
628 3370 669 3434 ad
701 3369 966 3454 aequabilitatem
1004 3372 1148 3437 revocari
1184 3377 1332 3456 possunt.
1383 3373 1491 3457 Atque
1524 3375 1558 3437 in

274 3483 427 3565 promptu
455 3482 506 3542 est
532 3477 616 3541 ratio
650 3477 798 3562 explendi
831 3478 977 3563 lacunas,
1009 3484 1046 3543 ut
1079 3479 1197 3564 quihus
1229 3479 1263 3544 in
1297 3480 1445 3545 versibus
1478 3481 1556 3546 ordo

275 3584 492 3672 rhythmicus,
524 3583 552 3648 si
580 3585 722 3670 syllabas
753 3585 911 3650 orationis
942 3591 1084 3672 spectas,
1114 3587 1266 3651 turbatus
1299 3609 1369 3651 esse
1402 3587 1558 3672 videatur,

366 3782 392 3841 1)
366 3778 474 3847 lheg
475 3794 504 3832 es
533 3776 651 3831 subtiles
675 3778 872 3847 symmetricae
895 3778 1120 3850 compositionis,
1148 3779 1246 3848 quales
1270 3779 1300 3835 Ε.
1319 3778 1414 3845 Grai,
1437 3779 1557 3835 Pindars

275 3848 474 3917 logaoedische
493 3848 639 3919 Strophen,
658 3850 747 3903 llarb.
765 3855 841 3919 1899,
861 3850 997 3920 indagare
1017 3852 1133 3905 conatus
1152 3855 1203 3921 est,
1223 3854 1256 3904 ut
1272 3851 1394 3904 multum
1407 3824 1507 3905 balent
1520 3852 1558 3906 ad

275 3924 366 4048 llil?
384 3924 521 4062 pillis
538 3920 697 4061 tltttt
714 3869 1466 4063 tltlt?attributitutatust
1480 3923 1558 4062 tt

275 4080 448 4134 quamquam
466 4063 615 4118 nonnullos
634 4080 739 4119 errores
758 4064 937 4118 metricorum
952 4065 1126 4120 schematum
1140 4083 1220 4121 meae
1238 4015 1398 4136 proecdosis
1413 4067 1484 4120 bene
1499 4082 1557 4119 cor·

275 4135 348 4190 rexit
371 4139 400 4190 et
422 4134 512 4190 multa
536 4134 686 4203 diligenter
705 4136 877 4204 observavit,
904 4136 1049 4191 interiores
1068 4140 1165 4191 tamen
1188 4137 1312 4206 rhythmi
1336 4138 1413 4208 leges
1437 4155 1492 4219 non
1512 4154 1558 4192 ex-

275 4205 393 4288 pedivit
425 4206 552 4274 Denique
570 4206 728 4260 Mauritii
747 4181 984 4261 Schmidtiit
955 4212 984 4262 et
1005 4208 1158 4262 Eduardi
1177 4208 1355 4264 Boehmeri
1378 4212 1436 4263 met
1436 4208 1558 4263 ricarum

276 4278 417 4331 rationum
432 4278 616 4331 fundamenta
629 4278 721 4348 magis
735 4297 820 4347 quam
836 4279 1005 4334 audaciam
996 4298 1026 4334 1n
1035 4280 1151 4362 Pindari
1166 4280 1292 4334 versibus
1302 4281 1339 4334 ad
1349 4280 1420 4334 istas
1434 4281 1558 4335 rationes

276 4348 442 4404 revocandis
460 4348 541 4402 nobis
560 4349 700 4420 probari'
692 4368 722 4403 ιιι
741 4350 978 4405 commentariolis
997 4354 1055 4405 met
1056 4351 1120 4406 ricis
1140 4351 1314 4423 singulorum
1333 4352 1488 4406 carminum
1502 4369 1558 4406 non

276 4423 336 4474 tarn
355 4420 548 4490 redarguendo
568 4438 653 4489 quam
672 4422 890 4477 demonstrando
909 4422 1078 4493 aperuimus.

366 4492 501 4559 2.)Anon
521 4492 556 4545 de
570 4510 640 4546 mus
656 4509 700 4564 ap.
717 4495 782 4548 Wes
784 4494 865 4565 phul
880 4494 990 4565 Fragm.
1006 4494 1032 4549 d
1047 4513 1087 4565 gr
1103 4494 1180 4563 lthyt
1180 4494 1235 4549 hrn.
1297 4498 1415 4549 99163
1441 4493 1519 4548 Ans
1507 4493 1557 4550 1d

278 4562 313 4616 de
333 4580 402 4617 mus
422 4569 487 4618 133.
520 4562 700 4634 Aristoxap
716 4566 816 4636 Westp
817 4565 935 4620 halll
998 4571 1040 4634 31,
1055 4574 1079 4619 8.
1099 4571 1142 4634 39,
1147 4498 1349 4621 yllilictlo.
1312 4565 1398 4621 etiam
1416 4565 1560 4636 pertinent

278 4636 363 4689 notae
390 4652 541 4705 pausarum
570 4639 613 4705 (Λ)
640 4636 714 4690 notis
743 4637 916 4706 syllabarum
931 4585 1079 4706 aliquot
1081 4610 1186 4690 locis
1178 4655 1207 4690 1n
1234 4637 1346 4706 hymnis
1373 4636 1503 4705 Dionysii
1530 4640 1560 4691 et

278 4706 448 4761 Mesomedis
467 4707 602 4762 adiectae.

368 4778 482 4848 3.)llar
507 4778 607 4833 Victor.
626 4799 653 4850 p
669 4785 711 4850 39,
727 4780 805 4835 8ed.
824 4778 897 4835 Keil.
