3406 5378
526 404 576 455 111.
602 405 651 453 na
670 404 778 455 armis
797 404 843 454 ur
861 404 1036 457 errurcus.
1102 366 1106 381 ’
1326 404 1425 458 xovu

145 568 330 649 posuerunt.
338 563 364 649 ¹)
408 563 632 630 Nihilominus
659 566 707 630 ita
729 565 888 631 Pindarus
916 566 1094 632 sententias
1123 567 1156 630 iu
1185 569 1251 633 suis
1276 568 1424 652 epiniciis

146 671 374 756 conformavit,
405 677 571 757 tamquam
604 693 670 736 non
697 671 829 757 chorus,
862 674 917 738 sed
946 678 1043 757 poeta
1070 675 1139 758 ipse
1167 675 1266 739 rerba
1293 674 1426 757 faceret,

146 779 231 861 quod
255 782 291 842 ut
314 779 395 843 satis
418 778 638 845 excusationis
662 778 813 864 habebat,
836 779 940 844 sicubi
963 786 1062 865 poeta
1084 782 1183 846 choro
1207 787 1355 866 praeerat
1374 782 1423 845 vol

146 885 262 949 saltem
284 885 404 951 fidibus
427 887 457 950 ei
481 885 682 969 succinebat,
710 886 758 950 ita
781 887 900 951 mirum
923 909 990 951 non
1015 888 1115 952 rideri
1138 910 1202 952 nou
1226 893 1369 974 poterat,
1398 887 1425 951 si

104 1046 108 1053 .
145 997 242 1076 poeta
269 991 441 1057 festivitati
469 1016 534 1057 non
561 994 730 1077 intererat,
758 995 814 1059 sed
843 1018 860 1058 e
888 995 1066 1079 longinquo
1095 1018 1206 1061 versus
1225 995 1329 1060 choro
1354 1019 1426 1060 carr·
1465 1064 1468 1069 ,

144 1100 261 1205 tendes
289 1100 429 1165 miserat.
475 1100 520 1165 At
548 1101 635 1166 facta
662 1101 736 1186 plus
764 1101 873 1166 valent
897 1124 994 1185 quarn
1018 1102 1298 1186 ratiocinationes,
1325 1106 1424 1185 atquc

144 1206 227 1271 hanc
254 1209 402 1293 profecto
426 1208 498 1273 sibi'
512 1208 619 1294 legem
641 1207 801 1273 Pindarus
825 1209 958 1292 scripsit
980 1210 1087 1273 ubivis
1111 1210 1360 1294 observandam,
1388 1216 1426 1303 ut

146 1314 302 1398 quidquid
325 1316 431 1379 forma
453 1314 576 1399 primae
600 1336 756 1397 personae
780 1315 994 1399 eloqueretur,
1018 1322 1120 1380 semet
1138 1317 1245 1401 ipsum
1265 1319 1426 1400 spectaret

145 1442 212 1485 non
234 1420 378 1506 chorum,
401 1420 464 1485 nisi
488 1426 646 1506 quatenus
672 1444 731 1486 sua
749 1444 847 1487 causa
866 1422 977 1486 eadem
996 1428 1093 1506 atque
1113 1422 1203 1488 chori
1223 1427 1315 1487 esset.
1353 1422 1425 1486 Hoc

146 1533 255 1593 autem
279 1529 327 1593 ita
349 1528 533 1593 instituisse
557 1529 698 1612 videtur,
722 1530 904 1615 quodcum
928 1529 1040 1594 Alcaei
1064 1531 1329 1615 superiorumque
1352 1551 1427 1613 poe-

146 1640 253 1700 tarum
284 1636 460 1721 lyricorum
493 1636 633 1722 vestigia
658 1636 795 1722 legeret,
827 1637 961 1702 chorum
989 1658 1054 1700 nou
1083 1659 1158 1702 suas
1185 1636 1290 1721 ipsius'
1315 1640 1425 1720 partes

146 1743 240 1827 tueri,
263 1744 319 1808 sed
343 1743 495 1807 inferiore
519 1766 650 1808 munere
673 1745 863 1829 interpretis
887 1749 1002 1828 poetae
1027 1744 1261 1809 sententiarum
1284 1766 1354 1809 esse
1373 1765 1428 1808 vo-

147 1850 217 1914 luit.
262 1850 376 1935 Neque
404 1872 466 1936 ego
493 1850 522 1914 is
547 1873 632 1935 sum,
660 1851 715 1936 qui
739 1852 801 1916 hoc
824 1851 955 1915 nomine
979 1849 1154 1915 Pindarum
1176 1852 1304 1916 laudem
1328 1856 1426 1934 atque

145 1956 329 2043 defendam,
361 1957 460 2022 immo
492 1979 626 2041 prorsus
658 1981 732 2022 eum
765 1958 895 2022 mimica
927 1964 996 2023 arte
1030 1962 1063 2021 et
1090 1980 1154 2042 qua
1180 1958 1284 2023 Attici
1312 1963 1427 2043 poetae

144 2064 305 2130 florebant
327 2064 483 2130 facultate
507 2065 646 2129 alienam
670 2085 842 2150 personam
864 2065 1018 2130 induendi
1042 2065 1183 2130 caruisse
1206 2066 1320 2131 fateor.

177 2146 185 2171 ³
234 2171 394 2238 Carminis
419 2172 558 2237 faciendi
582 2173 709 2257 copiam
733 2173 880 2239 fecerunt
903 2195 977 2239 cum
996 2173 1150 2238 victoriae
1170 2173 1309 2239 felicitas
1329 2177 1427 2257 atque

146 2280 277 2345 victoris
305 2281 339 2344 in
367 2281 542 2346 certamine
568 2279 708 2344 ineundo
732 2280 835 2345 virtus
859 2279 1043 2364 aliptaeque
1066 2280 1264 2364 experientia
1286 2281 1426 2364 probata

146 2386 318 2471 institutio,
341 2393 411 2453 tum
435 2387 543 2473 gentis
567 2392 599 2450 et
622 2387 747 2470 patriae
771 2388 896 2470 decora,
919 2409 1057 2471 quorum
1082 2388 1239 2452 memoria
1261 2409 1346 2451 nova
1364 2387 1427 2451 vic-

147 2494 232 2559 toria
253 2495 515 2559 resuscitabatur.
558 2493 643 2557 Hinc
665 2492 788 2557 facturn
813 2499 872 2579 est,
895 2499 931 2557 ut
954 2493 1116 2578 plerisque
1140 2493 1288 2577 epiniciis
1311 2498 1426 2578 poetae

145 2600 290 2666 fabulam
317 2602 458 2686 aliquam
486 2602 679 2683 insererent,
707 2623 789 2685 quae
818 2623 890 2665 curn
918 2600 1038 2685 partim
1062 2621 1100 2663 ex
1124 2599 1262 2664 historia
1285 2599 1427 2664 fabulari

145 2708 271 2792 patriae
302 2708 435 2774 victoris
465 2714 595 2793 sumpta
622 2714 723 2793 esset,
754 2708 874 2793 partim
903 2731 975 2772 curu
1004 2707 1101 2791 ludis,
1135 2708 1252 2791 quibus
1281 2729 1427 2791 quaeque
1519 2764 1522 2771 .

148 2814 284 2879 victoria
307 2820 474 2900 reportata
492 2822 572 2900 erat,
595 2815 790 2900 cohaereret,
813 2814 966 2880 carminis
986 2814 1079 2898 quasi
1098 2814 1288 2879 umbilicum
1307 2813 1427 2900 (ὀμφα-

147 2919 221 3008 λόν)
245 2921 416 2987 efficiebat.
458 2921 520 2987 His
544 2945 620 2987 rero
644 2922 764 2987 fabulis
788 2944 826 2987 eo
850 2922 955 3008 magis
978 2927 1094 3007 poetae
1114 2944 1245 3007 operam
1264 2923 1428 2987 navabant

147 3032 180 3092 et
207 3029 354 3095 homines
382 3052 476 3096 aures
504 3031 716 3115 praebebant,
745 3031 831 3113 quod
858 3052 896 3094 ex
920 3028 1063 3113 antiquis
1087 3030 1289 3115 temporibus
1313 3029 1428 3094 Graeci

147 3136 273 3202 adsueti
299 3144 404 3222 erant,
435 3141 472 3201 ut
499 3136 535 3199 in
563 3137 663 3201 sacris
691 3136 844 3220 feriisque
873 3136 1021 3220 deorum,
1048 3158 1129 3220 quas
1157 3136 1297 3222 epinicia
1323 3135 1429 3199 imita-

147 3243 278 3328 bantur,
305 3249 380 3329 post
407 3243 682 3329 praedicationem
710 3242 893 3307 divinorum
920 3243 1090 3307 numinum
1118 3243 1230 3307 laudes
1257 3242 1428 3307 hominum

145 3348 343 3436 heroumque
365 3351 547 3435 patriorum
571 3347 663 3435 (κλέα
686 3347 835 3435 ἀνδρῶν)
860 3350 1016 3414 audirent.
1024 3347 1051 3434 ²)

235 3456 383 3523 Perfecta
410 3459 471 3522 oda
495 3455 580 3545 (ᾠδὴ
604 3454 725 3543 τελεία)
749 3479 823 3522 cum
847 3457 952 3521 tribus
975 3457 1126 3542 partibus
1150 3462 1292 3541 constet,
1319 3458 1426 3522 verbis

147 3571 275 3651 poetae,
303 3566 434 3630 musicis
464 3565 581 3648 modis,
610 3565 753 3629 motibus
782 3564 886 3648 chori,
914 3564 979 3628 iam
1007 3565 1103 3628 nobis
1128 3565 1345 3649 quaerendum
1369 3570 1429 3649 est,

148 3693 229 3756 quae
251 3674 286 3738 in
306 3672 438 3737 Pindari
461 3670 609 3757 epiniciis
632 3670 774 3735 musicae
798 3675 831 3734 et
855 3670 1039 3735 saltationis
1062 3675 1172 3755 partes
1196 3671 1324 3735 fuerint.
1362 3669 1424 3735 Sed

147 3779 329 3844 brevissimi
352 3780 387 3843 in
410 3780 470 3845 hac
489 3782 581 3864 parte
601 3778 732 3862 erimus,
754 3777 906 3860 quoniam
926 3778 965 3841 de
984 3778 1155 3862 potissima
1173 3783 1264 3863 parte
1284 3779 1425 3842 musicae
1488 3830 1498 3853 ,

147 3886 237 3970 artis,
259 3886 301 3954 de
320 3886 463 3951 numeris
486 3886 558 3950 dim
583 3891 616 3951 et
639 3884 826 3967 harmoniis
850 3884 915 3949 iam
935 3880 1091 3949 in'altero
1109 3884 1194 3949 libro
1214 3885 1331 3949 horum
1351 3885 1425 3950 Pro-

146 3991 390 4079 legomenorum
414 3993 635 4078 disseruimus,
660 3993 697 4057 de
718 3991 822 4056 modis
842 3997 950 4056 autem
969 3992 1102 4056 musicis
1121 3992 1263 4056 et-chori
1282 3994 1425 4057 motibus

146 4100 212 4166 fere
239 4101 321 4166 nihil
349 4103 430 4166 certi
458 4106 491 4166 et
520 4101 606 4186 quod
634 4122 702 4164 rem
731 4104 806 4163 ante
835 4099 946 4165 oculos
973 4100 1068 4164 nobis
1098 4105 1200 4184 ponat
1223 4106 1424 4185 compertum

146 4208 311 4273 habemus.
358 4209 443 4274 Nam
471 4214 566 4275 notas
595 4208 736 4274 musicas
763 4207 943 4291 primorum
967 4230 1118 4273 versuum
1143 4207 1295 4272 carminis
1318 4207 1352 4273 P.
1373 4227 1384 4271 1
1408 4232 1427 4272 a

238 4442 262 4507 1)
285 4438 357 4490 Vide
377 4438 462 4492 schol.
483 4438 513 4491 O.
529 4458 556 4491 vr
573 4445 631 4492 148.
656 4457 685 4489 ur
700 4443 758 4492 163.
792 4436 821 4493 P.
837 4443 896 4491 116.
925 4444 997 4491 v24.
1015 4442 1131 4492 96.138.
1160 4445 1226 4492 v11.
1252 4442 1357 4492 riuti).
1392 4438 1425 4493 N.

146 4527 174 4562 w
192 4511 618 4651 14⁸2){liiiircbimportariitatem
632 4580 743 4649 mythos
759 4578 928 4633 carminibus
944 4580 1061 4649 epinicia
1076 4580 1216 4635 inserendi
1232 4581 1345 4651 egregie
1361 4579 1424 4632 illu-

147 4653 249 4707 stravit
267 4656 295 4706 et
309 4656 408 4707 contra
422 4652 539 4706 subtiles
554 4652 677 4707 rationes
693 4651 826 4706 Boeckhii
842 4651 1081 4721 recentiorumque
1096 4652 1282 4722 interpretum
1298 4651 1425 4706 defendit

146 4724 358 4779 Draclnnauuus
381 4725 410 4777 in
434 4724 505 4777 libro
525 4725 630 4779 llanioe
654 4724 771 4793 scripto,
795 4723 845 4778 sed
869 4722 972 4792 partim
995 4724 1087 4777 latina
1110 4726 1237 4778 oratione
1257 4723 1425 4791 alienigenis

88 4828 102 4853 ι
146 4796 306 4851 homiuibus
334 4796 476 4865 putrefacto
505 4799 544 4849 lle
572 4796 757 4850 recentiorum
785 4795 1016 4865 interpretatione
1040 4796 1203 4863 l'indarica,
1232 4796 1425 4865 Kopouhagou

151 4876 229 4922 1891.

201 4969 326 5009 Pisanus
340 4969 374 5009 cd.
389 4968 495 5009 Christ.
1197 4977 1216 5028 g
