3406 5378
712 392 836 443 Nauae
855 394 901 445 IV.

223 552 396 637 ἠΰπυργον
420 551 507 629 ἕδος,
531 554 608 639 δίκᾳ
631 552 777 639 ξεναρκίι
801 556 916 620 κοινὸν

223 657 353 742 φέγγος.
400 661 431 724 εί
453 658 483 723 δ’
509 662 557 724 ἔτι
582 663 711 744 ζαμενεῖ
737 664 931 745 Τιμόκριτος
954 660 1051 749 ajello

222 776 287 843 σῶς
309 768 416 850 πατὴρ
440 765 618 849 ἐθάλπετο,
641 771 793 832 ποικίλον
815 771 998 853 κιθαρίζων

170 888 203 937 15
223 873 288 956 ἅμα
310 896 345 937 κε
369 874 452 961 τῷδε
476 873 564 957 μέλει
590 872 719 950 κλιθείς

222 979 329 1063 ὕμνον
352 981 510 1064 κελάδησε
534 985 725 1045 καλλίνικον

223 1180 416 1242 Κλεωναίου
439 1177 468 1241 τ’
490 1176 546 1241 ἀπ’
568 1176 696 1260 ἀγῶνος
719 1178 839 1262 ὕρ-μον
862 1179 1037 1262 στεφάνων

220 1282 384 1367 πέμψαντι
408 1283 461 1348 καί
486 1290 629 1370 λιπαρᾶν

222 1390 403 1475 εὐωνύμων
427 1389 483 1455 ἀπ’
507 1389 667 1468 Ἀθανᾶν,

267 1497 391 1579 Θήβαις
414 1494 444 1560 τ’
469 1495 506 1561 ἐν
531 1495 727 1574 ἑπταπύλοις

169 1620 204 1667 ub
223 1601 331 1667 οὕνεκ’
356 1601 603 1687 Ἀμφιτρύωνος
626 1602 750 1684 ἀγλαὸν
773 1604 861 1688 παρὰ
884 1604 1010 1687 τύμβον

225 1711 387 1793 Καδμεῖοί
407 1733 462 1773 νιν
485 1709 546 1774 οὐκ
570 1708 720 1786 ἀέκοντες
742 1712 861 1775 ἄνθεσι
883 1714 1036 1795 μίγνυον,

226 1818 365 1899 Αἰγίνας
388 1815 487 1880 ἕκατι.
532 1821 660 1900 φίλοισι
685 1818 746 1901 γὰρ
771 1821 868 1899 φίλος
891 1817 1001 1881 ε’λθὼν

223 1922 332 2002 ξένιον
355 1925 437 1987 ἄστυ
460 1922 663 2007 κατέδραμεν

218 2028 398 2114 Ἡρακλέος
422 2030 538 2113 ὀλβίαν
561 2032 643 2115 πρὸς
666 2032 779 2097 αὐλάν.

170 2244 204 2291 ‘25
224 2226 284 2303 ξύν
308 2219 334 2312 gd
358 2248 435 2291 ποτε
464 2229 586 2308 Τροΐαν
610 2228 778 2310 κραται-ὸς
807 2228 961 2311 Τελαμὼν
1247 2231 1326 2311 Στρ.
1347 2226 1389 2291 δ’.
1408 2245 1443 2291 ιο

244 2427 283 2474 12.
304 2420 448 2488 ἠύποργον
467 2419 592 2474 Schmid:
613 2419 753 2489 εὔπυργον
766 2421 836 2487 BD,
858 2417 1016 2489 ὑψίπυργον
1035 2422 1105 2477 coni.
1121 2420 1274 2475 Schroeder
1287 2452 1321 2460 -
1338 2425 1378 2475 13,
1399 2424 1413 2485 ζ
1434 2452 1442 2460 -

170 2495 253 2559 {tepet
276 2490 458 2546 scholiastam
478 2490 580 2557 legisse
599 2492 795 2560 putationis,
814 2490 929 2559 ζαμενὲς
947 2492 1017 2546 coni.
1034 2492 1125 2561 Bergk
1146 2524 1177 2531 —
1200 2497 1240 2545 14.
1260 2500 1312 2552 σῶς
1331 2491 1443 2561 scripsi:

170 2563 217 2625 σὸς
235 2562 315 2617 codd.
331 2569 360 2617 et
379 2561 473 2630 schol,
494 2560 523 2624 ὃς
542 2562 612 2615 coni.
633 2562 718 2615 l‘auw
736 2595 771 2602 -
791 2569 831 2615 15.
852 2562 910 2631 ἅμα
930 2562 1040 2634 scripsi:
1060 2564 1141 2633 θύμα
1161 2562 1240 2617 codd.
1260 2566 1289 2616 et
1308 2562 1394 2617 schol.
1408 2596 1443 2603 —

172 2640 212 2689 16.
232 2631 339 2703 ὕμνον.
357 2678 361 2688 -
379 2678 383 2687 -
401 2633 541 2703 πέμψαντι
563 2633 632 2687 coni.
652 2633 751 2689 Pauw:
770 2632 859 2703 ὕμνον
874 2679 879 2688 .
895 2679 900 2689 .
915 2679 920 2689 .
936 2632 1089 2704 πέμψαντα
1108 2634 1196 2701 codd,
1216 2632 1304 2702 ὕμνον
1320 2634 1443 2704 ...πέμ-

170 2717 278 2771 ψαντος
297 2705 396 2769 schol,
415 2706 478 2759 υἱὸν
495 2749 499 2758 .
517 2750 521 2758 .
539 2702 710 2773 ,πέμψαντα
730 2704 800 2759 coni.
818 2705 910 2775 Bergk
930 2737 966 2746 -
989 2712 1099 2760 19-38.
1123 2706 1152 2759 in
1173 2706 1202 2759 D
1223 2705 1258 2759 ab
1283 2705 1341 2758 ulie
1359 2722 1444 2759 manu

170 2777 278 2831 exarati
298 2780 363 2830 sunt
380 2808 415 2816 —
436 2783 475 2831 19.
495 2775 521 2830 τ’
543 2794 596 2830 om.
616 2776 646 2829 D
665 2807 695 2816 —
717 2782 759 2829 20.
779 2776 895 2831 οὕνεκεν
915 2778 941 2830 Β
952 2777 981 2830 D
1000 2809 1033 2817 -
1052 2782 1093 2831 ⁸23.
1114 2774 1217 2842 ξείνιον
1237 2777 1303 2831 ΒΙ)
1316 2809 1351 2816 -
1365 2775 1443 2831 κατί-

171 2849 277 2917 δραμεν
299 2847 395 2902 Tricl.:
419 2846 593 2915 κατέδρακεν
616 2848 683 2901 BD
705 2851 735 2901 et·
757 2847 841 2902 schol.
863 2880 896 2888 —
915 2854 957 2902 25.
982 2847 1114 2915 κραταιὸς
1136 2847 1183 2901 vel
1208 2846 1353 2915 κράτιστος
1372 2848 1443 2902 coni.

171 2918 296 2974 Schmid:
316 2918 449 2986 καρτερὸς
467 2921 494 2973 Β
512 2920 538 2972 ί)
559 2952 589 2959 -

243 3068 283 3116 12.
303 3062 447 3130 ἠΰπυργον
464 3078 515 3130 pro
529 3059 639 3127 vulmari
655 3061 803 3129 εὔπυργον,
823 3062 855 3114 cs.
872 3062 908 3114 ad
923 3062 954 3115 Ο.
970 3081 987 3115 v
1002 3078 1027 3116 m
1042 3094 1074 3101 —
1092 3066 1132 3115 13.
1151 3059 1216 3135 δίκᾳ
1231 3060 1328 3115 κοινὸν
1342 3059 1445 3131 φέγγος

171 3132 311 3201 quomodo
326 3132 470 3201 ἠΰπυργον
489 3130 551 3195 ἕδος
571 3131 628 3183 sire
644 3132 753 3201 Aegina
772 3132 890 3199 dicatur,
909 3137 989 3201 patet
1007 3132 1111 3188 collato
1130 3132 1161 3187 Ο.
1177 3151 1225 3185 vm
1239 3148 1264 3186 ee
1283 3163 1316 3172 —
1337 3139 1378 3187 14.
1398 3132 1445 3195 σὸς

171 3204 277 3271 πατήρ,
297 3204 372 3271 quod
391 3203 500 3256 codices
519 3206 549 3256 ct
567 3201 676 3256 scholia
694 3203 839 3271 exhibent,
858 3203 906 3257 vix
925 3222 1022 3258 sunum
1043 3207 1098 3268 est,
1117 3203 1185 3272 quia
1203 3207 1232 3257 et·
1250 3208 1315 3257 ente
1335 3206 1445 3274 etpost

171 3274 369 3328 Timasarshus
388 3275 501 3327 tert-iam
520 3291 668 3344 personam
686 3273 791 3339 induit3
811 3292 867 3342 qua
886 3274 920 3328 de
940 3292 1026 3329 causo
1044 3275 1138 3330 nescio
1157 3292 1192 3328 an
1207 3275 1237 3327 in
1251 3278 1344 3329 vetere
1359 3276 1444 3345 scrip-

171 3349 234 3399 tura
250 3349 331 3400 ΣΟΣ
341 3345 432 3398 lateat
446 3354 499 3407 οὼς
518 3344 729 3413 lcf.P.1111a;);
749 3345 820 3398 nihil
839 3348 933 3400 autem
952 3347 989 3399 ad
1008 3346 1157 3401 lectionem
1176 3346 1222 3407 σὸς
1239 3346 1444 3400 defendendam

172 3417 272 3470 similis
291 3417 368 3470 locus
387 3416 421 3469 N.
441 3435 458 3468 v
481 3434 503 3469 ιο
521 3416 605 3482 valet,
625 3416 724 3485 utqui
743 3417 848 3485 etipse
868 3422 1013 3488 corruptus
1033 3417 1070 3471 sit
1090 3421 1119 3472 et
1136 3415 1246 3470 medela
1265 3417 1393 3487 indigeat
1411 3450 1443 3459 -

174 3495 214 3542 15.
234 3487 305 3557 ἅμα,
330 3488 403 3556 quocl
423 3487 553 3541 similiter
571 3491 656 3555 atque
679 3487 713 3542 N.
732 3506 752 3540 n
771 3508 783 3542 e
802 3504 834 3541 ex
854 3492 985 3560 corrupta
1002 3488 1123 3544 lectione
1141 3487 1222 3557 θύμα
1241 3488 1444 3542 restituendum

172 3559 235 3627 fuit,
255 3559 413 3613 illustratur
426 3558 581 3612 Horatiano
596 3560 720 3613 concisus
733 3561 834 3613 νιαίοκε
846 3569 927 3628 poeta
962 3562 1041 3615 lectra
1055 3560 1094 3629 (C.
1109 3578 1136 3613 ιν
1151 3576 1171 3624 ε,
1185 3563 1221 3625 er)
1236 3591 1269 3599 -
1287 3565 1327 3612 16.
1342 3557 1444 3629 ὕμνον·

171 3648 234 3684 cum
253 3631 372 3698 hymnus
392 3629 451 3700 ipse
470 3630 575 3683 fascem
602 3647 765 3683 coronarum
793 3630 906 3685 mittere
936 3579 993 3686 <bei
1020 3632 1066 3685 rix
1094 3630 1195 3701 possit,
1224 3629 1367 3699 πέμψαντι
1415 3649 1445 3686 ro

171 3702 323 3771 πέμψαντα
352 3701 510 3756 coniectura
538 3718 669 3771 reponere
696 3700 782 3755 malui
808 3733 839 3741 —
862 3709 903 3758 17.
925 3701 1094 3757 Κλεωναίου·
1120 3700 1298 3767 Κλεωναίων,
1323 3701 1372 3770 qui
1390 3650 1446 3757 iic-

172 3790 282 3828 mea-eos
306 3773 386 3826 ludos
410 3772 662 3833 administrabo-nt:
685 3791 710 3827 v.
730 3772 764 3826 N.
785 3793 801 3825 x
820 3790 846 3827 ee
865 3778 894 3827 et
912 3774 984 3828 Prol.
1005 3792 1113 3827 nxxxvn
1134 3806 1164 3813 -
1186 3777 1226 3827 18.
1250 3778 1373 3842 λιπαρᾶν
1396 3792 1444 3845 up·

172 3844 310 3899 tissimum
330 3844 474 3914 epitheton
495 3845 665 3899 Athenarum
685 3850 726 3897 cst
746 3862 779 3897 ex
799 3845 978 3914 dithyrambo
998 3844 1162 3899 Atheniensi
1182 3845 1224 3913 (fr.
1245 3848 1281 3913 το)
1303 3849 1445 3915 sumptum

173 3948 205 3956 -
226 3922 266 3970 18.
288 3915 395 3987 Θήβαις
414 3915 443 3969 ἐν
464 3915 630 3977 ἑπταπύλοις
649 3916 728 3969 iuxta
748 3917 897 3986 εὐωνύμων
915 3915 966 3970 ἀπ’
987 3915 1109 3971 Ἀθανᾶν
1130 3915 1216 3969 simili
1234 3916 1296 3970 loco
1316 3917 1346 3972 Ο.
1362 3936 1401 3971 111
1421 3934 1444 3972 ιι

172 3986 285 4041 defendi
312 3989 418 4055 potest;
447 3988 494 4039 scd
524 3986 634 4041 fertilior
659 3987 705 4041 via
734 3987 938 4058 interpretandi
964 3992 1019 4051 est,
1048 3988 1071 4039 si
1098 3986 1209 4056 virgula
1233 3992 1298 4056 post
1323 3986 1445 4043 Ἀθανᾶν

171 4058 264 4127 posita
291 4057 377 4111 verbe
403 4058 433 4110 ἐν
456 4058 562 4130 Θήβαις
583 4076 646 4112 cum
665 4058 782 4128 μίγνυον
803 4059 926 4112 innueris
948 4091 980 4099 -
1003 4065 1045 4112 ⁴20.
1061 4058 1264 4127 Ἀμφιτρύωνος
1284 4059 1361 4125 παρὰ
1380 4059 1445 4141 τύμ-

171 4133 222 4201 βον
238 4174 242 4181 .
260 4174 264 4183 .
282 4173 287 4181 .
304 4134 345 4182 24.
359 4126 509 4195 Ἡρακλέος
527 4129 596 4196 πρὸς
615 4128 717 4184 αὐλάν·
737 4129 797 4183 ludi
816 4130 946 4184 Heraclei
964 4147 1020 4184 non
1039 4130 1069 4183 in
1083 4134 1175 4184 vetere
1196 4130 1288 4184 stadio
1308 4130 1443 4197 Hereuhe,

171 4200 246 4268 quod
261 4204 340 4253 extra
354 4200 481 4253 Electrae
496 4203 606 4280 portum
620 4218 706 4270 prope
720 4202 817 4254 fanum
831 4200 959 4254 Herculis
978 4206 1007 4255 et
1025 4201 1138 4254 domum
1153 4201 1364 4270 Amphitryonis
1383 4205 1445 4257 eret

171 4284 206 4333 (v.
223 4272 304 4325 Paus.
320 4290 347 4323 nr
363 4288 394 4324 11.
422 4270 575 4337 Fabricius,
595 4271 709 4325 Theben
728 4291 754 4341 p.
770 4276 815 4341 er),
834 4273 999 4343 agebantur,
1019 4271 1068 4325 sed
1087 4271 1115 4323 in
1135 4271 1228 4340 arnplo
1247 4272 1340 4326 stadio
1360 4278 1444 4340 atque

172 4341 355 4413 hippodromo
381 4359 467 4411 prope
491 4342 702 4414 Amphitryonis
727 4348 755 4397 et
774 4344 842 4397 lolui
863 4360 1007 4397 commune
1027 4343 1184 4413 sepulcrum
1203 4345 1283 4396 extra
1301 4344 1445 4398 Proetides

170 4419 280 4482 portam
300 4415 333 4467 cf.
350 4414 377 4466 P.
394 4433 422 4466 nr
436 4432 469 4467 si.
498 4414 578 4467 Hunc
598 4414 634 4467 ud
653 4414 754 4481 locum,
773 4415 821 4483 qui
840 4415 868 4468 in
884 4414 1001 4484 planitie
1016 4414 1087 4467 situs
1102 4419 1170 4479 crat,
1186 4430 1248 4467 cum
1264 4414 1444 4469 'Pimueercho

172 4501 205 4538 ex
220 4484 343 4539 Cadmea
362 4502 425 4538 erce
444 4489 473 4538 et
491 4486 559 4539 urbe
578 4486 719 4555 superiore
739 4487 940 4540 decurrendum
960 4490 1041 4553 esset,
1061 4484 1232 4554 Byzantinos
1246 4486 1445 4553 grammaticos

171 4561 292 4610 veterem
308 4554 456 4609 lectionem
471 4558 643 4624 κατέδρακεν
652 4560 727 4611 recte
742 4558 904 4611 emendasse
919 4557 1055 4620 iudicusi3
1071 4557 1263 4612 accusativum
1274 4554 1367 4621 ξένιον
1377 4558 1445 4612 dero

170 4628 207 4681 ad
226 4626 463 4698 praepositionem
483 4628 553 4681 κατὰ
571 4627 649 4681 verbi
667 4628 816 4697 compositi
835 4628 1008 4696 κατέδραμεν
1027 4628 1106 4695 (ἄνευ
1126 4626 1189 4681 κάτ’
1211 4626 1341 4696 ἔδραμεν)
1360 4645 1443 4697 tynam

171 4699 208 4752 acl
222 4698 403 4769 participium
418 4697 509 4752 ἐλθὼν
523 4699 619 4752 referri
633 4704 761 4768 praestat
774 4731 805 4739 —
819 4706 860 4753 21.
877 4700 979 4752 ἄνθεσι
992 4696 1118 4768 μίγνυον,
1132 4699 1239 4767 fronde,
1254 4715 1310 4779 qua
1324 4698 1444 4753 victores

172 4770 287 4824 obruere
302 4770 432 4823 solebant
446 4769 490 4823 cl.
506 4771 535 4823 Ρ.
550 4789 578 4822 rx
593 4784 648 4837 ree),
668 4774 718 4823 uut
737 4786 838 4823 corona
857 4772 973 4839 myrtea,
993 4786 1050 4837 (lua
1068 4770 1188 4824 victores
1206 4769 1282 4823 ludis
1301 4769 1444 4825 Heracleis

173 4841 405 4907 redimiebantur;
429 4841 463 4895 cf.
482 4842 502 4894 l.
522 4859 553 4893 111
571 4858 597 4895 ee
621 4872 653 4880 -
678 4846 711 4893 25
727 4858 762 4895 ss.
787 4840 913 4895 Herculis
938 4843 965 4895 et
983 4840 1142 4895 Telamonis
1165 4846 1262 4896 contra
1281 4840 1394 4895 Troiam
1417 4844 1446 4895 et
