3406 5378
708 373 866 422 OLYMI'IA
884 372 933 423 IX.
1417 372 1459 433 69

178 536 228 599 καὶ
255 532 413 617 Ὀλύμπια,
443 536 483 610 ὡς
513 543 675 618 προεῖπον,
704 535 754 598 καὶ
784 539 891 599 Πύθια
920 533 968 618 ον’
996 532 1170 618 Ὀλυμπιάδι
1205 531 1270 617 (oq'
1297 534 1352 598 Ὀλ.
1383 541 1458 600 coni.

179 629 340 706 Hermann,
359 630 404 708 ιγ’
427 626 565 688 Πυθιάδι
583 628 658 689 coni.
673 620 808 708 Boeckh)
825 675 830 686 .
847 673 853 686 .
870 674 875 686 .
891 625 940 687 uoti
958 625 1014 708 γάρ
1034 628 1142 688 Πύθια
1159 626 1295 706 ἐνίκησεν
1315 623 1457 708 ὁἘφάρ-

179 734 285 796 μοστος
304 715 358 794 τήν
377 711 424 797 λγ’
439 710 496 798 (sic'
511 717 546 794 A,
562 711 590 775 λ’
604 710 713 796 vulgo)
728 716 881 777 Πυθιάδα.
907 718 979 776 Inde
998 717 1189 777 Hermannus
1207 719 1262 778 hoc
1282 738 1399 778 carmen
1420 719 1456 776 ad

179 806 225 868 Ol.
242 809 282 867 78
304 833 346 854 =
366 809 430 867 488
451 827 477 866 a.
494 807 570 884 chr,
593 806 762 866 Boeckhius
785 807 896 865 rectius
920 807 958 865 ad
982 805 1028 867 Ol.
1044 809 1082 867 81
1107 833 1149 854 =
1170 811 1233 866 456
1249 828 1275 868 a.
1292 807 1357 866 Chr.
1373 827 1457 867 revo-

178 896 270 974 cavit,
295 916 386 972 quam
416 897 454 955 ad
481 896 714 956 controversiam
742 896 857 974 redibo,
885 899 1048 972 postquam
1076 900 1288 975 argumentum
1317 896 1457 956 carminis

178 1004 364 1045 enarravero.

257 1074 293 1132 In
307 1075 459 1150 prooemio
473 1078 564 1151 pocta
579 1075 701 1151 exponit
711 1072 868 1151 Olympiae
882 1079 952 1151 post
965 1075 1061 1152 ipsam
1073 1075 1230 1134 victoriam
1239 1076 1371 1135 veterem
1384 1094 1454 1133 can-

178 1164 302 1223 tilenam
312 1163 483 1223 Archilochi
495 1164 653 1241 suffecisse,
664 1183 743 1222 nunc
755 1183 825 1224 vero
837 1164 950 1223 victore
963 1164 993 1222 in
1006 1164 1137 1241 patriam
1148 1164 1255 1224 reduce
1266 1161 1455 1240 Olympicum

177 1254 317 1329 palmam,
341 1253 390 1311 cui
412 1252 559 1329 Delphica
582 1253 751 1329 accesserit,
775 1253 972 1328 splendidiore
996 1253 1125 1313 carmine
1148 1253 1359 1312 illustrandam
1383 1271 1454 1329 esse,

178 1360 239 1418 quo
263 1361 385 1401 munere
408 1343 453 1401 ita
476 1361 506 1401 se
529 1342 718 1418 functurum,
746 1345 782 1399 ιιι
809 1341 911 1401 divina
939 1361 994 1400 sua
1017 1346 1081 1402 arte
1105 1343 1230 1402 celerius
1254 1361 1345 1419 quam
1369 1342 1454 1417 equis

141 1483 151 1498 ,
176 1430 364 1507 navibusque
386 1432 501 1491 laetum
524 1431 665 1490 nuntium
685 1431 822 1509 divulget
835 1423 961 1511 (1-27).
995 1435 1096 1508 Atque
1120 1431 1251 1508 primum
1274 1435 1310 1489 ut
1332 1431 1454 1491 virtutis

178 1520 322 1579 divinitus
353 1520 461 1580 insitae
484 1521 545 1579 vim
569 1521 712 1597 declaret,
744 1520 782 1579 ad
811 1520 946 1580 facinora
975 1520 1115 1581 Herculis
1141 1521 1239 1581 herois
1267 1541 1302 1579 ne
1331 1521 1453 1579 deorum

177 1609 298 1686 quidem
320 1629 455 1688 pugnam
478 1610 672 1669 detractantis
696 1610 846 1668 narranda
870 1610 1019 1686 abripitur
1041 1603 1189 1687 (se—35),
1217 1610 1268 1669 sed
1296 1610 1334 1668 ab
1361 1609 1453 1685 impio

176 1699 231 1758 hoc
254 1698 378 1758 consilio
402 1702 559 1759 revocatus
582 1702 712 1758 veterem
736 1699 848 1757 famam
872 1699 974 1775 stirpis
997 1700 1097 1777 regiae
1121 1697 1323 1775 Opuntiorum
1345 1699 1453 1758 Locro-

176 1807 251 1864 rum,
276 1787 312 1846 ab
336 1789 519 1847 Deucalione
543 1791 573 1847 et
596 1788 712 1864 Pyrrha
735 1791 907 1865 prognatae,
932 1789 1024 1847 refert
1047 1792 1139 1865 atque
1163 1788 1349 1864 splendorem
1372 1786 1454 1846 urbis

177 1875 238 1936 filio
262 1876 460 1955 Protogeniae
484 1880 514 1936 et
536 1877 617 1936 Iovis
641 1876 677 1935 ab
701 1877 796 1936 Locro
819 1897 888 1954 rege
912 1878 1056 1954 adoptato
1080 1877 1292 1937 resuscitatum
1316 1880 1347 1936 et
1369 1877 1453 1936 novis

177 1965 282 2025 incolis
311 1970 434 2025 auctum
463 1967 598 2025 illustrat
621 1958 775 2047 (33-79).'
811 1966 885 2025 Post
911 1966 1108 2043 principalem
1131 1967 1208 2026 hanc
1230 1970 1347 2042 partem
1371 1966 1453 2042 odae,

177 2055 317 2131 mythicis
344 2055 429 2113 illam
457 2055 568 2114 fabulis
596 2058 783 2132 exornatam,
812 2055 849 2112 ad
876 2057 1047 2131 praesentia
1071 2056 1148 2114 redit
1171 2058 1201 2115 et
1224 2055 1453 2130 Lampromachi

177 2146 269 2220 atque
301 2144 494 2220 Epharmcsti
526 2145 638 2203 multas
671 2144 812 2203 victorias
843 2148 976 2204 recenset
1008 2138 1152 2226 (eo-99).
1203 2145 1339 2220 Denique
1370 2164 1453 2220 prae·

177 2233 290 2291 stantia
318 2233 439 2292 innatae
463 2233 585 2292 virtutis
612 2234 766 2292 illustrata
794 2236 824 2291 et
852 2233 889 2291 ad
912 2234 1060 2310 poeticam
1084 2253 1204 2309 quoque
1229 2236 1323 2292 artem
1347 2236 1453 2309 tracta,

176 2321 298 2383 altiores
326 2323 380 2381 sub
409 2322 497 2381 finem
525 2323 650 2398 spiritus
678 2323 782 2398 sumit,
810 2325 845 2380 ut
873 2323 1009 2400 egregias
1036 2323 1163 2381 virtutes
1187 2323 1394 2398 prarmosti,
1422 2323 1452 2380 in

177 2430 230 2470 ara
251 2411 353 2471 Aiacis
377 2431 516 2471 coronam
539 2412 601 2470 iam
623 2411 807 2489 deponentis,
831 2410 935 2469 laudet
958 2415 1049 2487 atque
1072 2411 1227 2488 praeconis
1251 2411 1347 2470 instar
1369 2430 1453 2486 prae·

176 2500 262 2560 dicet.
280 2532 317 2541 -
335 2501 430 2559 Totus
456 2504 546 2577 poeta
572 2501 604 2558 in
632 2505 731 2560 vetere
759 2501 841 2559 fama
867 2500 967 2578 regiae
995 2500 1101 2560 domus
1125 2501 1288 2560 Locrorum
1313 2504 1344 2559 et
1368 2519 1453 2575 prae-

176 2589 265 2648 claris
288 2589 422 2650 victoriis
445 2590 637 2666 Epharmosti
661 2589 849 2648 illustrandis
868 2591 1012 2648 versatur.
1048 2590 1128 2648 Haec
1148 2592 1249 2648 autem
1269 2590 1350 2648 laeta
1369 2609 1452 2665 prae·

176 2678 286 2738 dicatio
311 2679 341 2736 in
365 2679 470 2738 tristia
487 2683 623 2755 tempora
647 2679 718 2737 anni
737 2681 799 2737 456
820 2698 928 2754 parum
951 2679 1098 2754 quadrare
1117 2678 1246 2738 videtur.
1278 2678 1355 2737 Tum
1374 2679 1452 2738 enim

177 2770 246 2843 post
273 2787 406 2845 pugnam
430 2769 467 2827 ad
491 2766 670 2844 Oenophyta
692 2768 855 2828 Locrorum
878 2768 1033 2827 cintatem
1056 2768 1093 2825 ab
1116 2766 1350 2827 Atheniensibus
1373 2770 1452 2827 atro-

70 2863 73 2869 '
176 2856 292 2917 cissime
317 2857 461 2916 afflictam
484 2875 547 2916 esse
571 2860 722 2916 testantur
745 2857 934 2933 Thucydides
957 2862 969 2914 Ι
994 2867 1058 2915 108:
1087 2853 1137 2915 καὶ
1160 2855 1236 2940 μάχῃ
1260 2853 1292 2915 ἐν
1318 2855 1452 2932 Οἰνοφύ-

178 2967 238 3017 τοις
261 2945 332 3017 τοὺς
354 2945 503 3016 Βοιωτοὺς
528 2944 698 3023 νικήσαντες
722 2954 773 3024 τῆς
797 2967 825 3005 τε
849 2945 943 3024 χώρας
965 2943 1129 3023 ἐκράτησαν
1158 2954 1209 3023 τῆς
1232 2945 1373 3016 Βοιωτίας
1403 2944 1453 3005 καὶ

180 3034 317 3106 Φωκίδος
339 3033 389 3094 καί
416 3034 607 3116 Ταναγραίων
631 3033 663 3094 τὸ
687 3040 778 3114 τεῖχος
802 3039 947 3111 περιεῖλον
970 3032 1020 3094 καὶ
1042 3040 1171 3115 Λοκρῶν
1194 3042 1252 3093 τῶν
1273 3028 1453 3094 Ὀπουντίων

176 3118 289 3202 άυδρας
320 3119 451 3201 ὁμήρους
481 3123 549 3195 τοὺς
579 3123 815 3194 πλουσιωτάτους
842 3121 963 3202 ἔλαβον,
987 3128 1017 3182 et
1039 3125 1189 3184 Diodorus
1212 3143 1245 3181 ιιι
1270 3135 1317 3183 83:
1340 3121 1372 3183 ἐκ
1400 3131 1452 3202 τῆς

176 3213 318 3283 Βοιωτίας
346 3210 506 3285 ἀναζεύξας
533 3210 719 3291 ἐστράτευσεν
743 3206 961 3294 (Μυρωνίδης)
984 3210 1031 3272 ε’πδ
1054 3212 1194 3292 Λοκροὺς
1218 3212 1286 3285 τοὺς
1310 3209 1423 3290 ὀνομαζ
1439 3249 1452 3256 -

179 3299 287 3379 μένους
308 3294 511 3379 Ὀπουντίους,
534 3301 657 3373 τούτους
676 3298 707 3360 δὲ
727 3298 755 3374 ἐξ
775 3300 887 3378 ἐφόδου
906 3301 1116 3380 χειρωσάμενος
1134 3301 1184 3361 καὶ
1203 3299 1301 3381 λαβὼν
1322 3298 1452 3380 ὁμήρους

177 3387 314 3469 ἐνέβαλεν
337 3391 379 3463 εἰς
402 3389 456 3469 τήν
480 3390 664 3468 Παρνασίαν.
710 3393 810 3467 Atque
833 3409 880 3450 res
903 3391 1133 3468 diversissimas,
1164 3392 1278 3450 cladem
1301 3392 1452 3467 publicam

176 3483 206 3539 et
235 3481 384 3540 laetitiam
415 3481 624 3557 epiniciorum,
654 3479 855 3557 Luebbertus,
882 3481 926 3539 De
955 3480 1084 3540 Pindaro
1114 3481 1277 3541 Locrorum
1306 3479 1451 3555 Opuntio-

174 3588 242 3628 rum
264 3570 359 3629 amico
383 3574 414 3628 et
436 3572 576 3646 patrono,
606 3570 728 3629 Bounae
755 3572 853 3646 1883,
884 3570 977 3628 amice
1005 3569 1197 3644 conciliabat,
1227 3569 1290 3645 ipse
1319 3569 1349 3626 in
1377 3569 1451 3628 Her-

175 3659 277 3717 manni
310 3658 489 3718 sententiam
520 3659 661 3718 victorias
693 3657 886 3733 Ephamosti
918 3656 1106 3733 Olympicum
1139 3657 1184 3716 Ol.
1211 3661 1264 3736 78,
1292 3659 1450 3734 Pythicam

176 3747 264 3823 Pyth.
290 3750 332 3807 30
356 3773 398 3795 =
423 3745 469 3807 Ol.
490 3751 540 3824 77,
566 3751 583 3808 3
607 3750 776 3823 reportatas
800 3765 862 3806 esse
886 3747 1033 3805 censentis
1056 3766 1181 3825 ruerem,
1206 3747 1263 3806 nisi
1286 3747 1450 3807 auotoritas

176 3836 281 3896 scholii
304 3837 495 3897 Ambrosiani
519 3838 546 3895 A
569 3841 600 3895 et
625 3836 748 3895 traditio
772 3836 880 3895 codicis
903 3835 1029 3895 Medicei
1052 3835 1075 3893 P
1098 3855 1145 3893 me
1168 3836 1338 3895 retinerent.
1385 3835 1451 3906 Oua

175 3925 210 3984 de
239 3944 330 3985 causa
357 3946 391 3985 eo
420 3927 575 4004 confugio,
603 3934 639 3984 ut
669 3926 725 3986 hoc
757 3925 918 4001 epinicium
950 3944 1067 3985 carmen
1101 3943 1159 3983 non
1192 3928 1261 4000 post
1292 3925 1450 3984 victoriam

175 4012 363 4090 Olympicum
386 4015 491 4094 ipsam,
515 4016 565 4074 sed
589 4015 745 4091 aliquanto
768 4014 911 4090 temporis
934 4017 1003 4090 post
1025 4014 1113 4072 rebus
1137 4013 1334 4072 Locrensibus
1353 4014 1449 4073 denuo

174 4103 428 4165 efflorescentibus
451 4105 650 4181 compositum
673 4108 705 4162 et
727 4106 883 4162 cantatum
906 4122 968 4162 esse
992 4104 1107 4163 ducam.

718 4249 762 4312 De
785 4248 906 4312 nstris.

261 4371 408 4429 Carminis
442 4371 531 4430 huius
558 4370 675 4430 numeri
703 4373 774 4428 sunt
799 4362 982 4447 logaoedici,
1013 4370 1124 4430 similes
1154 4371 1319 4431 carminum
1350 4371 1385 4428 N.
1411 4390 1451 4430 rv.

171 4458 194 4516 I.
210 4477 262 4536 vn,
282 4460 339 4518 nisi
359 4460 440 4534 quod
457 4460 548 4518 huius
567 4460 707 4519 carminis
725 4462 841 4518 tractus
864 4450 994 4539 (ἀγωγή)
1018 4459 1129 4520 lentior
1151 4462 1249 4519 factus
1272 4464 1318 4518 est
1341 4460 1450 4519 crebris

172 4547 309 4607 admissis
337 4547 518 4624 ancipitibus
547 4548 684 4626 syllabis,
712 4552 748 4607 ut
774 4567 833 4607 non
861 4548 993 4606 multum
1020 4548 1057 4606 ab
1081 4548 1273 4624 epitritorum
1300 4549 1450 4627 gravitate

173 4636 307 4698 distaret.
336 4635 514 4696 Communia
529 4640 631 4697 autem
648 4638 756 4697 horum
775 4636 941 4696 carminum
960 4639 1124 4697 metrorum
1143 4639 1203 4697 tria
1221 4640 1300 4714 sunt,
1320 4639 1450 4714 primum

172 4726 253 4801 quod
271 4727 406 4801 plerique
428 4745 531 4785 versus
552 4746 587 4785 ex
606 4727 776 4803 tetrapodia
794 4729 825 4785 et
843 4725 1033 4785 breviuscula
1052 4727 1189 4786 clausula
1208 4730 1355 4803 constant,
1376 4728 1450 4786 alte-

172 4833 240 4872 rum
255 4815 335 4890 quod
350 4833 454 4875 cursus
469 4817 677 4876 trochaeorum
692 4815 815 4891 syllabis
835 4815 1017 4892 ancipitibus
1031 4815 1062 4874 in
1078 4816 1173 4892 primo
1192 4816 1266 4892 pede
1282 4808 1361 4895 (basi
1375 4816 1449 4875 Her·
