3406 5378
244 363 286 425 22
715 355 864 407 muniar
882 351 1049 406 arrurcn.

328 542 360 590 75
407 524 479 588 ὅσοι
503 520 532 586 δ’
560 520 744 604 ἐτόλμασαν
767 513 875 601 ἐστρὶς
1202 509 1287 575 Ἀντ.
1311 508 1354 573 δ’.

408 629 588 716 ἑκατέρωθι
611 630 781 711 μείναντες
805 623 868 688 ἀπὸ
891 622 1028 707 πάμπαν
1051 619 1177 684 ἀδίκων
1199 620 1286 702 ἔχειν
1384 633 1434 681 125

315 749 371 815 (70)
408 736 534 821 ψυχάν,
557 737 685 808 ἔτειλαν
707 733 792 808 Διὸς
813 731 895 796 ὁδὸν
918 728 1007 813 παρὰ
1029 728 1165 812 Κρόνου

459 843 589 927 τύρσιν·
614 843 698 904 ἔνθα
721 837 880 923 μακάρων

406 950 508 1025 νάσος
530 947 706 1022 ὠκεανίδες

406 1053 508 1140 αὖραι
530 1052 771 1141 περιπνέοισιν,
795 1053 925 1133 ἄνθεμα
949 1046 984 1113 δὲ
1008 1056 1134 1134 χρυσοῦ
1158 1045 1286 1130 φλέγει,
1386 1061 1436 1110 130

328 1184 362 1230 eo
408 1165 448 1229 τά
471 1159 532 1247 μὲν
554 1163 717 1246 χερσόθεν
740 1156 794 1223 ἀπ’
822 1156 956 1239 ἀγλαῶν
978 1153 1159 1240 δενδρέων,

406 1271 499 1354 ὕδωρ
523 1267 553 1333 δ’
581 1270 663 1332 ἀλλα
687 1264 818 1363 φέρβει,

408 1378 539 1461 ὅρμοισι
562 1386 630 1438 τῶν
652 1371 749 1456 χέρας
771 1367 988 1434 ἀναπλέκοντι
1011 1364 1066 1430 καὶ
1089 1366 1279 1453 κροτάφους
1386 1383 1436 1431 135

319 1583 376 1648 (75)
412 1570 550 1655 βουλαῖς
572 1568 608 1633 έν
631 1567 767 1651 ὀρθαῖσι
787 1561 1050 1647 Ῥαδαμάνθυος,
1222 1560 1290 1628 'Era
1315 1560 1358 1626 d'.

410 1677 449 1741 ὃν
471 1677 578 1759 πατὴρ
603 1677 667 1757 ἔχει

461 1781 561 1867 μέγας
585 1778 716 1862 ἑτοῖμον
739 1777 842 1864 αὐτῷ
865 1776 1047 1863 πάρεδρον,

330 1908 363 1955 85
409 1891 506 1964 πόσις
523 1887 545 1952 ’ὁ
569 1886 703 1949 πάντων
722 1881 809 1959 Ῥέας
830 1882 1030 1968 ὑπέρ-τατον
1054 1881 1184 1967 ἐχοίσας
1205 1886 1344 1967 θρόνον.
1387 1899 1437 1947 140

410 1995 542 2078 Πηλεύς
564 2016 598 2056 τε
621 1988 676 2054 καὶ
699 1990 835 2074 Κάδμος
858 1988 894 2054 έν
917 2001 1024 2056 τοῖσιν
1046 1989 1235 2074 ἀλέγονται·

405 2099 554 2184 Ἀχιλλέα
578 2096 604 2162 τ’
633 2095 748 2179 ἔνεικ’,
771 2094 839 2161 ἐπεὶ
865 2098 972 2179 Ζηνὸς
995 2091 1074 2181 ἦτορ

316 2218 373 2286 (80)
410 2213 516 2283 λιταῖς
538 2208 659 2285 ἔπεισε,
683 2203 801 2288 μάτηρ·

251 2464 291 2511 74.
319 2451 514 2523 ἀπροσόρατον
538 2452 644 2506 ABD:
669 2450 882 2519 ἀπροσοόρατον
907 2453 941 2518 0,
965 2448 1143 2519 ἀπροόρατον
1169 2452 1209 2506 0¹
1234 2484 1265 2491 —
1291 2449 1412 2522 έκχέοντι
1438 2454 1465 2506 Α
1495 2485 1526 2491 --

252 2535 292 2583 ῖ6.
314 2526 449 2592 ἑκάτερθε
466 2526 488 2578 0
495 2524 503 2554 ¹
524 2556 554 2562 κ
576 2521 671 2647 ἐχέρεν
687 2522 710 2577 0
728 2555 758 2561 --·
780 2528 820 2576 il.
842 2521 949 2576 ἔτειλαν
963 2522 1046 2576 Tricl.
1062 2525 1091 2576 et
1105 2522 1204 2578 schol:
1224 2522 1349 2577 ἔστειλαν
1363 2524 1485 2578 ABCD
1499 2526 1529 2577 et

250 2598 380 2671 paraphr.
402 2629 433 2636 -
455 2599 496 2650 78,
516 2601 602 2656 νᾶσος
643 2593 701 2646 ricl.
722 2596 751 2647 et
768 2593 913 2662 paraphr.:
938 2601 1024 2648 νᾶσον
1043 2593 1165 2648 ABOD
1192 2626 1223 2634 -
1252 2600 1293 2650 79.
1319 2591 1529 2662 περιπνείουσιν

250 2674 285 2735 A,
305 2665 543 2736 περιπνέοισανΒ
562 2697 593 2704 -
614 2669 655 2718 82.
676 2663 836 2733 κροτάφους
855 2664 925 2718 coni.
937 2664 1071 2720 Karsten:
1090 2665 1248 2734 στεφάνους
1264 2666 1324 2720 AB
1332 2666 1408 2734 0¹1),
1427 2666 1528 2735 στεφά-

250 2762 310 2804 νοις
322 2740 441 2810 (λ’Βγε..
455 2737 580 2806 κεφαλάς
590 2736 661 2791 coni.
671 2736 758 2789 Paurv
774 2767 805 2776 -
821 2742 863 2789 83.
879 2736 991 2807 βουλαῖς
1002 2735 1032 2790 έν
1043 2736 1157 2804 ὀρθαῖσι
1171 2737 1232 2791 AB
1238 2761 1244 2792 :
1260 2738 1403 2809 βουλαῖσιν
1413 2737 1529 2806 ὀρθαῖσι

253 2816 281 2879 0,
300 2814 413 2885 βουλαῖς
427 2809 541 2878 ὀρθαῖσι
556 2808 586 2861 D
605 2839 638 2846 -
658 2812 700 2860 84.
720 2804 806 2875 μέγας
824 2806 1009 2862 Mommsen¹:
1029 2816 1080 2876 γᾶς
1098 2811 1108 2877 l
1126 2816 1158 2877 ῆς
1172 2807 1254 2878 AC')
1269 2808 1402 2875 Aeon,
1420 2813 1447 2864 K
1465 2807 1530 2872 όνος

251 2883 344 2950 Tricl,
364 2881 469 2952 χθονὸς
483 2880 646 2946 Mommsen,
662 2877 730 2940 Διὸς
743 2882 807 2947 post
820 2877 965 2933 Pauvvium
980 2878 1090 2946 Kaihel,
1108 2829 1201 2933 idern.
1218 2895 1251 2948 re,
1266 2893 1306 2934 rso
1319 2887 1371 2949 γᾶς
1385 2896 1418 2934 ex
1433 2830 1529 2950 glossa

251 2964 319 3018 ταῖς
335 2951 456 3024 proximi
474 2968 571 3006 versus
591 2951 682 3003 ortum
702 2964 761 3002 esse
785 2952 877 3016 ratus,
901 2947 934 3004 ὅν
952 2969 981 3004 τε
1003 2953 1060 3013 Γᾶς
1084 2949 1139 3021 ἔχει
1162 2950 1229 3013 πάῖς
1247 2949 1307 3020 ipse
1330 2951 1360 3005 in
1403 2951 1529 3006 roecdosi

251 3030 428 3082 tentaveram
447 3055 482 3063 -
501 3027 543 3076 86.
567 3019 664 3084 πόσιος
682 3020 876 3074 Aristarchum
894 3021 1027 3090 probasse
1051 3021 1159 3076 scholia
1177 3025 1302 3077 narrant.
1321 3053 1354 3063 -
1415 3021 1530 3090 ἑρτατον

250 3097 349 3152 Trici:
373 3095 490 3219 θπατοὲ
505 3093 628 3148 ABOD
652 3123 684 3133 -
709 3089 818 3162 ἐχοίσας
840 3099 908 3155 παῖς
930 3090 1039 3161 θρόνον
1062 3094 1195 3161 ABCD,
1219 3101 1286 3157 παῖς
1304 3091 1371 3149 eiec.
1391 3093 1474 3149 'l'ricl
1496 3124 1527 3134 ——

251 3174 294 3225 87.
314 3165 411 3238 ἀχιλέα
429 3167 457 3221 A
510 3197 541 3205 -

252 3311 351 3376 solvit,
371 3308 481 3379 piorum
501 3311 608 3378 septem
626 3305 754 3361 versibus
773 3309 936 3376 persecutus
956 3308 1011 3375 est,
1035 3305 1089 3360 hoc
1107 3310 1192 3377 poeta
1211 3307 1377 3361 consolandi
1395 3307 1530 3363 Theronis

251 3398 337 3437 causa
350 3379 427 3448 fecit,
444 3378 489 3432 cui
503 3378 637 3432 nimirum
652 3378 728 3432 laeta
743 3394 802 3431 sors
817 3378 935 3448 piorum,
949 3394 1006 3431 non
1022 3376 1112 3432 tristis
1130 3378 1321 3449 improborum
1340 3380 1530 3449 exspectanda

253 3453 309 3508 fuit
328 3485 360 3492 —
382 3458 423 3506 75.
442 3449 666 3521 palingenesiam
688 3466 745 3503 non
767 3453 933 3573 perpetuam
955 3466 1016 3504 esse
1035 3449 1202 3517 credebant,
1221 3452 1253 3504 ut
1271 3449 1403 3521 deinceps
1422 3467 1531 3522 semper

251 3525 363 3581 animae
381 3523 411 3575 in
429 3525 533 3576 terram
552 3521 769 3589 remitterentur,
785 3537 814 3574 se
848 3523 892 3574 ter
905 3521 1048 3590 probatas,
1064 3538 1127 3575 cum
1141 3521 1256 3576 tertium
1269 3521 1403 3576 remissae
1417 3521 1529 3576 sceleris

251 3612 337 3670 purae
361 3594 544 3661 mansissent,
568 3592 642 3646 inter
664 3592 812 3646 beatarum
834 3609 980 3646 numerum
1003 3592 1090 3663 recipi
1114 3596 1143 3647 et
1165 3592 1194 3647 in
1213 3591 1302 3662 Elysii
1321 3609 1435 3664 campos
1453 3593 1529 3647 mitti

252 3699 285 3710 -
311 3672 352 3720 77.
377 3666 445 3728 Διὸς
468 3663 535 3718 ὀδόν
560 3661 711 3733 Orphicum
754 3662 832 3717 oesin
855 3680 953 3734 sapere
976 3664 1105 3719 Dissenio
1133 3668 1162 3718 et
1189 3665 1244 3719 Ber
1263 3663 1311 3718 kio
1339 3681 1433 3734 opusc,
1451 3683 1473 3718 11
1491 3681 1530 3721 ros

251 3738 373 3805 ridetur,
392 3754 449 3805 qua
468 3736 502 3789 de
522 3733 663 3789 sententia
682 3751 714 3788 co
748 3750 777 3788 er
796 3735 919 3789 sobrium
933 3735 1069 3791 iudicium
1083 3736 1188 3790 Erwini
1202 3683 1300 3791 Rohde
1315 3735 1421 3805 Psyche
1441 3755 1467 3807 p.
1481 3749 1529 3792 soa

252 3810 381 3866 Ceterum
401 3808 551 3862 Saturnum
571 3805 781 3859 iam-Hesiodus
796 3822 860 3877 opp.
876 3823 914 3861 rso
929 3825 964 3862 ss.
983 3824 1068 3862 aurea
1082 3811 1176 3863 aetate
1191 3806 1340 3890 deperdita
1354 3806 1384 3861 in
1399 3807 1529 3862 extremis

253 3884 344 3936 terrae
364 3878 491 3933 terminis
513 3877 670 3931 insularum
688 3878 834 3931 beatorum
854 3881 994 3948 sceptrum
1017 3882 1111 3934 tenere
1135 3879 1255 3933 tradidit
1278 3910 1310 3920 -
1335 3877 1447 3949 Κρόνον
1464 3879 1529 3946 τόρ-

254 3969 310 4007 σιν·
333 3950 445 4006 Saturni
465 3965 566 4017 arcem‚
586 3967 603 4002 a
622 3965 678 4017 qua
702 3965 757 4002 non
781 3948 892 4004 differre
915 3951 997 4004 oredo
1021 3950 1134 4004 Homeri
1157 3949 1291 4005 Λευκάδα
1313 3948 1419 4018 πέτραν
1438 3953 1469 4020 (ω
1494 3952 1531 4018 11)

253 4028 282 4078 st
303 4020 524 4092 promontorium
551 4019 669 4090 Zephyri
697 4023 798 4090 poetae
825 4020 939 4089 mystici
961 4022 1062 4076 Avieni
1086 4040 1124 4076 or.
1149 4039 1217 4079 mar.
1240 4038 1279 4077 sao
1308 4053 1340 4061 -
1371 4025 1412 4075 78.
1438 4020 1530 4090 νάσος,

253 4093 332 4149 cuius
358 4092 503 4147 inlocum
529 4092 586 4145 iam
608 4091 639 4144 in
661 4091 776 4161 optimis
804 4092 948 4146 codicibus
977 4092 1148 4164 interpolata
1175 4093 1260 4148 lectio
1279 4100 1367 4148 νᾶσον
1386 4092 1530 4161 successit,

253 4181 310 4221 noc.
330 4163 367 4234 pl.
388 4167 432 4217 est
455 4162 632 4234 diphthongo
656 4182 705 4225 ους
723 4162 837 4217 Aeolico
861 4180 937 4218 more
961 4181 1038 4219 corre
1059 4168 1102 4234 ta,
1141 4181 1194 4219 uae
1213 4165 1311 4219 eadem
1330 4164 1468 4246 correptio
1487 4163 1529 4218 in-

253 4235 366 4292 venitur
384 4234 412 4287 in
433 4235 508 4296 ἐσλὸς
523 4235 558 4290 N.
572 4253 604 4286 111
619 4250 657 4302 νος
677 4233 792 4288 tertium
810 4251 889 4288 exem
910 4235 968 4289 lum
986 4236 1025 4306 ἡμ
1040 4256 1088 4300 νος
1106 4237 1140 4293 N.
1156 4256 1172 4290 x
1187 4253 1213 4291 σε
1226 4235 1331 4290 dubiae
1349 4236 1415 4290 fider
1434 4238 1477 4291 est
1496 4268 1529 4276 -

255 4313 296 4363 83.
322 4305 571 4360 Rhadamant-hum
594 4304 684 4359 solum
708 4305 828 4360 Saturno
851 4305 881 4359 iu
904 4305 939 4361 'ci
963 4307 1133 4362 assidentem
1156 4307 1294 4361 Pindarus
1313 4307 1390 4377 lacit,
1409 4305 1529 4363 anctori-

252 4381 341 4434 tatem
368 4376 488 4430 Homeri·
505 4377 522 4430 δ
540 4392 580 4432 aaa
599 4378 723 4431 secutus:
753 4375 822 4430 ἀλλά
846 4375 872 4430 σ’
900 4378 928 4440 ἐς
948 4376 1076 4433 Ἠλύσιον
1094 4377 1193 4434 πεδίον
1213 4375 1399 4447 urinatores
1420 4375 1527 4450 γαίηςῗ

253 4448 397 4504 ἀθάνατοι
415 4445 582 4518 πέμψουσιν,
603 4445 653 4502 ὅθι
672 4447 780 4513 ξανθὸς
795 4447 1001 4519 Ῥαδάμανθυς.
1039 4452 1073 4504 cf.
1094 4450 1164 4504 Prol.
1184 4469 1211 4521 p.
1232 4469 1313 4503 cxxiv
1333 4482 1365 4490 -
1385 4455 1428 4506 84.
1448 4448 1528 4504 resti·

255 4520 328 4573 tutio
348 4519 403 4573 loci
423 4519 545 4588 corrupti
564 4518 671 4573 incerta
695 4522 750 4588 est,
777 4536 872 4573 verum
891 4524 985 4575 tamen
1005 4519 1154 4575 lectionem
1172 4519 1281 4590 Κρόνος
1299 4538 1333 4576 ex
1352 4520 1529 4592 interpolatis

254 4590 398 4644 codicibus
427 4589 548 4660 recipere
572 4607 604 4643 eo
628 4590 720 4660 magis
749 4590 952 4657 dubitavimus,
982 4592 1056 4659 quod
1079 4611 1180 4647 nomen
1202 4593 1248 4647 dei
1272 4592 1329 4646 iam
1353 4610 1438 4664 supra
1459 4611 1485 4646 v.
1505 4608 1530 4647 rr

254 4662 374 4716 allatum
396 4664 451 4727 ert3
481 4661 617 4714 Saturnus
641 4662 801 4715 coniectura
824 4662 878 4715 Ber
897 4662 939 4715 kii
966 4663 1086 4733 probata
1113 4668 1179 4735 apte
1205 4663 1386 4734 praedicatur
1412 4681 1531 4736 magnus

274 4738 342 4801 ater,
356 4733 451 4787 Rheae
470 4732 596 4800 maritus,
615 4749 687 4801 quae
706 4733 777 4804 ipsa,
797 4750 860 4786 cum
909 4749 984 4803 agna
999 4733 1052 4788 dea
1066 4740 1149 4803 esset,
1163 4735 1287 4789 omnium
1302 4752 1440 4790 summam
1453 4739 1530 4790 tene·

253 4753 305 4860 iat
323 4804 421 4858 sellam
442 4836 474 4843 -
494 4808 536 4859 86.
556 4803 671 4858 Peleum
685 4802 820 4859 Cadmum
834 4803 975 4859 Achillem
993 4821 1056 4860 cnm
1075 4806 1104 4860 in
1122 4806 1222 4862 insulis
1236 4807 1444 4862 fortunatorum
1457 4823 1530 4862 corn-
