3406 5378
544 395 593 447 111.
622 397 671 446 DE
690 396 798 447 LUDIS
817 398 864 447 ET
882 397 1058 448 EPINICIIS.
1320 394 1446 449 LXXVI!

160 556 271 641 Atque
295 556 347 621 his
371 556 500 641 quidem
528 557 562 620 in
585 557 670 623 ludis
694 579 795 642 usque
819 556 1074 622 adOl.nxxvl1
1103 559 1272 643 pancratio
1296 559 1447 624 ultimum

160 663 271 729 locum
302 668 378 748 post
410 663 653 748 quinquertium
684 671 716 729 et
747 687 904 749 equorum
933 665 1111 730 certamina
1137 666 1252 750 fuisse,
1285 667 1340 731 scd
1371 689 1443 732 cum

160 770 218 835 illa
240 770 431 855 Olympiade
459 775 530 836 toto
559 772 625 835 fere
654 769 705 834 die
734 771 901 835 curulibus
931 771 1163 837 certaminibus
1187 779 1220 837 et
1244 774 1444 857 quinquertii

162 883 354 962 consumpto
388 879 627 963 pancratiastae
662 877 696 941 in
728 884 858 943 noctem
891 900 1033 963 pugnarn
1065 880 1296 964 extraxissent,
1334 881 1445 944 ordine

162 989 289 1049 mutato
319 985 388 1049 sola
417 986 594 1050 certamina
622 1007 778 1069 equorum
804 991 837 1049 et
863 985 1061 1070 quinquertii
1089 986 1206 1050 ultimo
1230 987 1294 1051 diei
1322 987 1445 1070 relicta,

162 1091 365 1176 pancratium
389 1096 497 1156 antem
521 1091 555 1156 in
579 1092 821 1156 antecedentem
845 1092 929 1156 diem
953 1092 1109 1157 reiectum
1133 1115 1203 1157 esse
1226 1092 1444 1159 Pausaniasv

164 1200 229 1283 9,3
251 1199 426 1263 memoriae
449 1198 600 1284 prodidit.
610 1195 634 1284 ¹)
674 1199 782 1283 Atque
807 1198 1013 1282 quinquertio
1037 1205 1111 1284 post
1135 1221 1291 1284 equorum
1315 1224 1444 1266 cursum

161 1303 415 1392 (ίπποδρομίαν)
443 1306 556 1370 eodem
584 1305 636 1369 die
664 1310 824 1370 certatum
855 1328 925 1369 esse
949 1307 1176 1390 Xenophontis
1200 1329 1327 1392 quoque
1354 1309 1444 1373 testi-

162 1415 286 1499 monio,
313 1414 397 1479 Hell.
416 1431 466 1477 vn
489 1415 525 1498 4,
548 1414 589 1478 29
619 1418 756 1477 constat.
806 1412 978 1477 Praeterea
1009 1434 1111 1497 nuper
1141 1413 1237 1479 titulo
1269 1414 1444 1480 honorario

134 1511 282 1586 ‘albeni
306 1519 434 1586 Claudii
457 1519 533 1584 Rufi
559 1518 727 1604 Olympiae
750 1520 876 1584 ecfosso
908 1519 1155 1603 comprobatum
1180 1525 1244 1606 est,
1271 1522 1369 1586 etiam
1397 1545 1445 1588 se-

161 1627 269 1694 cundo
292 1652 322 1712 p,
342 1627 415 1694 Ohr.
441 1627 570 1693 saeculo
593 1627 753 1711 pancratii
777 1632 941 1692 certamen
965 1626 1028 1690 diei
1051 1626 1205 1691 ultimum
1229 1626 1370 1715 fuisse.²)

249 1734 359 1800 Primo
372 1735 473 1822 igitur
488 1734 538 1799 die
552 1734 627 1798 inde
639 1735 680 1798 ab
694 1733 790 1797 initio
804 1733 982 1798 certamina
994 1757 1013 1799 a
1025 1734 1130 1800 stadio
1144 1736 1285 1800 virorum
1301 1738 1445 1822 auspica-

161 1841 291 1927 bantur,
304 1841 421 1906 ultimo
434 1842 485 1906 die
498 1863 598 1925 nsque
612 1841 651 1904 ad
662 1840 839 1904 Olnxxvss
852 1841 943 1924 cquis
956 1840 1163 1926 quinquertio
1172 1843 1357 1927 pancratio,
1370 1843 1443 1908 inde

162 1949 203 2012 ab
227 1947 285 2012 illa
308 1947 498 2034 Olympiade
522 1948 639 2012 ultimo
666 1948 717 2011 die
739 1947 830 2032 equis
854 1952 887 2011 et
911 1948 1127 2032 quinquertio,
1150 1949 1185 2012 in
1207 1949 1444 2035 paenultimum

163 2055 331 2139 pancratio
354 2055 488 2137 reiecto,
516 2054 694 2120 certabant.
743 2052 806 2118 Sed
830 2077 911 2137 quae
935 2055 1114 2120 certamina
1140 2060 1216 2121 ante
1240 2057 1443 2140 pancratium

162 2161 362 2247 paenultimo
391 2162 455 2245 die,
483 2184 564 2245 quae
592 2166 668 2245 post
696 2160 793 2225 stadii
820 2184 949 2226 cursum
978 2161 1084 2246 primo
1107 2163 1172 2240 dic,
1200 2163 1337 2248 denique
1362 2185 1443 2248 quae

162 2268 267 2334 medio
295 2269 346 2334 vel
374 2268 489 2333 mediis
517 2268 631 2332 diebus
661 2267 838 2333 certamina
861 2267 993 2332 Pindari
1022 2269 1152 2352 quidem
1181 2250 1299 2334 aetate*
1313 2269 1443 2354 fuerint,

162 2376 372 2442 coniectando
396 2377 555 2461 divinare,
581 2398 647 2440 non
676 2375 876 2461 argumentis
905 2376 1096 2440 confirmare
1119 2375 1204 2441 licet.
1250 2374 1363 2461 Neque
1387 2377 1443 2461 qui

162 2489 269 2549 exstat
286 2484 455 2569 catalogus
472 2483 632 2548 victorum
648 2480 849 2566 Olympiadis
864 2500 1005 2547 cnxxvn
1021 2513 1063 2535 =
1079 2505 1105 2546 a.
1119 2484 1159 2546 72
1175 2506 1201 2547 a.
1218 2481 1292 2547 Ohr.
1312 2506 1331 2547 a
1349 2483 1443 2548 Phle-

162 2595 260 2676 gonte
274 2589 522 2676 chronographo
535 2590 675 2674 scriptus
686 2594 720 2652 et
729 2587 815 2651 infra
825 2610 844 2651 a
854 2611 904 2654 me
914 2590 1008 2673 plene
1018 2589 1198 2674 exscriptus
1210 2594 1334 2655 certum
1344 2590 1442 2654 docu-

162 2702 308 2762 mentum
330 2698 465 2782 praebet
484 2697 606 2761 ordinis
625 2695 840 2763 certaminum
859 2695 1028 2780 Olympici.
1065 2696 1098 2761 Is
1121 2697 1300 2762 enimcum
1323 2697 1358 2762 in
1381 2697 1444 2761 vic-

161 2804 288 2869 toribus
300 2803 388 2868 illius
400 2802 601 2888 Olympiadis
616 2803 841 2868 enumerandis
855 2802 940 2868 hunc
953 2804 1099 2868 ordinem
1112 2804 1262 2868 ludorum
1276 2810 1442 2887 sequatur:

162 2911 311 2994 στάδιον,
335 2912 485 2992 δίαυλον,
509 2911 663 2996 [ὁπλίτην
681 2909 839 2996 δρόμονζΙ,
863 2911 996 2994 δόλιχον
1013 2909 1191 2994 Ἑλλήνων,
1214 2912 1349 2994 δόλιχον
1368 2909 1442 2976 Ῥω-

162 3023 281 3101 μαίων,
300 3017 500 3102 πένταθλον,
518 3019 638 3100 πάλην,
656 3018 730 3095 πύξ,
753 3018 968 3102 παγκράτιον,
990 3019 1121 3083 παίδων
1142 3019 1290 3101 στάδιον,
1312 3020 1443 3083 παίδων

160 3126 283 3209 πάλην,
299 3127 431 3191 παίδων
443 3125 522 3207 πύξ,
540 3127 671 3190 παίδων
684 3124 899 3211 παγκράτιον,
913 3125 1051 3208 ὁπλίτην
1065 3123 1229 3210 δρόμονξ)
1247 3125 1443 3212 τέθριππον,

251 3394 277 3461 1)
300 3390 458 3445 Pausaniae
482 3389 574 3443 locum
598 3389 808 3460 gravissimum,
834 3390 882 3444 sed
906 3389 1029 3445 lacerum
1052 3394 1082 3444 et
1102 3391 1222 3443 multum
1240 3394 1374 3445 vexatum
1397 3407 1441 3445 ex-

161 3462 282 3517 scribere
301 3462 381 3516 iuvat
399 3465 499 3529 totum,
518 3462 631 3529 qualem
650 3477 713 3514 eum
733 3461 853 3515 correxit
872 3461 941 3517 (lod.
956 3463 1132 3515 Hermannns
1152 3462 1252 3531 Opuse.
1267 3482 1294 3515 vr
1310 3468 1355 3517 14:
1376 3463 1391 3515 δ
1410 3462 1441 3516 δὲ

160 3532 263 3604 κόσμος
286 3533 301 3587 δ
320 3535 385 3602 περὶ
407 3535 456 3587 τὸν
480 3535 577 3602 ἀγῶνα
601 3531 648 3602 ἐφ’
667 3531 757 3602 ἡμῶν,
782 3535 817 3595 ὡς
838 3533 965 3587 θύεσθαι
983 3538 1021 3606 τῷ
1040 3537 1100 3605 θεῷ
1119 3533 1153 3587 τά
1173 3536 1260 3601 ἱερεῖα
1279 3533 1442 3588 πεντάθλου

160 3603 212 3676 μὲν
235 3606 284 3659 καλ
306 3603 412 3676 δρόμον
435 3613 490 3659 τῶν
509 3603 602 3658 ἵππων
625 3603 727 3671 δστερα
751 3603 826 3677 <πρδ
850 3605 956 3659 τούτων
979 3604 1010 3659 δὲ
1034 3602 1227 3674 γεγενημένων
1250 3614 1305 3659 τῶν
1329 3605 1440 3686 ἄλλων)

160 3677 363 3747 ἀγωνισμάτων
386 3676 562 3745 (Holwerda,
587 3676 668 3730 Arch.
689 3675 757 3730 Zeit.
779 3682 847 3728 1880
870 3695 896 3745 p.
914 3682 964 3730 170
989 3676 1071 3746 plura
1097 3676 1273 3730 intercidisse
1296 3680 1375 3730 ratus
1402 3693 1442 3729 sro

161 3748 255 3803 locum
274 3748 428 3818 supplevit:
447 3747 482 3802 τά
502 3746 598 3816 ἱερεῖα,
618 3747 735 3820 (ἔπειτα
755 3745 786 3800 δὲ
806 3749 956 3817 γίγνεσθαι
974 3750 1038 3810 τοὺς
1057 3749 1189 3820 ἀγῶνας)
1209 3747 1371 3802 πεντάθλου
1382 3746 1442 3838 μὲν

163 3821 212 3873 καὶ
231 3818 336 3890 δρόμον
355 3840 378 3874 τ.
397 3818 414 3873 δ’.
435 3817 535 3892 ὑστέρᾳ
554 3818 677 3892 <ίγμὲρᾳ,
696 3817 818 3892 προτέρα
838 3817 868 3872 δὲ
888 3828 943 3872 τῶν
962 3824 1087 3891 λοιπῶν>
1107 3819 1327 3889 ἀγωνισμάτων).
1361 3838 1442 3881 ουτος

160 3889 278 3961 κατέστη
304 3889 401 3960 σφίσιν
425 3891 440 3943 δ
465 3889 566 3961 κόσμος
593 3890 744 3959 ὀλυμπιάδι
768 3887 872 3961 ἑβδόμη
900 3891 970 3958 πρὸς
997 3899 1059 3953 ταῖς
1085 3889 1287 3962 ἑβδομήκοντα.
1328 3890 1364 3943 τὰ
1386 3892 1441 3958 πρὸ

81 3976 88 3983 ·
161 3962 268 4017 τοάτων
286 3961 317 4015 δὲ
338 3962 383 4016 ἐπὶ
403 3961 507 4032 ἡμέρας
525 3957 594 4032 ι’γγον
613 3970 661 4031 τῆς
679 3962 766 4030 αὐτῆς
785 3960 885 4031 ὁμοίως
904 3964 953 4015 καὶ
970 3962 1132 4030 ἀνθρώπων
1156 3962 1204 4014 καὶ
1223 3959 1317 4015 ι’ππων
1335 3962 1441 4031 ἀγῶνα,

162 4031 223 4088 τότε
248 4032 279 4087 δὲ
303 4034 490 4104 προήχθησαν
513 4032 541 4096 ἐς
564 4033 651 4087 νύκτα
673 4033 700 4086 οἱ
723 4033 989 4102 παγκρατιάζοντες,
1013 4031 1062 4086 ἅτε
1082 4034 1115 4087 οὐ
1135 4032 1207 4086 κατὰ
1226 4032 1326 4102 καιρδν
1346 4031 1440 4101 ἐσκλη-

159 4103 273 4173 θέντες,
302 4105 389 4159 αίτιοι
416 4103 448 4159 δὲ
477 4103 604 4174 ἐγένοντο
630 4103 659 4157 ol
683 4123 712 4157 τε
736 4103 819 4158 ἵπποι
844 4107 892 4159 καλ
921 4104 948 4168 ἐς
975 4102 1060 4158 πλέον
1089 4104 1128 4157 ἔτι
1152 4104 1170 4173 ὴ
1194 4112 1249 4157 τῶν
1272 4103 1441 4158 πεντάθλων

161 4174 274 4246 ἅμιλλα·
304 4179 350 4230 καλ
381 4175 490 4244 ἐκράτει
516 4174 567 4245 μὲν
591 4175 737 4244 Ἀθηναῖος
762 4175 881 4239 Καλλίας
908 4177 972 4237 τοὺς
1000 4174 1276 4245 παγκρατιάσαντας,
1306 4174 1441 4245 ἐμπόδιον

163 4246 194 4300 δ’
215 4249 266 4302 οὐκ
286 4247 379 4318 ἔμελλε
398 4245 559 4320 παγκρατίῳ
578 4256 627 4300 τοῦ
647 4252 746 4301 λοιποῦ
766 4249 796 4300 τὸ
816 4247 988 4301 πεντάθλιον
1008 4246 1073 4300 οὐδὲ
1094 4247 1118 4300 ol
1139 4246 1220 4301 innoc
1239 4246 1417 4317 γενήσεσθαι.

251 4341 278 4405 2)
300 4337 379 4392 Arch.
395 4336 462 4390 Zeit.
480 4342 547 4389 1878
567 4342 664 4390 n.147.
682 4342 740 4390 148.

251 4430 279 4495 δ)
303 4423 417 4494 ὁπλίτην
440 4423 545 4494 δρόμον
569 4429 619 4478 aut
646 4425 691 4478 hic
719 4429 769 4478 aut
792 4443 876 4495 supra
903 4425 1059 4479 eiciendum
1086 4428 1141 4489 est;
1169 4426 1281 4479 facilius
1307 4425 1441 4496 explicari

161 4499 264 4568 potest,
283 4499 423 4565 quomodo
441 4496 534 4566 priore
553 4496 614 4551 loco
634 4497 815 4567 interpolatio
832 4501 894 4551 orta
913 4497 963 4562 sit;
982 4513 1153 4565 quamquam
1172 4498 1281 4552 ratione
1300 4498 1329 4551 in
1348 4497 1440 4552 distri-

160 4569 279 4624 buendis
299 4568 373 4622 ludis
392 4568 464 4621 inita
482 4567 603 4621 alterum
626 4569 816 4623 commendari
833 4568 957 4635 videtur,
981 4572 1014 4621 nt
1037 4569 1132 4623 omnia
1155 4586 1259 4640 genera
1277 4587 1373 4622 cursus
1392 4570 1441 4624 ho-

160 4640 267 4694 minum
293 4640 382 4710 primo
409 4639 467 4707 die,
494 4640 589 4693 omnia
615 4658 750 4710 equorum
774 4640 873 4693 ultinro
900 4639 945 4692 dio
971 4640 1049 4693 faeta
1075 4657 1135 4694 esse
1161 4644 1300 4711 putemus.
1337 4641 1440 4695 Verum

161 4710 276 4780 ὁπλίτην
300 4710 404 4781 δρόμον
427 4710 560 4764 ultimum
586 4711 678 4766 locum
701 4712 731 4766 in
758 4711 894 4781 gymnicis
919 4710 1118 4765 certaminibus
1146 4712 1301 4766 obtinuisse
1329 4715 1441 4766 constat

160 4783 246 4837 etiam
270 4782 432 4838 testimonio
455 4782 626 4837 Artemidori
643 4804 654 4836 1
673 4790 720 4838 63:
749 4784 779 4836 τὸ
807 4781 838 4835 δὲ
866 4781 951 4837 ὅπλον
979 4780 1129 4874 λεγόμενον
1158 4784 1203 4838 ἐπὶ
1230 4783 1346 4838 πάντων
1371 4793 1440 4838 πᾶσι

160 4855 303 4924 παρολκὰς
321 4851 462 4925 σημαίνει·
483 4858 641 4910 τελευταῖον
659 4856 712 4927 γάρ
732 4855 779 4908 καὶ
799 4851 844 4909 ἐπὶ
863 4864 931 4909 πᾶσι
951 4856 982 4910 τὸ
1001 4859 1101 4912 αθλον.
