3406 5378
701 395 858 447 OLYMPIA
877 397 923 448 VI.
1409 395 1449 457 41

179 560 258 639 regis
283 559 511 637 Syracusarum,
540 561 647 619 intima
674 562 881 621 familiaritate
909 565 1057 639 uteretur,
1086 563 1182 622 multa
1211 563 1291 621 bella
1320 583 1389 622 cum
1419 583 1453 622 eo

177 649 303 728 gessisse
332 652 362 708 et
389 651 525 729 auguriis
549 671 617 710 eum
645 651 795 711 adiuvisse
823 651 933 710 dicitur
962 644 1002 731 (v.
1027 652 1116 712 schol.
1141 652 1179 711 ad
1206 674 1233 711 v.
1253 644 1311 731 30).
1358 653 1453 711 Paulo

179 743 247 814 post
270 739 346 799 hanc
370 738 526 799 victoriam
551 741 581 797 in
605 740 685 799 civili
710 742 852 818 tumultu,
876 741 928 817 qui
952 741 1090 801 Hieronis
1113 745 1240 800 mortem
1264 742 1454 818 sequebatur,
1549 753 1551 757 ’

179 828 294 889 interiit
317 819 358 907 (v.
382 829 470 888 schol.
494 830 532 887 ad
556 849 582 889 v.
604 822 678 909 165).

267 918 302 975 ln
326 918 445 977 exordio
470 918 543 977 odae
567 921 658 994 poeta
680 920 865 995 splendorem
889 921 1033 995 prooemii
1062 939 1129 979 cum
1152 919 1312 997 magnilica
1335 920 1453 995 porticu

179 1006 298 1066 aedium
326 1007 492 1082 comparati
515 1027 533 1065 a
557 1009 742 1083 praestantia
765 1008 892 1087 Agesiae
917 1009 1037 1068 victoris
1065 1009 1188 1085 repetit,
1216 1008 1269 1084 qui
1297 1008 1335 1067 ad
1358 1028 1453 1067 exem-

179 1097 246 1172 plar
271 1096 445 1172 Amphiarai
468 1096 607 1155 bellicam
630 1098 774 1157 virtutem
797 1117 865 1156 cum
885 1100 948 1156 arte
967 1098 1102 1157 vaticinii
1121 1097 1309 1158 coniunxerit
1327 1090 1454 1177 (1-21).
1567 1101 1572 1110 '

181 1185 313 1261 [megine
338 1204 357 1243 a
380 1185 497 1243 Phintia
525 1186 649 1263 aurigae
677 1187 854 1247 dexteritate
883 1191 1003 1262 sumpt-a
1031 1207 1098 1246 cum
1122 1188 1160 1246 ad
1184 1187 1328 1263 originem
1356 1186 1454 1264 gentis

178 1274 517 1355 Agesiaenascendisset,
542 1274 676 1334 fabulam
700 1276 735 1334 de
759 1277 894 1354 Euadne,
920 1276 982 1334 lilia
1006 1277 1130 1335 Pitanae
1154 1278 1184 1334 et
1208 1275 1351 1353 Neptuni,
1375 1295 1453 1352 quae

178 1383 247 1422 cum
269 1362 409 1438 Apolline
432 1363 558 1440 lamam,
582 1365 764 1424 conditorem
788 1365 901 1443 gentis,
925 1366 1082 1443 pepererit,
1106 1365 1254 1425 succincte
1278 1365 1400 1440 exponit
1423 1367 1455 1423 et

179 1471 288 1511 munus
312 1452 342 1510 iu
366 1471 419 1510 ara
445 1453 525 1512 Iovis
553 1472 587 1511 ex
615 1454 745 1513 victimis
773 1454 957 1513 vaticinandi
980 1454 1159 1514 hereditario
1184 1455 1246 1512 iure
1272 1453 1393 1512 Iamidis
1417 1453 1455 1511 ab

180 1541 320 1617 Apolline
344 1541 513 1601 iniunctum
531 1562 593 1602 esse
613 1544 704 1601 rel'ert
723 1536 866 1624 (aa—70),
890 1544 968 1603 unde
994 1544 1175 1602 Iamidarum
1198 1545 1302 1602 vatum
1325 1542 1455 1601 auctori·

179 1634 273 1689 tatem
297 1650 355 1689 non
379 1632 476 1690 solum
499 1651 553 1707 per
576 1633 669 1691 valles
692 1632 824 1691 Eurotae
849 1635 941 1708 atque
965 1632 1082 1711 Alphei,
1105 1633 1156 1691 sad
1177 1632 1268 1690 etiam
1287 1634 1452 1707 pertatem

180 1720 415 1795 Peloponnesum
440 1724 470 1778 et
494 1720 627 1779 Siciliam
651 1721 815 1796 dispersam
842 1720 932 1801 (cons.
948 1721 1075 1780 Boeckh.
1090 1722 1176 1798 Expl.
1193 1732 1242 1779 15⁴2
1258 1712 1315 1799 sq.)
1335 1721 1454 1798 egregie
1474 1736 1477 1743 ·

178 1809 321 1867 illustrat.
358 1809 450 1867 Fama
473 1810 571 1886 gentis
596 1810 777 1869 Iamidarum
801 1831 836 1869 er
860 1811 1065 1870 remotissimis
1088 1810 1273 1885 temporibus
1296 1827 1392 1886 usque
1416 1809 1455 1868 ad

180 1900 365 1973 praesentem
394 1899 567 1957 memoriam
596 1903 779 1974 pertractata
807 1900 845 1958 ad
868 1899 995 1978 Agesiae
1023 1901 1155 1976 palmam
1178 1918 1274 1974 nuper
1298 1896 1454 1974 Olympiae

179 1991 297 2062 partam
327 1987 416 2063 redit,
444 1989 480 2045 ut
502 1988 644 2047 victorem
669 1989 874 2064 Stymphaliae
897 1990 929 2047 in
953 1989 1035 2047 avita
1059 1989 1126 2047 sede
1150 1987 1296 2047 Arcadiae
1319 1988 1455 2047 sollemni

179 2075 388 2135 comissatione
419 2077 582 2153 praedicet,
615 2077 669 2137 hoc
700 2082 800 2137 autem
832 2078 888 2136 sihi
912 2098 946 2137 eo
971 2078 1067 2155 magis
1090 2078 1171 2137 cordi
1196 2097 1258 2136 esse
1288 2077 1345 2154 ait,
1376 2076 1456 2152 quod

181 2164 365 2240 Stymphalis
388 2166 508 2241 Metopa
532 2169 628 2225 mater
651 2167 768 2225 Thebae
792 2167 940 2243 nymphae
964 2168 1055 2226 fuisse
1079 2168 1198 2226 dicatur
1216 2157 1359 2246 (71-91).
1395 2165 1456 2223 Sub

179 2254 267 2312 finem
295 2254 411 2313 sodales
438 2255 574 2332 victoris,
606 2259 641 2313 ut
668 2256 806 2315 Hieronis
834 2256 913 2334 regis
941 2276 1085 2315 memores
1112 2256 1186 2333 sint,
1216 2254 1396 2313 adhortatur
1426 2259 1456 2312 et

181 2343 308 2420 Agesiae
336 2343 499 2419 Syracusas
528 2344 660 2404 redituro
689 2345 805 2404 felicem
833 2345 1057 2424 navigationem
1085 2345 1201 2420 sibique
1225 2344 1299 2402 artis
1322 2343 1456 2418 poeticae

181 2451 340 2508 perennem
364 2433 464 2491 florem
489 2435 583 2508 optat.

269 2521 423 2580 Summam
455 2522 594 2581 carminis
624 2523 788 2582 Pausanias
811 2541 842 2582 vr
866 2534 895 2599 2,
919 2534 935 2581 5
959 2523 1001 2583 sic
1033 2522 1235 2580 adumbravit:
1269 2520 1300 2580 οἱ
1327 2510 1457 2597 Ἰαμίδαι

180 2609 357 2686 καλούμενοι
385 2610 502 2687 μάντεις
526 2610 679 2690 γεγόνασιν
703 2609 762 2671 ἀπὸ
783 2605 898 2689 Ἰάμου,
927 2611 979 2672 τὸν
1007 2607 1038 2670 δὲ
1062 2603 1139 2670 εἶναι
1162 2609 1255 2669 παῖδα
1275 2603 1457 2679 ’Λπόλλωνος

180 2697 230 2758 καὶ
257 2700 358 2777 λαβεῖν
387 2698 532 2777 μαντικήν
559 2718 652 2778 φησιν
680 2698 711 2760 ἐν
739 2697 846 2785 ᾄσματι
872 2700 1034 2778 Πίνδαρος.
1082 2699 1219 2777 Origines
1247 2698 1346 2776 gentis
1369 2698 1457 2757 lami-

181 2788 286 2846 darum
319 2789 397 2847 unde
430 2789 577 2849 Pindarus
610 2790 757 2869 hauserit,
790 2791 865 2848 nihil
898 2790 1011 2849 scholia
1043 2789 1179 2865 tradunt,
1207 2787 1457 2845 Wilamowitzius

180 2872 271 2951 (Phil.
287 2877 356 2936 unt.
372 2897 402 2935 rx
420 2890 469 2937 161
486 2872 538 2959 ss.)
554 2880 584 2937 in
600 2879 695 2939 doctis
709 2879 939 2956 commentariis,
954 2880 1063 2956 quihus
1080 2879 1134 2937 hoc
1149 2897 1267 2937 carmen
1283 2876 1457 2951 illustravit,

180 2967 287 3024 Eleum
319 2986 437 3026 carmen
468 2968 585 3043 epicum
615 2967 681 3046 περὶ
702 2961 802 3047 Ἰάμου
832 2967 934 3048 γάμων
967 2967 1156 3044 potissimum
1189 2967 1302 3026 fontem
1336 2964 1458 3024 Pindari

181 3055 273 3115 fuisse
297 3056 476 3132 suspicatur.

725 3190 770 3256 De
794 3192 915 3257 metria.

269 3324 365 3383 Metra
389 3323 618 3400 praeclarissimi
637 3323 776 3382 carminis
795 3325 867 3381 sunt
886 3322 1180 3399 dactylo-epitritica,
1200 3340 1218 3380 a
1236 3325 1335 3382 vetere
1356 3335 1459 3381 norma

180 3414 248 3489 plns
276 3432 336 3472 uno
364 3413 482 3473 nomine
511 3412 673 3487 declinata,
702 3413 833 3488 primum
860 3412 940 3487 quod
971 3415 1089 3488 praeter
1119 3411 1282 3486 dactylicas
1312 3410 1458 3487 tripediae

181 3502 319 3579 dipodiae
352 3494 419 3582 (str.
444 3514 467 3560 2.
492 3522 537 3577 ep.
561 3513 585 3562 2.
610 3493 641 3581 3)
670 3504 701 3559 et
724 3501 910 3578 tetrapodiae
934 3493 993 3577 (ep.
1018 3492 1049 3580 2)
1073 3500 1219 3559 admissae
1243 3503 1314 3557 sunt
1344 3494 1396 3578 (cf.
1420 3500 1459 3558 ad

84 3581 87 3588 ¹
183 3591 215 3649 P.
231 3610 262 3649 rv
281 3585 323 3668 4),
346 3590 451 3650 deinde
475 3590 555 3666 qnod
579 3590 677 3666 quinti
701 3608 804 3650 versus
827 3590 967 3665 strophae
991 3590 1119 3647 alterum
1143 3589 1307 3647 membrum
1331 3589 1458 3664 speciem

186 3679 351 3757 logaoedici
374 3679 513 3738 versiculi
537 3679 635 3756 habet,
659 3679 787 3755 denique
811 3679 891 3756 quod
914 3679 1054 3754 strophae
1078 3680 1178 3737 sextus
1201 3697 1305 3737 versus
1328 3681 1382 3736 aut
1405 3694 1459 3737 sno

184 3769 281 3844 capite
314 3771 396 3828 caret
419 3757 482 3826 ¹aut
513 3788 578 3828 cum
612 3769 804 3828 antecedente
836 3786 925 3827 versu
957 3767 1088 3825 numeris
1120 3768 1265 3826 cohaeret.
1312 3766 1459 3826 Anacrusi

184 3858 272 3933 primi
296 3861 327 3917 et
350 3858 448 3934 quinti
471 3877 574 3917 versus
597 3860 693 3917 totam
717 3857 870 3933 stropham
889 3856 1014 3915 induas
1033 3859 1133 3931 partes
1156 3855 1351 3914 dirimendam
1369 3858 1459 3931 poeta

185 3946 376 4025 significavit,
405 3947 449 4006 ita
476 3950 589 4024 tamen,
617 3949 653 4005 ut
680 3967 738 4007 non
768 3946 905 4005 omnibus
932 3945 964 4003 in
992 3944 1121 4020 strophis
1151 3944 1367 4004 sententiarum
1391 3964 1459 4005 con·

184 4036 361 4095 formatione
388 4037 543 4096 metricam
571 4036 746 4096 divisionem
775 4036 933 4094 adiuvaret
962 4066 1004 4074 —
1035 4035 1198 4092 Cantatum
1227 4053 1345 4092 carmen
1373 4037 1459 4092 esta

184 4125 273 4183 choro
296 4118 357 4203 (vv.
378 4135 418 4184 1a.
439 4119 487 4206 98)
512 4125 718 4202 Stymphaliae
742 4126 772 4183 in
791 4128 889 4184 vetere
909 4125 1007 4199 patria
1025 4123 1123 4201 gentis
1141 4123 1324 4181 Iamidarum
1344 4116 1386 4201 (v.
1402 4114 1459 4201 99).

184 4213 331 4272 Pindarus
354 4215 483 4275 carmine
507 4215 615 4274 Thebis
639 4215 728 4273 misso
753 4215 870 4273 Aeneae
894 4212 1016 4289 Arcadi,
1040 4213 1102 4272 sive
1125 4212 1385 4272 chorodidascalus
1408 4212 1459 4271 ille

184 4301 244 4360 fuit
267 4302 328 4362 sive
352 4304 465 4364 amicus
488 4306 629 4383 Agesiae,
658 4302 843 4381 provinciam
871 4321 941 4362 suas
964 4305 1064 4378 partes
1092 4302 1194 4360 tuendi
1219 4301 1458 4361 demandaverat.

183 4392 218 4449 lu
241 4411 388 4468 pompane
412 4414 449 4452 an
474 4394 505 4451 in
528 4394 664 4453 convivio
689 4412 807 4453 carmen
831 4394 986 4451 cantatum
1014 4391 1067 4468 sit,
1095 4394 1176 4450 certa
1205 4390 1315 4450 indicia
1337 4391 1458 4468 desunt3

183 4482 367 4557 comparatio
387 4483 466 4541 enirn
485 4483 650 4542 carminum
669 4503 738 4542 cum
756 4485 869 4542 cratere
888 4481 950 4540 vini
966 4474 1007 4560 (v.
1023 4472 1071 4559 91)
1087 4480 1125 4538 ad
1143 4480 1314 4540 convivium
1333 4482 1459 4557 trahere,

183 4570 336 4630 anacrusis
359 4573 461 4631 autem
484 4572 572 4647 primi
596 4575 626 4630 et
649 4572 747 4648 quinti
771 4590 874 4630 versus
898 4569 1049 4629 alacritati
1073 4570 1220 4645 pompalis
1244 4570 1384 4629 carminis
1407 4589 1459 4645 ap·

184 4657 243 4718 tior
270 4677 333 4718 esse
356 4660 481 4719 videtur.
528 4660 664 4736 Denique
693 4681 727 4719 er
751 4681 797 4721 vv.
817 4671 850 4718 88
871 4678 907 4719 ss.
927 4655 1053 4735 apparet
1076 4659 1203 4735 epinicia
1227 4659 1353 4738 Agesiae
1378 4659 1459 4719 feriis

182 4747 305 4807 lunonis
333 4751 400 4806 acta
428 4739 511 4828 esset
534 4769 594 4825 quo
624 4749 714 4809 simili
743 4750 830 4810 modo
858 4749 991 4809 carmina
1018 4747 1146 4827 epinicia
1171 4746 1205 4810 Ο.
1225 4767 1259 4806 111
1283 4751 1314 4807 et
1337 4748 1403 4807 P.v
1426 4747 1457 4809 in

182 4837 274 4898 sacris
297 4837 419 4898 deorum
443 4841 566 4899 cantata
588 4855 651 4898 ease
674 4842 799 4900 constat.
