<?xml version="1.0" encoding="UTF-8"?>
<!DOCTYPE html PUBLIC "-//W3C//DTD XHTML 1.0 Transitional//EN"
    "http://www.w3.org/TR/xhtml1/DTD/xhtml1-transitional.dtd">
<html xmlns="http://www.w3.org/1999/xhtml" xml:lang="en" lang="en">
 <head>
  <title>
</title>
<meta http-equiv="Content-Type" content="text/html;charset=utf-8" />
  <meta name='ocr-system' content='tesseract 3.04.00' />
  <meta name='ocr-capabilities' content='ocr_page ocr_carea ocr_par ocr_line ocrx_word'/>
</head>
<body>
  <div class='ocr_page' id='page_1' title='image "./pindaricarminap00pindgoog_0280.png"; bbox 0 0 3406 5378; ppageno 0'>
   <div class='ocr_carea' id='block_1_1' title="bbox 698 1204 914 1263">
    <p class='ocr_par' dir='ltr' id='par_1_1' title="bbox 698 1204 914 1263">
     <span class='ocr_line' id='line_1_1' title="bbox 698 1204 914 1263; baseline 0.005 -2"><span class='ocrx_word' id='word_1_1' title='bbox 698 1208 841 1261; x_wconf 74' lang='lat' dir='ltr'>curun.</span> <span class='ocrx_word' id='word_1_2' title='bbox 860 1204 914 1263; x_wconf 80' lang='lat' dir='ltr'>IA&#39;.</span> 
     </span>
    </p>
   </div>
   <div class='ocr_carea' id='block_1_2' title="bbox 397 1369 1213 1458">
    <p class='ocr_par' dir='ltr' id='par_1_2' title="bbox 397 1369 1213 1458">
     <span class='ocr_line' id='line_1_2' title="bbox 397 1369 1213 1458; baseline 0 -4"><span class='ocrx_word' id='word_1_3' title='bbox 397 1369 738 1458; x_wconf 66' lang='grc' dir='ltr'><strong><em>ΑΣΩΠΙΧΩι</em></strong></span> <span class='ocrx_word' id='word_1_4' title='bbox 779 1369 1213 1454; x_wconf 68' lang='grc' dir='ltr'><strong><em>ΟΡΧΟΜΕΝΙΩι</em></strong></span> 
     </span>
    </p>
   </div>
   <div class='ocr_carea' id='block_1_3' title="bbox 671 1565 946 1618">
    <p class='ocr_par' dir='ltr' id='par_1_3' title="bbox 671 1565 946 1618">
     <span class='ocr_line' id='line_1_3' title="bbox 671 1565 946 1618; baseline 0.004 -1"><span class='ocrx_word' id='word_1_5' title='bbox 671 1566 774 1617; x_wconf 79' lang='grc' dir='ltr'><strong>ΠΑΙΔΙ</strong></span> <span class='ocrx_word' id='word_1_6' title='bbox 793 1565 946 1618; x_wconf 65' lang='lat' dir='ltr'>usnemu</span> 
     </span>
    </p>
   </div>
   <div class='ocr_carea' id='block_1_4' title="bbox 718 1847 895 1919">
    <p class='ocr_par' dir='ltr' id='par_1_4' title="bbox 718 1847 895 1919">
     <span class='ocr_line' id='line_1_4' title="bbox 718 1847 895 1919; baseline 0 -16"><span class='ocrx_word' id='word_1_7' title='bbox 718 1847 895 1919; x_wconf 76' lang='lat' dir='ltr'>strophae.</span> 
     </span>
    </p>
   </div>
   <div class='ocr_carea' id='block_1_5' title="bbox 687 3031 929 3113">
    <p class='ocr_par' dir='ltr' id='par_1_5' title="bbox 687 3031 929 3113">
     <span class='ocr_line' id='line_1_5' title="bbox 687 3031 929 3113; baseline -0.004 -18"><span class='ocrx_word' id='word_1_8' title='bbox 687 3031 929 3113; x_wconf 78' lang='lat' dir='ltr'><strong>Argumentum.</strong></span> 
     </span>
    </p>
   </div>
   <div class='ocr_carea' id='block_1_6' title="bbox 171 3155 1451 4391">
    <p class='ocr_par' dir='ltr' id='par_1_6' title="bbox 171 3155 1451 4391">
     <span class='ocr_line' id='line_1_6' title="bbox 223 3155 1448 3235; baseline -0.002 -19"><span class='ocrx_word' id='word_1_9' title='bbox 223 3182 231 3198; x_wconf 94' lang='lat'><strong>·</strong></span> <span class='ocrx_word' id='word_1_10' title='bbox 259 3158 427 3234; x_wconf 83' lang='lat' dir='ltr'>Asopichns</span> <span class='ocrx_word' id='word_1_11' title='bbox 451 3159 603 3220; x_wconf 85' lang='lat' dir='ltr'>Cleodami</span> <span class='ocrx_word' id='word_1_12' title='bbox 627 3160 708 3220; x_wconf 89' lang='lat' dir='ltr'>filius</span> <span class='ocrx_word' id='word_1_13' title='bbox 731 3159 946 3220; x_wconf 90' lang='lat' dir='ltr'>Orchomenius</span> <span class='ocrx_word' id='word_1_14' title='bbox 970 3159 1067 3218; x_wconf 83' lang='lat' dir='ltr'>stadio</span> <span class='ocrx_word' id='word_1_15' title='bbox 1091 3178 1167 3235; x_wconf 89' lang='lat' dir='ltr'>puer</span> <span class='ocrx_word' id='word_1_16' title='bbox 1190 3158 1263 3217; x_wconf 84' lang='lat' dir='ltr'>vicit</span> <span class='ocrx_word' id='word_1_17' title='bbox 1286 3155 1332 3215; x_wconf 78' lang='lat'>01,</span> <span class='ocrx_word' id='word_1_18' title='bbox 1350 3157 1389 3214; x_wconf 86' lang='grc'>76</span> <span class='ocrx_word' id='word_1_19' title='bbox 1407 3180 1448 3201; x_wconf 96' lang='lat'>=</span> 
     </span>
     <span class='ocr_line' id='line_1_7' title="bbox 173 3241 1450 3333; baseline -0.002 -29"><span class='ocrx_word' id='word_1_20' title='bbox 173 3267 198 3305; x_wconf 89' lang='lat' dir='ltr'>a.</span> <span class='ocrx_word' id='word_1_21' title='bbox 218 3249 282 3305; x_wconf 88' lang='grc'>476</span> <span class='ocrx_word' id='word_1_22' title='bbox 308 3267 332 3305; x_wconf 91' lang='lat' dir='ltr'>a.</span> <span class='ocrx_word' id='word_1_23' title='bbox 354 3248 434 3325; x_wconf 77' lang='lat' dir='ltr'>Ohr.;</span> <span class='ocrx_word' id='word_1_24' title='bbox 462 3269 533 3308; x_wconf 93' lang='lat' dir='ltr'>nam</span> <span class='ocrx_word' id='word_1_25' title='bbox 560 3250 645 3310; x_wconf 86' lang='lat' dir='ltr'>varia</span> <span class='ocrx_word' id='word_1_26' title='bbox 672 3250 761 3310; x_wconf 84' lang='lat' dir='ltr'>lectio</span> <span class='ocrx_word' id='word_1_27' title='bbox 787 3243 936 3333; x_wconf 77' lang='grc' dir='ltr'><strong><em>Ἀσωπίχφ</em></strong></span> <span class='ocrx_word' id='word_1_28' title='bbox 959 3247 1112 3325; x_wconf 76' lang='grc' dir='ltr'><strong><em>νικήσαντι</em></strong></span> <span class='ocrx_word' id='word_1_29' title='bbox 1136 3245 1191 3324; x_wconf 75' lang='grc' dir='ltr'>τὴν</span> <span class='ocrx_word' id='word_1_30' title='bbox 1215 3241 1258 3317; x_wconf 81' lang='grc' dir='ltr'>ὀζ’</span> <span class='ocrx_word' id='word_1_31' title='bbox 1283 3241 1450 3321; x_wconf 76' lang='grc' dir='ltr'><strong><em>ὀλυμπιάδα</em></strong></span> 
     </span>
     <span class='ocr_line' id='line_1_8' title="bbox 171 3328 1449 3420; baseline -0.002 -27"><span class='ocrx_word' id='word_1_32' title='bbox 171 3328 232 3414; x_wconf 88' lang='lat'>(01.</span> <span class='ocrx_word' id='word_1_33' title='bbox 256 3339 294 3393; x_wconf 94' lang='grc'>77</span> <span class='ocrx_word' id='word_1_34' title='bbox 316 3362 357 3384; x_wconf 94' lang='lat'>=</span> <span class='ocrx_word' id='word_1_35' title='bbox 383 3340 446 3396; x_wconf 78' lang='lat'>472</span> <span class='ocrx_word' id='word_1_36' title='bbox 471 3358 497 3397; x_wconf 91' lang='lat' dir='ltr'>a.</span> <span class='ocrx_word' id='word_1_37' title='bbox 518 3331 600 3420; x_wconf 76' lang='lat' dir='ltr'>eur.)</span> <span class='ocrx_word' id='word_1_38' title='bbox 629 3338 709 3399; x_wconf 91' lang='lat' dir='ltr'>omni</span> <span class='ocrx_word' id='word_1_39' title='bbox 741 3338 954 3415; x_wconf 76' lang='lat' dir='ltr'>probabilitate</span> <span class='ocrx_word' id='word_1_40' title='bbox 986 3341 1080 3415; x_wconf 82' lang='lat' dir='ltr'>caret,</span> <span class='ocrx_word' id='word_1_41' title='bbox 1109 3337 1182 3412; x_wconf 89' lang='lat' dir='ltr'>quia</span> <span class='ocrx_word' id='word_1_42' title='bbox 1209 3339 1274 3394; x_wconf 86' lang='lat' dir='ltr'>turn</span> <span class='ocrx_word' id='word_1_43' title='bbox 1301 3333 1449 3392; x_wconf 79' lang='lat' dir='ltr'>Pindarus</span> 
     </span>
     <span class='ocr_line' id='line_1_9' title="bbox 171 3422 1447 3506; baseline -0.002 -23"><span class='ocrx_word' id='word_1_44' title='bbox 171 3425 328 3501; x_wconf 78' lang='lat' dir='ltr'><strong>Syracusis</strong></span> <span class='ocrx_word' id='word_1_45' title='bbox 342 3427 597 3506; x_wconf 81' lang='lat' dir='ltr'><strong>peregrinabatur.</strong></span> <span class='ocrx_word' id='word_1_46' title='bbox 636 3428 788 3487; x_wconf 78' lang='lat' dir='ltr'>Victorem</span> <span class='ocrx_word' id='word_1_47' title='bbox 807 3429 945 3487; x_wconf 90' lang='lat' dir='ltr'>reducem</span> <span class='ocrx_word' id='word_1_48' title='bbox 959 3427 1031 3486; x_wconf 90' lang='lat' dir='ltr'>dum</span> <span class='ocrx_word' id='word_1_49' title='bbox 1046 3426 1162 3485; x_wconf 88' lang='lat' dir='ltr'>sodales</span> <span class='ocrx_word' id='word_1_50' title='bbox 1177 3425 1215 3484; x_wconf 91' lang='lat' dir='ltr'>ad</span> <span class='ocrx_word' id='word_1_51' title='bbox 1230 3443 1314 3482; x_wconf 88' lang='lat' dir='ltr'>aram</span> <span class='ocrx_word' id='word_1_52' title='bbox 1329 3422 1447 3482; x_wconf 84' lang='lat' dir='ltr'>Gratia·</span> 
     </span>
     <span class='ocr_line' id='line_1_10' title="bbox 173 3510 1449 3596; baseline -0.003 -25"><span class='ocrx_word' id='word_1_53' title='bbox 173 3534 247 3591; x_wconf 82' lang='lat' dir='ltr'>rum,</span> <span class='ocrx_word' id='word_1_54' title='bbox 271 3514 323 3572; x_wconf 92' lang='lat' dir='ltr'>ubi</span> <span class='ocrx_word' id='word_1_55' title='bbox 347 3534 486 3580; x_wconf 86' lang='lat' dir='ltr'>coronam</span> <span class='ocrx_word' id='word_1_56' title='bbox 510 3520 629 3593; x_wconf 88' lang='lat' dir='ltr'>partam</span> <span class='ocrx_word' id='word_1_57' title='bbox 653 3517 822 3596; x_wconf 83' lang='lat' dir='ltr'>deponeret,</span> <span class='ocrx_word' id='word_1_58' title='bbox 845 3519 1077 3593; x_wconf 79' lang='lat' dir='ltr'>prosequuntur,</span> <span class='ocrx_word' id='word_1_59' title='bbox 1101 3515 1156 3574; x_wconf 91' lang='lat' dir='ltr'>hoc</span> <span class='ocrx_word' id='word_1_60' title='bbox 1175 3532 1293 3572; x_wconf 89' lang='lat' dir='ltr'>carmen</span> <span class='ocrx_word' id='word_1_61' title='bbox 1314 3510 1449 3570; x_wconf 88' lang='lat' dir='ltr'>dulcissi-</span> 
     </span>
     <span class='ocr_line' id='line_1_11' title="bbox 173 3603 1450 3682; baseline -0.002 -22"><span class='ocrx_word' id='word_1_62' title='bbox 173 3623 254 3661; x_wconf 87' lang='lat' dir='ltr'>mum</span> <span class='ocrx_word' id='word_1_63' title='bbox 274 3603 451 3664; x_wconf 83' lang='lat' dir='ltr'>cecinerunt.</span> <span class='ocrx_word' id='word_1_64' title='bbox 482 3605 590 3682; x_wconf 88' lang='lat' dir='ltr'>Itaque</span> <span class='ocrx_word' id='word_1_65' title='bbox 610 3609 709 3665; x_wconf 91' lang='lat' dir='ltr'>totum</span> <span class='ocrx_word' id='word_1_66' title='bbox 727 3606 758 3664; x_wconf 92' lang='lat' dir='ltr'>in</span> <span class='ocrx_word' id='word_1_67' title='bbox 778 3605 965 3665; x_wconf 83' lang='lat' dir='ltr'>illustrandis</span> <span class='ocrx_word' id='word_1_68' title='bbox 985 3603 1097 3665; x_wconf 86' lang='lat' dir='ltr'>Gratiis</span> <span class='ocrx_word' id='word_1_69' title='bbox 1120 3604 1266 3678; x_wconf 83' lang='lat' dir='ltr'>versatur,</span> <span class='ocrx_word' id='word_1_70' title='bbox 1290 3618 1366 3677; x_wconf 91' lang='lat' dir='ltr'>quae</span> <span class='ocrx_word' id='word_1_71' title='bbox 1388 3617 1450 3658; x_wconf 91' lang='lat' dir='ltr'>una</span> 
     </span>
     <span class='ocr_line' id='line_1_12' title="bbox 172 3687 1449 3776; baseline -0.003 -26"><span class='ocrx_word' id='word_1_72' title='bbox 172 3711 240 3750; x_wconf 88' lang='lat' dir='ltr'>cum</span> <span class='ocrx_word' id='word_1_73' title='bbox 269 3697 397 3771; x_wconf 81' lang='lat' dir='ltr'>cognato</span> <span class='ocrx_word' id='word_1_74' title='bbox 427 3695 550 3754; x_wconf 90' lang='lat' dir='ltr'>numine</span> <span class='ocrx_word' id='word_1_75' title='bbox 578 3695 697 3754; x_wconf 88' lang='lat' dir='ltr'>Amoris</span> <span class='ocrx_word' id='word_1_76' title='bbox 725 3687 884 3776; x_wconf 80' lang='grc' dir='ltr'>(Ἔρωτος)</span> <span class='ocrx_word' id='word_1_77' title='bbox 914 3692 1125 3754; x_wconf 88' lang='lat' dir='ltr'>Orchomenios</span> <span class='ocrx_word' id='word_1_78' title='bbox 1157 3690 1293 3768; x_wconf 89' lang='lat' dir='ltr'>inprimis</span> <span class='ocrx_word' id='word_1_79' title='bbox 1323 3688 1449 3749; x_wconf 87' lang='lat' dir='ltr'>coluisse</span> 
     </span>
     <span class='ocr_line' id='line_1_13' title="bbox 172 3776 1450 3860; baseline -0.003 -21"><span class='ocrx_word' id='word_1_80' title='bbox 172 3784 298 3840; x_wconf 87' lang='lat' dir='ltr'>constat.</span> <span class='ocrx_word' id='word_1_81' title='bbox 344 3783 445 3859; x_wconf 82' lang='lat' dir='ltr'>Atque</span> <span class='ocrx_word' id='word_1_82' title='bbox 474 3785 605 3860; x_wconf 89' lang='lat' dir='ltr'>primum</span> <span class='ocrx_word' id='word_1_83' title='bbox 628 3785 659 3843; x_wconf 86' lang='lat' dir='ltr'>in</span> <span class='ocrx_word' id='word_1_84' title='bbox 683 3785 807 3860; x_wconf 90' lang='lat' dir='ltr'>stropha</span> <span class='ocrx_word' id='word_1_85' title='bbox 830 3803 933 3842; x_wconf 87' lang='lat' dir='ltr'>earum</span> <span class='ocrx_word' id='word_1_86' title='bbox 956 3802 1012 3858; x_wconf 93' lang='lat' dir='ltr'>ope</span> <span class='ocrx_word' id='word_1_87' title='bbox 1036 3781 1183 3858; x_wconf 90' lang='lat' dir='ltr'>quidquid</span> <span class='ocrx_word' id='word_1_88' title='bbox 1207 3782 1328 3858; x_wconf 79' lang='lat' dir='ltr'>gratum</span> <span class='ocrx_word' id='word_1_89' title='bbox 1352 3783 1383 3836; x_wconf 88' lang='lat' dir='ltr'>et</span> <span class='ocrx_word' id='word_1_90' title='bbox 1405 3776 1450 3835; x_wconf 89' lang='lat' dir='ltr'>iu·</span> 
     </span>
     <span class='ocr_line' id='line_1_14' title="bbox 173 3866 1451 3950; baseline -0.004 -21"><span class='ocrx_word' id='word_1_91' title='bbox 173 3870 304 3930; x_wconf 89' lang='lat' dir='ltr'>cundum</span> <span class='ocrx_word' id='word_1_92' title='bbox 327 3873 408 3948; x_wconf 90' lang='lat' dir='ltr'>apud</span> <span class='ocrx_word' id='word_1_93' title='bbox 431 3873 565 3933; x_wconf 89' lang='lat' dir='ltr'>homines</span> <span class='ocrx_word' id='word_1_94' title='bbox 588 3874 718 3950; x_wconf 90' lang='lat' dir='ltr'>deosque</span> <span class='ocrx_word' id='word_1_95' title='bbox 747 3872 787 3932; x_wconf 90' lang='lat' dir='ltr'>sit</span> <span class='ocrx_word' id='word_1_96' title='bbox 815 3872 878 3932; x_wconf 88' lang='lat' dir='ltr'>fieri</span> <span class='ocrx_word' id='word_1_97' title='bbox 906 3871 1042 3948; x_wconf 76' lang='lat' dir='ltr'>exponit3</span> <span class='ocrx_word' id='word_1_98' title='bbox 1079 3869 1182 3928; x_wconf 91' lang='lat' dir='ltr'>deinde</span> <span class='ocrx_word' id='word_1_99' title='bbox 1206 3869 1237 3926; x_wconf 90' lang='lat' dir='ltr'>in</span> <span class='ocrx_word' id='word_1_100' title='bbox 1262 3866 1451 3942; x_wconf 81' lang='lat' dir='ltr'>antistropha</span> 
     </span>
     <span class='ocr_line' id='line_1_15' title="bbox 174 3953 1451 4039; baseline -0.003 -22"><span class='ocrx_word' id='word_1_101' title='bbox 174 3977 223 4018; x_wconf 88' lang='lat' dir='ltr'>eas</span> <span class='ocrx_word' id='word_1_102' title='bbox 247 3963 322 4037; x_wconf 82' lang='lat' dir='ltr'>orat,</span> <span class='ocrx_word' id='word_1_103' title='bbox 346 3965 382 4019; x_wconf 90' lang='lat' dir='ltr'>ut</span> <span class='ocrx_word' id='word_1_104' title='bbox 404 3962 526 4022; x_wconf 89' lang='lat' dir='ltr'>chorum</span> <span class='ocrx_word' id='word_1_105' title='bbox 552 3982 714 4039; x_wconf 90' lang='lat' dir='ltr'>puerorum</span> <span class='ocrx_word' id='word_1_106' title='bbox 737 3962 922 4038; x_wconf 86' lang='lat' dir='ltr'>Asopichum</span> <span class='ocrx_word' id='word_1_107' title='bbox 943 3961 1087 4021; x_wconf 84' lang='lat' dir='ltr'>victorem</span> <span class='ocrx_word' id='word_1_108' title='bbox 1110 3958 1304 4019; x_wconf 79' lang='lat' dir='ltr'>comitantem</span> <span class='ocrx_word' id='word_1_109' title='bbox 1327 3953 1451 4032; x_wconf 89' lang='lat' dir='ltr'>propitii</span> 
     </span>
     <span class='ocr_line' id='line_1_16' title="bbox 173 4043 1449 4127; baseline -0.003 -21"><span class='ocrx_word' id='word_1_110' title='bbox 173 4048 323 4124; x_wconf 81' lang='lat' dir='ltr'>accipiant</span> <span class='ocrx_word' id='word_1_111' title='bbox 346 4053 376 4108; x_wconf 91' lang='lat' dir='ltr'>et</span> <span class='ocrx_word' id='word_1_112' title='bbox 398 4052 478 4127; x_wconf 90' lang='lat' dir='ltr'>patri</span> <span class='ocrx_word' id='word_1_113' title='bbox 502 4051 661 4112; x_wconf 83' lang='lat' dir='ltr'>Cleodamo</span> <span class='ocrx_word' id='word_1_114' title='bbox 685 4055 804 4111; x_wconf 86' lang='lat' dir='ltr'>mortuo</span> <span class='ocrx_word' id='word_1_115' title='bbox 828 4051 942 4109; x_wconf 90' lang='lat' dir='ltr'>laetum</span> <span class='ocrx_word' id='word_1_116' title='bbox 970 4048 1110 4108; x_wconf 87' lang='lat' dir='ltr'>nuntium</span> <span class='ocrx_word' id='word_1_117' title='bbox 1132 4045 1276 4108; x_wconf 81' lang='lat' dir='ltr'>victoriae</span> <span class='ocrx_word' id='word_1_118' title='bbox 1303 4043 1357 4102; x_wconf 90' lang='lat' dir='ltr'>filii</span> <span class='ocrx_word' id='word_1_119' title='bbox 1384 4062 1449 4121; x_wconf 92' lang='lat' dir='ltr'>per·</span> 
     </span>
     <span class='ocr_line' id='line_1_17' title="bbox 174 4133 1451 4214; baseline 0 -20"><span class='ocrx_word' id='word_1_120' title='bbox 174 4137 279 4197; x_wconf 88' lang='lat' dir='ltr'>ferant.</span> <span class='ocrx_word' id='word_1_121' title='bbox 305 4170 346 4178; x_wconf 97' lang='lat'><strong>—</strong></span> <span class='ocrx_word' id='word_1_122' title='bbox 371 4139 496 4200; x_wconf 83' lang='lat' dir='ltr'>Carmen</span> <span class='ocrx_word' id='word_1_123' title='bbox 516 4141 547 4199; x_wconf 94' lang='lat' dir='ltr'>in</span> <span class='ocrx_word' id='word_1_124' title='bbox 566 4142 708 4201; x_wconf 91' lang='lat' dir='ltr'>honorem</span> <span class='ocrx_word' id='word_1_125' title='bbox 728 4139 901 4200; x_wconf 83' lang='lat' dir='ltr'>Gratiarum</span> <span class='ocrx_word' id='word_1_126' title='bbox 920 4137 1119 4214; x_wconf 88' lang='lat' dir='ltr'>compositum</span> <span class='ocrx_word' id='word_1_127' title='bbox 1138 4136 1162 4195; x_wconf 89' lang='lat' dir='ltr'>si</span> <span class='ocrx_word' id='word_1_128' title='bbox 1182 4135 1263 4212; x_wconf 93' lang='lat' dir='ltr'>quod</span> <span class='ocrx_word' id='word_1_129' title='bbox 1282 4133 1366 4193; x_wconf 88' lang='lat' dir='ltr'>aliud</span> <span class='ocrx_word' id='word_1_130' title='bbox 1383 4152 1451 4210; x_wconf 89' lang='lat' dir='ltr'>pro·</span> 
     </span>
     <span class='ocr_line' id='line_1_18' title="bbox 174 4221 1451 4305; baseline -0.002 -21"><span class='ocrx_word' id='word_1_131' title='bbox 174 4226 227 4284; x_wconf 90' lang='lat' dir='ltr'>bat</span> <span class='ocrx_word' id='word_1_132' title='bbox 251 4227 381 4287; x_wconf 90' lang='lat' dir='ltr'>Pindaro</span> <span class='ocrx_word' id='word_1_133' title='bbox 407 4229 541 4289; x_wconf 89' lang='lat' dir='ltr'>nascenti</span> <span class='ocrx_word' id='word_1_134' title='bbox 572 4229 706 4289; x_wconf 91' lang='lat' dir='ltr'>arrisisse</span> <span class='ocrx_word' id='word_1_135' title='bbox 733 4229 853 4289; x_wconf 85' lang='lat' dir='ltr'>Gratias</span> <span class='ocrx_word' id='word_1_136' title='bbox 879 4229 958 4305; x_wconf 82' lang='lat' dir='ltr'>deas,</span> <span class='ocrx_word' id='word_1_137' title='bbox 983 4245 1111 4304; x_wconf 90' lang='lat' dir='ltr'>quarum</span> <span class='ocrx_word' id='word_1_138' title='bbox 1133 4224 1254 4285; x_wconf 90' lang='lat' dir='ltr'>numine</span> <span class='ocrx_word' id='word_1_139' title='bbox 1280 4221 1451 4301; x_wconf 66' lang='lat' dir='ltr'>gratismmo</span> 
     </span>
     <span class='ocr_line' id='line_1_19' title="bbox 174 4314 1450 4391; baseline -0.003 -16"><span class='ocrx_word' id='word_1_140' title='bbox 174 4315 288 4376; x_wconf 86' lang='lat' dir='ltr'>Graeca</span> <span class='ocrx_word' id='word_1_141' title='bbox 312 4317 396 4377; x_wconf 90' lang='lat' dir='ltr'>natio</span> <span class='ocrx_word' id='word_1_142' title='bbox 422 4319 460 4378; x_wconf 92' lang='lat' dir='ltr'>ad</span> <span class='ocrx_word' id='word_1_143' title='bbox 485 4322 675 4379; x_wconf 82' lang='lat' dir='ltr'>venustatem</span> <span class='ocrx_word' id='word_1_144' title='bbox 706 4322 736 4378; x_wconf 90' lang='lat' dir='ltr'>et</span> <span class='ocrx_word' id='word_1_145' title='bbox 764 4319 876 4377; x_wconf 87' lang='lat' dir='ltr'>artium</span> <span class='ocrx_word' id='word_1_146' title='bbox 903 4317 1133 4391; x_wconf 85' lang='lat' dir='ltr'>litterarumque</span> <span class='ocrx_word' id='word_1_147' title='bbox 1162 4314 1278 4374; x_wconf 89' lang='lat' dir='ltr'>cultum</span> <span class='ocrx_word' id='word_1_148' title='bbox 1301 4315 1374 4372; x_wconf 85' lang='lat' dir='ltr'>nata</span> <span class='ocrx_word' id='word_1_149' title='bbox 1396 4314 1450 4372; x_wconf 87' lang='lat' dir='ltr'>eat.</span> 
     </span>
    </p>
   </div>
   <div class='ocr_carea' id='block_1_7' title="bbox 720 4490 909 4556">
    <p class='ocr_par' dir='ltr' id='par_1_7' title="bbox 720 4490 909 4556">
     <span class='ocr_line' id='line_1_20' title="bbox 720 4490 909 4556; baseline -0.005 0"><span class='ocrx_word' id='word_1_150' title='bbox 720 4490 764 4556; x_wconf 93' lang='lat' dir='ltr'>De</span> <span class='ocrx_word' id='word_1_151' title='bbox 787 4490 909 4556; x_wconf 89' lang='lat' dir='ltr'>metris.</span> 
     </span>
    </p>
   </div>
   <div class='ocr_carea' id='block_1_8' title="bbox 175 4610 1453 4877">
    <p class='ocr_par' dir='ltr' id='par_1_8' title="bbox 175 4610 1453 4877">
     <span class='ocr_line' id='line_1_21' title="bbox 255 4610 1452 4700; baseline -0.005 -21"><span class='ocrx_word' id='word_1_152' title='bbox 255 4619 402 4679; x_wconf 83' lang='lat' dir='ltr'>Carminis</span> <span class='ocrx_word' id='word_1_153' title='bbox 426 4621 608 4699; x_wconf 83' lang='lat' dir='ltr'>suavissimi,</span> <span class='ocrx_word' id='word_1_154' title='bbox 628 4621 731 4697; x_wconf 84' lang='lat' dir='ltr'>Lydiie</span> <span class='ocrx_word' id='word_1_155' title='bbox 754 4621 850 4681; x_wconf 91' lang='lat' dir='ltr'>modis</span> <span class='ocrx_word' id='word_1_156' title='bbox 874 4613 915 4700; x_wconf 88' lang='lat' dir='ltr'>(v.</span> <span class='ocrx_word' id='word_1_157' title='bbox 941 4610 989 4700; x_wconf 78' lang='lat'>17)</span> <span class='ocrx_word' id='word_1_158' title='bbox 1014 4638 1032 4678; x_wconf 88' lang='lat' dir='ltr'>a</span> <span class='ocrx_word' id='word_1_159' title='bbox 1054 4618 1144 4677; x_wconf 93' lang='lat' dir='ltr'>choro</span> <span class='ocrx_word' id='word_1_160' title='bbox 1169 4616 1276 4676; x_wconf 93' lang='lat' dir='ltr'>leniter</span> <span class='ocrx_word' id='word_1_161' title='bbox 1298 4613 1452 4674; x_wconf 81' lang='lat' dir='ltr'>incedente</span> 
     </span>
     <span class='ocr_line' id='line_1_22' title="bbox 175 4692 1453 4790; baseline -0.004 -23"><span class='ocrx_word' id='word_1_162' title='bbox 175 4701 217 4789; x_wconf 84' lang='lat' dir='ltr'>(v.</span> <span class='ocrx_word' id='word_1_163' title='bbox 234 4701 282 4789; x_wconf 79' lang='lat'>15)</span> <span class='ocrx_word' id='word_1_164' title='bbox 301 4711 424 4788; x_wconf 82' lang='lat' dir='ltr'>cantati,</span> <span class='ocrx_word' id='word_1_165' title='bbox 444 4713 539 4770; x_wconf 87' lang='lat' dir='ltr'>metra</span> <span class='ocrx_word' id='word_1_166' title='bbox 559 4714 630 4769; x_wconf 91' lang='lat' dir='ltr'>sunt</span> <span class='ocrx_word' id='word_1_167' title='bbox 647 4711 831 4790; x_wconf 82' lang='lat' dir='ltr'>logaoedica.</span> <span class='ocrx_word' id='word_1_168' title='bbox 867 4710 1029 4784; x_wconf 89' lang='lat' dir='ltr'>Plerosque</span> <span class='ocrx_word' id='word_1_169' title='bbox 1048 4725 1151 4767; x_wconf 83' lang='lat' dir='ltr'>verene</span> <span class='ocrx_word' id='word_1_170' title='bbox 1169 4697 1209 4787; x_wconf 89' lang='lat'>(1.</span> <span class='ocrx_word' id='word_1_171' title='bbox 1225 4717 1250 4764; x_wconf 74' lang='grc' dir='ltr'>ι.</span> <span class='ocrx_word' id='word_1_172' title='bbox 1265 4716 1290 4762; x_wconf 85' lang='grc'>3.</span> <span class='ocrx_word' id='word_1_173' title='bbox 1305 4714 1330 4762; x_wconf 79' lang='grc'>9.</span> <span class='ocrx_word' id='word_1_174' title='bbox 1346 4713 1387 4762; x_wconf 90' lang='lat'>10.</span> <span class='ocrx_word' id='word_1_175' title='bbox 1403 4692 1453 4783; x_wconf 88' lang='lat'>11)</span> 
     </span>
     <span class='ocr_line' id='line_1_23' title="bbox 175 4789 1453 4877; baseline -0.007 -19"><span class='ocrx_word' id='word_1_176' title='bbox 175 4817 243 4858; x_wconf 89' lang='lat' dir='ltr'>cum</span> <span class='ocrx_word' id='word_1_177' title='bbox 267 4799 298 4857; x_wconf 93' lang='lat' dir='ltr'>in</span> <span class='ocrx_word' id='word_1_178' title='bbox 322 4801 458 4877; x_wconf 89' lang='lat' dir='ltr'>dipodiae</span> <span class='ocrx_word' id='word_1_179' title='bbox 486 4799 660 4861; x_wconf 78' lang='lat' dir='ltr'>dividendos</span> <span class='ocrx_word' id='word_1_180' title='bbox 688 4818 751 4860; x_wconf 90' lang='lat' dir='ltr'>esse</span> <span class='ocrx_word' id='word_1_181' title='bbox 779 4802 884 4876; x_wconf 83' lang='lat' dir='ltr'>pateat</span> <span class='ocrx_word' id='word_1_182' title='bbox 911 4802 942 4858; x_wconf 92' lang='lat' dir='ltr'>et</span> <span class='ocrx_word' id='word_1_183' title='bbox 969 4796 1108 4875; x_wconf 89' lang='lat' dir='ltr'>dipodica</span> <span class='ocrx_word' id='word_1_184' title='bbox 1135 4794 1251 4856; x_wconf 85' lang='lat' dir='ltr'>scansio</span> <span class='ocrx_word' id='word_1_185' title='bbox 1274 4790 1399 4854; x_wconf 86' lang='lat' dir='ltr'>carmini</span> <span class='ocrx_word' id='word_1_186' title='bbox 1420 4789 1453 4848; x_wconf 91' lang='lat' dir='ltr'>in</span> 
     </span>
    </p>
   </div>
   <div class='ocr_carea' id='block_1_9' title="bbox 0 0 1726 5378">
    <p class='ocr_par' dir='ltr' id='par_1_9' title="bbox 0 0 1726 5378">
     <span class='ocr_line' id='line_1_24' title="bbox 0 0 1726 5378; baseline 0 0"><span class='ocrx_word' id='word_1_187' title='bbox 0 0 1726 5378; x_wconf 95' lang='lat' dir='ltr'> </span> 
     </span>
    </p>
   </div>
  </div>
 </body>
</html>
