3406 5378
668 380 894 432 FRAGMENTA.

762 537 808 591 111.

651 644 916 711 ΠΑΙΑΝΕΣ.

555 789 614 841 ωε
633 788 840 840 inomni
859 787 1013 842 τινοιοα.

711 905 751 961 52
778 895 858 980 [24].

512 1179 745 1266 Ἀμφιπόλοισι
767 1138 978 1268 μαρνάμενον

517 1298 652 1373 μοιριᾶν
674 1287 750 1374 περί
772 1298 885 1374 τι-μᾶν
909 1285 1123 1354 ἀπολωλέναι.

515 1685 533 1710 υ
565 1680 577 1709 ·.
604 1687 622 1711 υ
655 1702 660 1711 .
699 1703 703 1712 .
743 1702 748 1711 .
782 1703 799 1711 -
826 1689 844 1711 ν.
870 1684 889 1711 υ
914 1677 933 1711 Ω

516 1751 659 1835 Χρῦσεαι
682 1749 714 1815 δ’
741 1748 893 1835 ἐξύπερθ’
921 1753 1031 1816 αἰετοῦ

516 1859 629 1922 ἄειδον
652 1858 852 1941 Κηληδόνες.

232 2114 319 2173 Peus.
344 2131 364 2172 x
389 2125 435 2190 16,
458 2126 487 2172 ετ
515 2111 565 2173 τὸν
594 2109 625 2172 δὲ
653 2110 712 2172 ῦπδ
736 2115 861 2189 Δελφῶν
888 2111 1073 2190 καλούμενον
1096 2108 1232 2190 ὀμφαλὸν
1255 2113 1344 2174 λίθον
1367 2135 1417 2175 πε-

144 2200 308 2281 ποιημένον
336 2206 458 2280 λευκοῦ,
485 2211 571 2262 τοῦτο
599 2193 674 2261 εἰναι
701 2199 733 2261 τὸ
761 2198 794 2259 ἐν
821 2198 898 2285 μέσιμ
925 2208 980 2280 γῆς
1002 2200 1099 2278 πάσης
1122 2199 1209 2262 αὐτοί
1229 2224 1258 2262 τε
1282 2201 1417 2283 λέγουσιν

144 2292 175 2352 οί
196 2290 323 2369 Δελφοί,
352 2289 402 2350 καὶ
431 2288 463 2351 ἐν
494 2285 556 2374 ᾠδῇ
586 2313 644 2350 τινι
672 2289 824 2369 Πίνδαρος
855 2287 1056 2370 ὁμολογοῦντά
1084 2306 1186 2367 σφισιν
1213 2288 1350 2369 ἐποίησεν
1374 2326 1416 2334 -

144 2380 242 2441 Streb.
265 2400 296 2439 τα
320 2401 347 2457 p.
372 2392 437 2440 419:
467 2377 517 2439 καί
538 2377 678 2439 ἐκάλεσαν
701 2387 753 2458 τῆς
774 2386 830 2459 γῆς
854 2376 1006 2458 ὀμφαλόν,
1029 2380 1266 2458 προσπελάσαντες
1288 2379 1339 2441 καί
1361 2389 1416 2460 μῦ-

143 2476 220 2548 θον,
247 2469 283 2530 όν
310 2487 385 2547 φησι
412 2468 579 2549 Πίνδαρος,
607 2467 651 2528 ὅτι
678 2465 854 2547 συμπίσοιευ
882 2466 1016 2528 ἐνταῦθα
1039 2468 1070 2529 οί
1090 2461 1181 2529 αἰετοί
1204 2469 1236 2530 οί
1255 2466 1416 2547 ἀφεθέντες

143 2558 202 2620 ὑπὸ
226 2568 278 2620 τοῦ
297 2558 380 2636 Διός,
403 2555 419 2618 δ
443 2555 496 2637 μέν
519 2555 577 2618 άπδ
600 2565 653 2635 τῆς
676 2557 798 2635 δύσεως,
822 2555 837 2617 δ
861 2550 889 2617 δ’
911 2555 970 2617 άπὸ
992 2564 1044 2635 τῆς
1062 2554 1216 2637 ἀνατολῆς.
1239 2559 1283 2618 Of.
1297 2560 1329 2619 P.
1344 2579 1376 2620 1v
1390 2572 1415 2619 4.

706 2721 747 2779 55
774 2715 852 2794 [τοι.
915 2764 916 2768 ¹

233 2827 329 2889 Sehol.
351 2827 456 2887 Aeseh.
479 2828 566 2887 Eum.
591 2838 620 2886 2:
648 2823 802 2906 Πίνδαρός
828 2842 903 2903 φησι
930 2823 1004 2906 πρὸς
1027 2825 1098 2904 βίαν
1120 2833 1261 2907 κρατῆσαι
1283 2829 1415 2900 Πυθοῦς

143 2915 193 2977 τὸν
214 2910 397 2994 Ἀπόλλωνα,
420 2913 466 2976 διδ
489 2914 539 2977 καί
560 2923 741 2995 ταρταρῶσαι
764 2913 854 2976 αὐτόν
878 2912 969 2993 ἐζήτει
991 2910 1011 2992 ἡ
1031 2917 1087 2993 Γῆ.

754 3078 804 3136 56.

232 3185 343 3244 Himer.
364 3203 405 3244 or.
423 3202 458 3242 111
479 3196 507 3243 1:
527 3186 618 3262 Χαῖρε
636 3181 726 3259 φίλον
750 3182 841 3260 φάος
863 3183 1021 3263 χαρίεντι
1044 3181 1206 3262 μειδιόον
1227 3184 1415 3269 προσώπῳ·

144 3273 229 3354 μίλος
247 3273 302 3353 γάρ
320 3295 348 3333 τι
366 3270 464 3351 λαβὼν
482 3270 515 3332 ἐκ
532 3280 584 3349 τῆς
603 3273 693 3352 λόρας
712 3270 754 3344 είς
773 3269 828 3350 την
847 3269 903 3349 σὴν
921 3270 1081 3350 ἐπιδημίαν
1104 3267 1299 3357 προσᾴσομαι,
1321 3269 1416 3349 ἡδέως

143 3360 196 3442 μὲν
219 3360 258 3423 δυ
280 3361 383 3434 πείσας
405 3359 455 3422 καί
478 3359 587 3433 αὐτοὺς
616 3354 697 3443 (fort.
717 3355 821 3441 αὐτός)
848 3361 918 3434 τοὺς
946 3361 1050 3442 λόγους
1079 3362 1172 3441 λύραν
1200 3383 1250 3441 μοι
1276 3360 1416 3442 γενέσθαι

142 3450 192 3513 καί
210 3453 341 3529 ποίησιν,
364 3450 414 3511 ἵνα
436 3473 463 3511 τι
485 3449 559 3510 κατὰ
581 3458 636 3511 σοῦ
659 3449 884 3528 νεανιεόσωμαι,
907 3448 1010 3523 ὁποῖος
1029 3451 1202 3529 Σιμωνίδης
1225 3447 1245 3530 ἢ
1263 3451 1414 3531 Πίνδαρος

143 3540 216 3601 κατὰ
240 3540 399 3601 Διωνύσου
426 3538 476 3600 καί
500 3533 691 3612 Ἀπόλλωνος.
715 3572 757 3582 -
781 3540 864 3600 Idem
887 3560 928 3600 or.
952 3558 1008 3599 1111
1032 3552 1060 3599 7:
1087 3538 1121 3599 τὰ
1150 3536 1181 3599 δὲ
1205 3538 1242 3599 σά
1265 3549 1323 3600 νῦν
1347 3538 1415 3601 δέον

143 3629 193 3691 καὶ
216 3629 295 3714 αὐτῷ
319 3635 359 3713 τῷ
379 3626 559 3714 Μουσηγέτη
583 3627 761 3707 εἰκάζεσθαι,
784 3621 849 3689 οίον
872 3627 963 3689 αὐτὸν
985 3626 1035 3688 καί
1053 3626 1171 3706 Σαπφὼ
1193 3627 1244 3690 καί
1262 3630 1415 3711 Πίνδαρος

212 3837 256 3890 Fr.
277 3841 381 3917 5.²'‘5⁶
400 3835 517 3906 paeanie
536 3834 675 3905 Apollinis
694 3833 1008 3918 PythiieuntnDelphis
1028 3833 1105 3901 faeti,
1125 3833 1204 3888 cuiue
1224 3834 1309 3888 etiem
1327 3835 1415 3891 fmee

142 3925 202 3962 esse
221 3908 317 3961 doemt
335 3907 476 3961 Luebbert
494 3906 529 3961 de
548 3907 622 3961 ludie
640 3906 751 3976 Pythiie
770 3907 907 3975 Sicyonue
926 3926 952 3977 p.
967 3923 988 3960 ε.

212 3978 254 4032 Fr.
276 3984 317 4033 ὅθ.
355 3977 446 4033 Schol.
466 3977 545 4033 Pind.
565 3978 598 4033 N.
617 3997 655 4032 vn
673 3995 711 4033 94:
731 3979 934 4048 ἀπολογεῖσθαι
953 3977 1083 4050 βούλεται
1101 3974 1263 4047 (Πίνδαρος)
1281 3977 1414 4045 περὶτοῦ

141 4048 340 4120 Νεοπτολέμου
357 4048 487 4105 θανάτου
506 4049 576 4118 πρδς
592 4051 658 4114 τοὺς
676 4049 835 4118 Αἰγινήτας·
862 4048 965 4103 ἐκεῖνοι
983 4047 1036 4118 γὰρ
1056 4046 1172 4119 ᾐτιῶντο
1192 4047 1241 4102 τὸν
1261 4045 1413 4118 Πίνδαρον,

141 4120 713 4261 {5fi31⁰“'1ss⁰'511³f}0⁹⁰²⁹mm
732 4118 960 4262 {5325013333‘
975 4163 980 4174 '
997 4163 1002 4174 '
1019 4116 1415 4245 ziffissif'sss‘ifflssss
1474 4196 1481 4213 ·

222 4236 227 4247 τ
271 4236 277 4246 ι
301 4262 307 4273 .
407 4224 440 4233 '—
479 4263 485 4274 Ι
710 4235 716 4260 η
963 4224 997 4231 -“

142 4281 178 4317 an
197 4266 444 4390 ρδξωῦδρῦθΡδιδὲἐ
453 4267 513 4402 Χωίιζ
531 4263 745 4398 ίαθίθίδιωέςοῖδιξ
761 4263 852 4407 giezi:
871 4280 929 4397 ίδιες
945 4342 1061 4404 χρυσᾶς,
1087 4332 1106 4386 ἃ
1129 4333 1164 4401 δὴ
1183 4329 1327 4402 Πίνδαρος
1346 4328 1414 4406 ᾖσεν

141 4404 186 4460 ἐπ’
208 4402 305 4477 ἐκείνῳ
328 4409 365 4477 τῷ
388 4410 447 4478 ναῷ
471 4404 635 4476 (Delphico).
672 4406 813 4476 χρύσεαι
836 4409 892 4459 κτλ.
913 4404 1003 4459 Galen
1020 4408 1040 4459 t.
1059 4423 1139 4472 xvm,
1165 4421 1231 4474 pars
1251 4422 1275 4472 1,
1294 4421 1359 4493 pag.
1374 4421 1413 4461 σω

140 4478 182 4531 ed.
199 4476 311 4530 Kiihne:
330 4478 378 4530 καί
392 4477 407 4530 ὁ
421 4474 565 4545 Πίνδαρός
583 4495 671 4547 φησιν
689 4476 720 4531 ἐν
737 4485 795 4540 τοῖς
813 4485 914 4531 παιᾶνι
927 4479 998 4546 (ταῖς
1013 4474 1147 4530 Πλειάσιν
1161 4476 1268 4546 vulgo)·
1289 4494 1413 4546 χρυσεα

140 4548 168 4603 δ’
190 4547 360 4615 ὀξόπτερα
378 4549 494 4603 αἰετοῦ
513 4548 632 4602 άειδον
650 4551 824 4618 κληδόνες·
844 4547 960 4618 respicit
974 4548 1074 4604 Athen.
1086 4566 1123 4601 vn
1137 4551 1212 4602 εοοΕ
1227 4579 1260 4586 -
1276 4545 1411 4616 ἐξύπερθ’

139 4621 234 4675 αἰετοῦ
253 4617 359 4688 Bergk:
379 4618 407 4684 ἐξ
426 4617 560 4687 ῦπερίτου
574 4622 625 4673 eut
639 4619 667 4685 ἐξ
681 4618 821 4688 ῦπαρίτου
836 4620 927 4688 Paua„
946 4619 1084 4687 όξῦπτερα
1098 4619 1194 4672 αἰετοῦ
1208 4618 1280 4685 (ἰοί,
1300 4618 1328 4684 ἓξ
1343 4618 1412 4687 ὑπὲρ

139 4693 234 4746 αἰετοῦ
254 4689 448 4744 Schneidewin
466 4690 566 4744 Philol.
581 4709 599 4745 v
615 4707 661 4746 τοο.
680 4707 720 4746 ιεε
735 4709 755 4746 s.
776 4722 808 4731 —
829 4688 988 4761 Κηληδόνες
1006 4690 1099 4762 Bergk
1117 4689 1221 4745 collato
1240 4691 1304 4746 Δία.
1320 4708 1359 4745 τεο
1374 4694 1411 4745 E:

140 4764 293 4833 κηλήμονες
311 4761 406 4827 Pane,
426 4760 557 4830 κληδόνες
575 4762 651 4830 (ἰείη
674 4779 730 4817 non
749 4762 860 4833 integre
878 4764 965 4817 verba
983 4765 1084 4833 poetae
1102 4760 1194 4817 relate
1212 4778 1272 4816 enee
1292 4764 1412 4816 metrum

138 4833 304 4906 paeonicum
323 4833 467 4887 turbatum
485 4833 586 4903 arguit.
