3406 5378
137 364 140 370 .
211 314 278 379 298
684 316 831 365 PINDth
852 315 1015 366 EPINICIA.

267 480 400 544 ἅπτεται
423 476 452 542 d'
481 477 585 542 ἐσλῶν
609 477 674 559 ἀεί,

311 589 494 670 χειρόνεσσι
518 582 549 648 δ’
575 584 636 648 οὐκ
660 582 764 669 ἐρίζει.

1289 685 1372 751 Ἀντ.
1391 684 1438 768 β’.

265 813 373 875 κεῖνος
396 797 450 864 καὶ
479 802 672 882 Τελαμῶνος
695 796 800 875 δάψεν
823 798 899 861 υίὸν
922 795 1083 882 φασγάνῳ
1109 794 1354 878 ἀμφικυλίσαις.
1459 809 1497 855 ιο

265 903 284 990 ἦ
308 905 372 972 τιν’
398 908 571 989 ἄγλωσσον
594 904 669 989 με’ν,
693 900 771 988 ἦτορ
796 902 826 997 df
855 905 993 986 ἄλκιμον
1017 902 1106 968 λάθα
1128 900 1254 984 κατέχει

211 1032 245 1079 ισ
266 1013 302 1079 ἐν
326 1020 436 1102 λυγρῷ
460 1017 573 1077 νείκει·
597 1011 752 1096 μέγιστον
776 1008 807 1074 d'
834 1012 936 1097 αἰόλῳ
960 1010 1074 1088 ψεύδει
1098 1007 1195 1091 γε’ρας
1218 1006 1400 1072 ἀντέταται.

264 1123 436 1204 κρυφίαισι
462 1120 524 1201 γάρ
549 1117 585 1183 ἐν
608 1117 734 1201 φάφοις
755 1115 867 1182 Ὀδυσ-

308 1237 349 1310 σῆ
373 1223 503 1291 Δαναοὶ
517 1224 751 1321 θεράπευσαν·

265 1331 414 1418 χρυσέων
438 1330 466 1397 δ’
496 1337 581 1408 Αἶας
604 1348 716 1417 στερη-

309 1438 382 1515 θεὶς
404 1440 516 1504 όπλων
539 1440 632 1525 φόνῳ
656 1438 824 1503 πάλαισεν.

267 1632 287 1719 ἦ
310 1636 376 1719 μάν
400 1635 540 1719 ἀνόμοιά
563 1658 598 1716 γε
623 1632 680 1720 δᾳ·
1305 1628 1370 1695 Ἐπ.
1390 1629 1436 1713 β’.

309 1759 396 1807 οισιν
420 1741 457 1806 ἐν
479 1748 593 1828 θερμῷ
619 1742 695 1824 χροῒ

265 1849 359 1916 ἕλκεα
382 1848 485 1933 ῥῆξαν
507 1851 751 1931 πελεμιζόμενοι

210 1976 244 2023 30
263 1955 320 2022 ὑπ’
346 1955 582 2042 ἀλεξιμβρότῳ
607 1957 723 2040 λόγχᾳ,
747 1955 786 2018 τά
809 1949 869 2037 μὲν
892 1951 975 2037 ἀμφ’
999 1951 1120 2036 Ἀχιλεῖ
1140 1955 1317 2038 νεοκτόνῳ,

264 2066 375 2130 ἀλλων
398 2086 431 2127 τε
454 2065 593 2147 μόχθων
617 2060 652 2126 ἐν
675 2064 908 2146 πολυφθόροις

263 2169 406 2254 ἁμέραις.
454 2168 559 2253 ἐχθρά
582 2167 611 2233 θ’
640 2170 704 2251 ἀρα
726 2167 895 2253 πάρφασις
918 2162 959 2250 ἦν
978 2208 990 2216 -
1010 2164 1065 2231 καί
1087 2166 1202 2251 πάλαι,
1458 2185 1495 2231 σε

263 2279 413 2362 αἱμύλων
436 2277 556 2361 μύθων
579 2275 716 2360 ὁμόφοι-

309 2409 378 2462 τος,
403 2383 629 2466 δολοφραδής,
653 2382 832 2447 κακοποιὸν
855 2382 995 2459 ὄνειδος·

264 2494 285 2557 ά
308 2493 344 2556 τὸ
367 2487 428 2576 μὲν
451 2490 601 2575 λαμπρὸν
624 2492 749 2573 βιᾶται,

309 2609 375 2662 τῶν
398 2597 435 2662 δ’
460 2597 618 2681 ἀφάντων
641 2596 742 2672 κῦδος
765 2596 906 2661 ἀντείνει
930 2599 1069 2678 σαθρόν.

281 2813 322 2862 2³.
348 2805 546 2878 ἀμφικυλίσαις
569 2806 695 2861 Boeckh:
720 2806 934 2876 άμφικυλίσσαις
957 2807 1023 2862 BD
1042 2839 1076 2846 -
1096 2812 1137 2860 24.
1162 2805 1257 2860 λα’θαν
1275 2807 1305 2859 D
1324 2837 1357 2844 -
1376 2803 1492 2877 κατέχει

210 2881 241 2935 ἐν
259 2884 333 2950 λυγρ.
350 2878 420 2933 coni.
437 2878 591 2932 Hermann:
611 2876 721 2948 κατέχει
737 2899 753 2931 ν
767 2882 841 2948 λυγρ.
858 2879 894 2946 D,
910 2877 1018 2950 κατέχει
1038 2898 1067 2932 τε
1087 2882 1160 2947 λυγρ.
1178 2879 1213 2945 Β,
1228 2876 1344 2946 κάτεχεν
1364 2876 1393 2929 ἐν
1411 2881 1490 2948 λυγρ.

210 2951 301 3021 Bergk
327 2983 357 2989 --
383 2956 425 3004 ιο.
451 2948 618 3003 άντίτακται
642 2950 671 3002 D
691 2982 722 2989 -
744 2955 785 3003 28.
811 2949 921 3014 φάθοις
942 2951 972 3005 D
990 2983 1025 2990 -
1043 2957 1085 3004 27.
1110 2948 1200 3005 ὅπλαν
1223 2950 1253 3002 D
1271 2980 1304 2988 —
1324 2952 1365 3002 29.
1391 2953 1489 3019 πελεμ.

210 3022 280 3077 coni.
298 3020 453 3075 Wakefield
468 3019 624 3074 Aristarchi
644 3019 904 3091 interpretationem
924 3021 1004 3075 κινοά
1026 3041 1085 3076 ενοι
1108 3023 1231 3076 secutus:
1255 3024 1349 3087 πολεμ.
1370 3020 1433 3074 BD
1456 3054 1487 3061 —

210 3100 252 3148 30.
272 3094 392 3164 ἀλεξιβρ.
412 3092 442 3146 D
461 3124 493 3131 -
514 3096 555 3145 31.
577 3091 607 3145 ἐν
626 3091 820 3159 πολυφθόροις
839 3092 909 3147 coni.
929 3042 1053 3147 Boecih:
1074 3090 1299 3161 πολυφθόροισιν
1318 3089 1350 3147 ἐν
1368 3091 1434 3145 BD
1455 3124 1488 3133 —

210 3171 252 3219 33.
272 3164 396 3233 αἱμύλων
415 3161 512 3217 Trici:
533 3160 667 3231 αἱμυλίων
686 3163 747 3216 BD
768 3195 794 3203 —
819 3160 958 3233 όμόφυτος
977 3166 1003 3217 Β
1022 3195 1055 3203 ·-

209 3343 315 3397 eisdem
337 3341 429 3395 verbis
451 3340 539 3394 utitur
557 3340 698 3411 Aristoph.
713 3340 778 3395 nub.
794 3357 846 3407 ειη
873 3341 907 3395 cf.
927 3350 1017 3411 χρῆμα
1039 3351 1097 3396 πᾶν
1118 3343 1137 3396 Ι.
1152 3361 1201 3395 vin
1223 3358 1254 3409 ιι,
1275 3351 1352 3396 πᾶσα
1374 3341 1487 3413 ἀνάγκη

208 3413 282 3467 Plat.
302 3412 372 3467 Tim.
391 3427 454 3480 σοι,
474 3412 560 3481 πολλὴ
580 3411 688 3482 ἀνάγκη
710 3413 785 3465 Dein.
806 3411 835 3465 in
854 3413 932 3482 Lept.
953 3429 978 3466 ra
997 3444 1030 3452 -
1049 3418 1091 3467 ιθ.
1111 3417 1196 3494 poeta
1215 3430 1247 3467 eo
1267 3429 1296 3467 sc
1315 3413 1487 3483 consolatur,

209 3485 283 3554 quod
310 3482 446 3554 optimum
472 3484 602 3552 quodque
620 3483 742 3536 maxime
761 3482 869 3537 invidia
887 3483 993 3565 petitur
1012 3485 1041 3538 et
1059 3484 1288 3538 cavillationibus
1308 3485 1432 3555 carpitur
1453 3518 1486 3527 -

209 3561 243 3609 ‘23
259 3574 294 3609 ss.
319 3554 417 3608 fabulo
440 3555 475 3609 de
494 3554 593 3624 Aiace,
617 3554 693 3623 quod
712 3553 812 3608 Achivi
835 3554 941 3609 iudices
966 3555 1087 3609 astutiae
1107 3555 1197 3610 Ulixis
1220 3556 1283 3625 plus
1307 3572 1391 3624 quam
1417 3573 1487 3611 suae

210 3626 368 3681 fortitudini
388 3625 566 3694 tribuissent,
590 3629 706 3680 mortem
731 3624 786 3679 sibi
809 3626 999 3681 consciscente
1022 3626 1079 3680 iam
1098 3626 1234 3697 inparve
1257 3626 1345 3681 Iliade
1369 3632 1486 3682 narrata

210 3702 283 3764 erat3
308 3696 401 3751 nescio
426 3701 521 3752 tamen
545 3716 581 3751 an
605 3695 750 3768 Sophoclis
769 3697 918 3767 tragoedia
936 3697 1043 3765 Aiacis,
1063 3715 1148 3767 quam
1168 3698 1242 3753 circa
1265 3700 1334 3752 haec
1358 3702 1488 3769 tempora

211 3768 328 3823 Athenis
347 3768 376 3822 in
396 3785 507 3823 scenam
528 3769 692 3839 productam
712 3784 771 3822 esse
789 3771 908 3836 constat,
928 3769 1049 3823 Pindaro
1065 3786 1163 3823 ansam
1177 3769 1310 3823 narrandi
1326 3787 1388 3824 eom
1404 3788 1485 3839 prae-

211 3840 310 3895 buerit.
340 3840 468 3909 Namque
490 3857 545 3894 non
570 3840 659 3893 solum
675 3840 788 3894 Aiacem
808 3839 837 3893 in
856 3839 983 3909 gladium
1003 3840 1219 3907 incumbentem,
1239 3841 1287 3895 sed
1307 3842 1393 3895 etiam
1412 3840 1486 3895 iudi-

210 3930 272 3966 cum
288 3911 422 3983 suffragia
436 3929 485 3981 per
499 3911 628 3966 fraudem
642 3915 772 3981 corrupta
786 3911 923 3965 Pindarus
939 3911 1069 3967 similiter
1083 3916 1168 3982 atque
1183 3912 1334 3982 Sophocles
1344 3913 1387 3966 ni.
1399 3929 1438 3968 sm
1449 3930 1486 3968 ss.

209 3988 238 4038 et
257 3999 309 4038 1135
325 4001 359 4036 ss.
384 3983 564 4052 exposuit-
587 3988 619 4035 24
635 4000 654 4036 s.
680 3981 770 4036 locum
791 3999 965 4038 communem
984 4000 1044 4038 esse
1064 3983 1257 4038 demonstrant
1280 3984 1385 4038 formae
1404 3995 1485 4054 prae·

209 4054 296 4109 sentis
320 4053 453 4122 temporis
477 4057 505 4107 et
524 4070 675 4123 pronomen
695 4052 870 4107 indefinitum
893 4075 957 4108 τινα
977 4055 1152 4122 ‘munchen’3
1179 4056 1248 4110 haec
1272 4060 1366 4109 autem
1390 4056 1486 4110 omnia

208 4144 264 4180 non
287 4125 379 4178 minus
403 4125 432 4178 in
455 4125 608 4194 praeterita·
632 4141 717 4192 quam
740 4125 769 4177 in
792 4126 953 4194 praesentia
978 4128 1104 4211 tempora
1128 4127 1227 4181 cadere
1251 4145 1335 4251 εοχιιο
1354 4127 1382 4179 in
1402 4144 1484 4198 argu-

209 4200 303 4251 mento
327 4195 459 4250 carminis
483 4196 659 4265 exposuimus
684 4228 716 4236 —
741 4203 782 4249 26.
808 4199 952 4265 κρυφίαισι
974 4242 978 4249 .
1000 4240 1005 4251 .
1026 4214 1056 4251 εν
1082 4197 1202 4266 φάφσις·
1231 4199 1391 4252 decantata
1414 4198 1484 4253 haec

210 4285 269 4321 esse
289 4266 414 4338 suspicor
433 4270 530 4321 contra
549 4266 683 4393 suffraffiia
701 4283 750 4336 per
769 4267 890 4322 tabellas
914 4269 1041 4333 ferenda,
1065 4270 1140 4336 quod
1163 4269 1324 4324 institutum
1348 4269 1485 4340 populare

208 4339 294 4392 etiam
318 4339 423 4393 Romae
448 4339 484 4391 ab
508 4356 524 4392 o
545 4339 639 4392 timot-i
661 4357 693 4392 us
717 4338 913 4410 impugnatum
938 4356 998 4394 esse
1017 4340 1146 4393 novimus
1166 4373 1200 4380 —
1220 4346 1261 4394 27.
1281 4340 1428 4395 πάλαισεν·
1449 4344 1484 4395 cl'.

208 4410 272 4464 Hes.
293 4427 356 4479 opp.
376 4427 416 4464 ιιι
435 4410 506 4478 ἀνὴρ
526 4424 620 4464 αταισι
639 4407 804 4465 παλαίει-
825 4415 866 4466 30.
890 4409 936 4464 ὑπ’
953 4410 1139 4484 ἀλεξιμβρότῳ
1156 4410 1251 4485 λόγχᾳ,
1266 4430 1321 4480 qua
1335 4413 1419 4467 hasta
1433 4430 1486 4466 sua

208 4498 324 4551 corpora
343 4481 507 4547 tuebantur,
527 4481 702 4536 adversarios
721 4481 930 4552 propulsantes;
950 4486 1044 4536 tamen
1063 4483 1136 4537 scuti
1155 4483 1270 4551 (σκότει)
1289 4484 1380 4553 magis
1399 4500 1484 4552 quam

208 4553 307 4606 hastae
327 4551 431 4626 (λόγχᾳ)
450 4553 619 4608 mentionem
644 4553 703 4607 fieri
722 4557 874 4623 exspectes.
912 4554 951 4608 De
971 4553 999 4607 vi
1018 4554 1235 4624 praepositionis
1255 4554 1349 4607 confer
1368 4554 1396 4608 P.
1413 4575 1429 4607 v
1445 4573 1485 4608 ιοο

209 4621 366 4692 ῥανθεῖσαν
389 4625 444 4677 ὑπὸ
468 4627 615 4694 χεύμασιν,
639 4624 672 4678 N.
693 4644 702 4675 1
721 4643 747 4677 cs
765 4625 945 4693 πεφόρσεθαι
968 4626 1023 4679 ὑπὸ
1046 4622 1153 4694 ῥιπαῖσι
1179 4657 1211 4666 -
1232 4635 1274 4681 ³0.
1299 4624 1371 4694 ἀμφ’
1390 4624 1486 4696 Ἀχιλεῑ

208 4694 354 4767 νεοκτόνῳ,
377 4712 449 4763 quae
467 4695 595 4765 proxima
614 4712 699 4750 causa
717 4695 840 4750 rixarum
855 4695 927 4750 inter
940 4696 1055 4751 Aiacem
1073 4701 1101 4751 et
1116 4697 1225 4751 Ulixem
1244 4696 1298 4750 fuit
1314 4729 1346 4736 -
1362 4702 1403 4751 33.
1420 4696 1485 4767 ὁμό-

209 4786 306 4836 φοιτος
325 4785 347 4821 c.
363 4784 425 4838 gen.
441 4766 573 4837 iunctum,
593 4770 625 4820 ut
643 4763 738 4836 ὕμνων
756 4767 912 4836 σύντροφος
930 4768 1026 4837 ἀηδών
1045 4785 1090 4838 ap.
1105 4768 1189 4823 Arist.
1205 4785 1248 4822 av.
1264 4785 1310 4823 σιω.
