3406 5378
711 393 843 446 curura
861 395 908 448 rx.
1383 393 1447 458 νοτ

221 553 371 640 θρέψατο
394 555 497 619 παῖδα
516 555 690 641 Κυράναν·
716 555 736 619 ά
758 551 819 640 μὲν
842 555 918 621 οὔθ’
947 558 1048 621 ίστῶν
1070 559 1304 643 παλιμβάμους
1327 558 1395 643 ε’φί-

1022 668 1120 747 λησεν
1144 665 1255 747 ὁδούς,

127 798 133 809 ·
225 770 301 834 οὔτε
325 769 470 833 δείπνων
493 771 643 854 οἰκοριᾶν
665 768 738 854 μεθ’
769 767 902 855 ἑταιρᾶν
924 767 1074 857 τέρψιας,
1415 790 1448 836 κο

170 896 203 941 νο
224 874 294 941 ἀλλ’
323 875 517 941 ἀκόντεσσίν
540 900 574 941 τε
597 874 747 962 χαλκέοις

222 982 383 1070 φασγάνῳ
406 1006 440 1046 τε
463 982 655 1068 μαρναμένα
678 984 825 1065 κεράιζεν
848 983 985 1069 ἀγρίους

221 1097 344 1176 θῆρας,
370 1084 389 1171 ἦ
413 1089 540 1154 πολλάν
563 1088 674 1154 τεκαὶ
697 1089 837 1174 ἡσύχιον
1413 1108 1448 1154 ao

221 1195 342 1281 βουσίν
365 1199 502 1280 εἰρήναν
524 1196 703 1282 παρέχοισα
726 1197 903 1286 πατρῴαις,
927 1199 986 1263 τὸν
1009 1195 1046 1263 δὲ
1069 1200 1247 1282 σύγκοιτον
1266 1201 1393 1281 γλυκὺν

222 1313 353 1387 παῦρον
376 1303 428 1369 ἐπὶ
453 1306 632 1389 γλεφάροις

171 1428 205 1474 sa
224 1412 333 1476 ὕπνον
356 1412 572 1478 ἀναλίσκοισα
595 1410 737 1496 ῥέποντα
758 1413 842 1497 πρὸς
865 1410 922 1476 ἀῶ.

222 1630 291 1709 κίχε
316 1650 372 1692 νιν
395 1630 507 1691 λέοντί
526 1625 599 1691 ποτ’
625 1625 874 1712 εὐρυφαρέτρας
1240 1630 1319 1711 Στρ.
1344 1624 1387 1709 β’.
1411 1644 1445 1693 45

223 1732 349 1821 ὀβρίμῳ
373 1734 503 1818 μούναν
526 1736 724 1797 παλαίοισαν

224 1841 299 1925 άτερ
325 1840 447 1924 ἐγχέων
471 1838 623 1925 ἑκάεργος
641 1838 821 1905 Ἀπόλλων.

223 1947 340 2011 αὐτίκα
364 1946 396 2011 δ’
423 1946 457 2012 ἐκ
480 1947 633 2032 μεγάρων
656 1951 808 2032 Χείρωνα
830 1945 1031 2033 προσέννεπε
1055 1956 1167 2034 φωνᾷ·

169 2071 203 2117 30
224 2056 356 2138 Σεμνὸν
379 2056 516 2139 άντρον,
544 2055 723 2139 Φιλυρίάα,
751 2055 923 2139 προλιπὼν
945 2054 1058 2138 θυμὸν
1082 2056 1238 2136 γυναικὸς
1262 2051 1316 2118 καὶ
1339 2079 1393 2138 με-
1413 2073 1446 2119 so

1019 2160 1124 2243 γάλαν
1147 2161 1291 2225 δύνασιν

171 2253 285 2260 —
301 2255 323 2260 -.
347 2255 382 2259 -.-

241 2360 282 2407 19.
303 2351 425 2408 δείπνων
445 2354 471 2406 Β
481 2351 535 2408 Di:
555 2355 672 2407 δεῖπνον
689 2353 734 2407 D¹⁵
753 2355 782 2407 et
799 2372 825 2407 v.
841 2353 858 2407 l.
875 2352 969 2415 schol..
989 2356 1090 2408 ἀείνων
1109 2352 1179 2408 coni.
1194 2353 1288 2424 Bergk
1303 2386 1335 2394 —
1352 2354 1445 2408 οἰκον-

168 2434 232 2493 ριάν
252 2425 391 2494 (οἰκοριᾶν
408 2424 528 2491 Mosen,
548 2424 691 2499 οίκοορχᾶν
714 2424 877 2493 Schroeder)
901 2422 969 2494 μεθ’
991 2424 1105 2493 ἑταιρᾶν
1123 2422 1241 2492 τέρψιας
1266 2425 1363 2481 codd:
1385 2425 1444 2494 τέρ-

167 2509 238 2561 ψιας
265 2494 335 2550 oto'
365 2496 468 2564 ἑταρᾶν
496 2496 642 2565 οἰκουρίαν
671 2512 704 2549 cx
728 2495 841 2550 scholiis
865 2494 963 2550 elicuit
987 2495 1080 2565 Bergk
1104 2527 1136 2536 -
1161 2502 1203 2550 ⁶22.
1228 2496 1306 2566 ἁσυχ.
1326 2497 1392 2550 BD
1411 2530 1444 2537 —

169 2575 211 2623 24.
235 2572 313 2637 γλεφ.
338 2569 374 2623 V:
403 2569 480 2640 βλεφ.
501 2568 570 2622 BD
590 2599 622 2607 -
638 2565 728 2622 ὕπνον
744 2612 749 2622 .
767 2612 771 2622 .
788 2610 793 2621 .
809 2575 919 2635 παῦρον
944 2568 973 2635 V,
997 2564 1088 2621 ύττνον
1112 2566 1158 2621 ἐπὶ
1183 2566 1333 2637 γλεφάροις
1355 2567 1442 2636 παῦρ’

167 2642 349 2693 ἀναλίσκοισα
378 2638 448 2693 coni.
475 2638 583 2710 Βοαρίας
613 2638 790 2707 arestonius
819 2656 869 2709 pro
898 2637 1079 2692 ἀναλίσκοισα
1107 2638 1178 2693 coni.
1204 2639 1241 2692 M.
1268 2638 1381 2693 Schmid
1411 2671 1444 2678 -

169 2716 211 2766 27.
231 2710 287 2784 ὀβρ.
305 2711 332 2765 Β
339 2711 377 2779 D,
397 2710 475 2782 ύμβρ,
490 2712 523 2778 P,
543 2710 577 2764 cf.
593 2710 624 2765 Ο.
640 2728 693 2765 rvr
714 2743 746 2751 —
767 2717 808 2764 29.
829 2710 859 2764 ἐκ
879 2708 1008 2780 μεγάρων
1026 2710 1120 2765 codd:
1144 2708 1175 2764 dt
1199 2719 1349 2780 σμαραγῶν
1373 2711 1444 2765 coni.

240 2859 280 2906 13.
306 2851 501 2978 παλιμβάμους
524 2851 608 2916 ὁδούς
627 2852 751 2922 Heynius
775 2852 809 2907 de
833 2852 913 2907 radio
932 2852 1132 2922 interpretatur
1151 2868 1200 2922 per
1219 2854 1340 2905 tramam
1359 2855 1443 2906 eunte

167 2926 196 2977 et
213 2924 355 2991 redeunte,
398 2924 531 2978 oeckbius
550 2925 586 2979 de
604 2924 767 2979 mulieribus
786 2924 884 2995 iugum
902 2924 1053 2979 textorium
1072 2922 1270 2977 ambientibus.
1307 2922 1443 2977 Boeckhii

166 2994 224 3049 inte
259 2995 425 3049 retationem
445 2995 590 3049 illustrant
614 2996 734 3052 scholia:
760 2995 969 3069 παλιμβάμους·
989 2996 1053 3049 ἀντὶ
1071 3003 1120 3049 τοῦ
1140 2995 1393 3064 παλιμπορε-ύτους,
1414 2994 1444 3048 nl

168 3066 220 3135 γὰρ
257 3067 327 3133 adul
346 3065 519 3134 ιἰφαίνουσαι
537 3066 761 3136 προπορεύονται
779 3069 827 3120 καὶ
846 3067 931 3122 πάλιν
945 3067 994 3121 τὸν
1009 3067 1096 3121 αὑτὸν
1110 3066 1279 3133 πορεύονται
1293 3063 1381 3119 τύπον
1395 3067 1442 3119 καί

169 3135 393 3207 ὑποστρέφουσιν
412 3170 444 3177 -
466 3144 506 3192 19.
534 3137 704 3192 scholiastae
722 3155 786 3191 cum
805 3137 868 3192 ούτε
887 3147 942 3192 τῶν
961 3135 1084 3192 δείπνων
1102 3136 1152 3199 τὰς
1170 3135 1287 3205 τέρψιας
1306 3136 1369 3190 olins
1387 3145 1444 3190 τῶν

170 3208 287 3277 ἑταίρων
305 3218 360 3263 τῶν
379 3218 428 3262 τοῦ
448 3209 527 3264 alnov
547 3211 738 3274 ἀεσποζσυσῶν
756 3208 805 3271 τὰς
824 3207 941 3278 τέρψιας
958 3209 1185 3279 interpretentur,
1205 3209 1296 3277 ipsam
1315 3206 1443 3261 codicum

167 3279 316 3334 lectionem
339 3281 517 3347 confirmant,
542 3280 591 3334 sed
614 3297 714 3350 pamm
732 3280 876 3334 commode
896 3284 952 3335 tres
971 3296 1027 3348 res,
1047 3279 1149 3349 quibus
1169 3279 1291 3348 virgines
1311 3278 1443 3347 aequales

169 3350 298 3420 (ἑταῖραι)
325 3350 512 3419 delectentur,
532 3350 666 3420 Cyrenam
694 3354 873 3420 aspernatam
899 3369 959 3406 esse
986 3353 1159 3418 statuerunt,
1187 3367 1256 3420 opus
1284 3351 1445 3418 textorium,

167 3422 358 3477 conviviorum
376 3422 490 3492 gaudie,
511 3424 609 3475 domus
628 3421 909 3478 administrationem.
937 3425 1010 3492 Apte
1029 3422 1105 3477 enim
1124 3421 1232 3490 cyrena
1252 3421 1444 3476 conviviorum

167 3511 223 3548 una
242 3511 305 3548 curn
324 3493 469 3548 sodalibus
490 3495 602 3548 domum
621 3492 844 3548 custodientibus
866 3494 1058 3548 obeundorum
1081 3493 1187 3564 gaudia
1210 3493 1350 3563 respuisse
1374 3493 1442 3548 dici·

166 3568 218 3619 tur.
258 3564 411 3619 Offensioni
435 3582 501 3619 sane
525 3567 569 3619 est
591 3565 682 3619 forma
706 3565 851 3631 οίκουριᾰν
874 3583 930 3619 non
954 3569 1012 3619 tam
1034 3582 1135 3632 genere
1160 3564 1295 3619 feminino
1315 3568 1375 3634 (ἀν
1393 3582 1443 3647 pro

167 3641 227 3695 -nvt
253 3655 338 3705 quam
362 3640 490 3707 correpta
513 3636 689 3707 diphthongo
718 3652 763 3691 ου·
787 3636 881 3691 nescio
904 3641 1000 3691 tamen
1025 3654 1060 3689 an
1080 3637 1150 3690 hacc
1169 3636 1308 3706 correptio
1327 3635 1443 3691 Aeolica

167 3707 289 3762 dialecto
313 3711 342 3763 et
365 3707 499 3795 analogia
525 3707 679 3777 duplicium
705 3708 856 3762 formarum
881 3717 984 3777 μοῦνος
1009 3710 1039 3761 et
1063 3706 1159 3777 μόνος,
1186 3716 1286 3775 κοῦρος
1305 3711 1334 3760 et
1352 3705 1442 3776 κόρος,

167 3788 266 3842 νοῦσος
285 3783 313 3833 et
332 3777 420 3844 νόσος,
440 3799 523 3849 ονρος
541 3782 570 3833 et
589 3778 652 3847 ὄρος
671 3779 741 3833 satis
760 3778 874 3833 defendi
890 3779 1029 3849 possit-
1043 3786 1085 3833 ⁶20.
1105 3777 1243 3848 χαλκέοις·
1264 3778 1367 3845 aeneis,
1386 3796 1442 3832 non

166 3851 272 3919 ferreis,
284 3851 319 3904 ad
330 3868 431 3905 aevum
441 3851 556 3905 heroum
567 3850 794 3921 significandum,
809 3850 844 3903 cf.
859 3849 911 3905 O.1
926 3867 958 3905 rs.
973 3869 1001 3904 ιν
1011 3866 1045 3904 ιι.
1065 3849 1119 3902 N.1
1133 3866 1166 3903 as.
1182 3869 1198 3902 x
1214 3867 1237 3903 ω
1250 3880 1282 3891 -
1293 3855 1336 3905 25.
1351 3848 1443 3904 ύπνον

166 3917 288 3990 §tunm
311 3922 381 3990 πρὸς
403 3924 457 3976 dd·
482 3923 516 3977 cf.
536 3922 600 3978 Eur.
620 3922 702 3977 Rhes.
723 3938 761 3977 ssa
785 3920 885 3983 ύπνος·
911 3920 1022 3983 ἅδιστος
1045 3920 1098 3990 γὰρ
1123 3920 1173 3993 ἔβα
1199 3919 1349 3992 βλεφάροις
1373 3921 1443 3989 πρὸς

166 3994 248 4059 ἀοῦς,
274 4010 345 4061 quae
369 4010 434 4063 pars
454 3993 544 4047 somni
563 4010 626 4048 cum
645 3993 808 4047 dulcissima
827 3992 876 4060 sit,
896 3993 1016 4047 maxime
1035 3991 1216 4046 venatoribus
1235 3990 1371 4059 fugienda
1390 3995 1441 4047 est.

165 4064 254 4118 Recta
271 4064 318 4118 via
336 4070 417 4118 vetus
435 4065 623 4135 paraphrasta
642 4064 785 4118 aberravit
799 4064 828 4117 in
843 4067 999 4134 erpretans:
1018 4072 1101 4117 τοῦτο
1116 4062 1148 4117 δέ
1162 4080 1249 4131 φησιν
1264 4063 1300 4124 ὡς
1313 4063 1363 4125 τὰς
1377 4063 1441 4116 νύκ-

166 4155 215 4198 τας
234 4134 299 4197 ὅλας
313 4137 377 4203 περὶ
391 4137 425 4189 τὰ
440 4135 591 4205 κυνηγέσια
605 4135 760 4206 γινομένης,
779 4137 849 4204 πρὸς
864 4135 970 4204 ὄρθρον
984 4133 1016 4189 δὲ
1031 4132 1239 4203 κοιταζομένης·
1260 4132 1345 4187 immo
1360 4149 1442 4188 mane

166 4207 299 4276 surgebat
314 4207 403 4260 somni
419 4207 566 4262 dulcedine
582 4212 676 4279 spreta
695 4240 728 4247 -
749 4213 790 4261 ⁵26.
810 4207 934 4260 futuram
954 4206 1096 4261 dominam
1114 4210 1206 4260 terrae
1225 4205 1337 4259 leonum
1351 4206 1442 4259 nutri-

166 4277 205 4329 cis
226 4276 270 4337 (cf.
291 4277 320 4332 P.
340 4298 357 4330 v
376 4283 412 4343 ss)
430 4296 526 4349 pugna
544 4297 608 4334 cum
626 4280 706 4333 leone
726 4278 856 4344 decessu
881 4296 965 4346 quam
990 4282 1086 4332 autem
1111 4295 1236 4348 pugnam
1255 4276 1393 4330 Pindarus
1413 4280 1442 4331 et

166 4348 355 4402 Callimachus
370 4349 414 4418 hy.
430 4369 451 4401 11
469 4368 502 4405 or.
522 4370 552 4402 ur
572 4367 610 4406 aa
630 4351 766 4420 Cyrenam
785 4368 847 4403 curn
867 4349 947 4403 leone
966 4348 995 4402 in
1015 4349 1093 4404 Pelio
1109 4352 1204 4403 monte
1219 4347 1442 4402 committentem

165 4421 247 4487 facit,
268 4437 330 4474 eam
348 4420 377 4473 iu
397 4420 487 4489 Libya
510 4422 616 4476 factam
635 4423 685 4475 alii
703 4424 802 4492 postea
820 4423 1017 4488 narraverunt,
1041 4438 1098 4490 qua
1117 4421 1151 4475 de
1169 4437 1199 4474 re
1218 4419 1283 4474 vide
1301 4419 1441 4474 uberrime

165 4492 357 4562 disputantem
377 4492 555 4561 Studniczka,
575 4494 666 4548 Herm.
682 4511 716 4561 ss,
736 4513 743 4547 1
761 4510 795 4546 ss.
816 4525 849 4532 —
869 4498 910 4546 28.
930 4491 995 4559 ἄτερ
1017 4491 1118 4562 ἐγχέων
1137 4491 1299 4561 epexegesis
1319 4507 1379 4545 esse
1400 4491 1440 4544 vi·

166 4564 247 4617 detur
265 4562 386 4617 nominis
425 4562 525 4629 ούναν;
546 4563 580 4618 of.
595 4565 628 4619 N.
644 4584 676 4617 111
694 4583 717 4619 ar
736 4597 769 4604 -
785 4570 827 4618 29.
848 4562 877 4617 ἐκ
897 4562 1037 4632 μεγάρων·
1058 4580 1091 4617 ex
1110 4563 1223 4633 regione
1239 4565 1304 4616 ante
1318 4563 1440 4630 domum,

165 4652 237 4703 quae
257 4634 334 4688 notio
354 4652 387 4689 ex
405 4583 595 4688 locutionibus
615 4637 644 4689 ἐκ
664 4638 765 4701 δεξιᾶς,
785 4635 815 4689 ἐκ
834 4643 883 4687 τοῦ
903 4633 1063 4704 ἔμπροσθεν
1082 4639 1150 4688 nata
1170 4637 1220 4695 ast,
1240 4632 1295 4686 nisi
1311 4633 1340 4687 έκ
1358 4634 1441 4703 μεγά-

165 4728 220 4773 ρων
239 4704 409 4775 προσέννεπε
429 4705 504 4759 idem
520 4705 615 4760 valere
634 4707 713 4760 ducis
728 4710 812 4774 atque
828 4706 857 4759 ἐκ
872 4704 1000 4775 μεγάρων
1014 4706 1084 4775 πρὸς
1100 4706 1200 4760 ἑαυτὸν
1213 4703 1333 4758 ἐκάλεσε.
1358 4704 1439 4758 Certe

165 4778 260 4832 aliona
279 4779 314 4831 ab
334 4778 386 4831 hoc
406 4778 467 4831 loco
487 4778 571 4831 aedes
590 4777 730 4847 Apollinis
749 4776 886 4845 Delphica
905 4780 959 4843 est,
984 4794 1017 4831 ex
1037 4795 1093 4846 qua
1112 4775 1271 4845 Apollinem
1291 4774 1440 4830 Chironem

165 4848 355 4919 alloquentem
374 4849 444 4904 facit
462 4847 619 4903 Boeckhius
639 4881 671 4888 —
691 4856 733 4904 30.
755 4847 898 4918 Φιλυρίάα,
918 4847 1049 4918 Philyrae
1067 4849 1117 4918 fili,
1138 4847 1172 4902 cf.
1193 4847 1220 4902 P.
1236 4866 1267 4898 m
1287 4863 1298 4901 1
1318 4879 1352 4886 —
