3406 5378
399 262 405 279 1
579 242 609 281 ’Ἃ

407 294 410 301 .
609 282 691 379 *X

430 398 440 433 Χι

696 376 816 434 Hiems
835 384 880 433 ET
899 384 1078 436 EPlNIGlIS.
1377 384 1463 438 LXXI

178 549 287 609 tamen
311 544 388 629 quin
410 565 481 630 poe„
686 544 756 608 ede
781 545 1011 610 certaminibus
1037 545 1273 629 antiquissimis
1297 554 1463 632 comperta

177 642 500 735 habebat‘adcomm
517 728 551 749 x
671 650 805 717 dubium
827 674 894 717 non
917 657 976 717 cst.

265 757 444 843 Postquam
467 758 508 821 ad
530 746 687 823 hXssa
709 761 858 842 tempora
881 759 1082 844 devenimus,
1107 759 1249 843 primum
1272 784 1354 846 quae
1377 761 1461 827 Pau-

177 866 285 931 sanias
308 867 375 930 v8
408 870 442 930 11
474 864 694 930 Ρ1111ο111.,111
723 886 831 949 gymn.
861 889 891 950 p.
911 867 974 930 267
1000 866 1038 929 K.
1072 871 1105 930 et
1135 865 1298 931 Eusebius
1328 868 1462 934 chrono-

178 973 320 1058 graphus
348 973 387 1037 de
415 971 499 1035 ludis
523 969 693 1055 Olympiae
721 969 871 1056 deinceps
898 972 1060 1036 institutis
1089 979 1314 1058 narraverunt,
1341 977 1460 1040 referre

177 1076 348 1165 expedit.¹)
396 1070 564 1162 Olympiae
594 1076 697 1162 igitur
727 1076 869 1159 primum
900 1079 969 1143 solo
1001 1079 1106 1143 stadio
1136 1081 1318 1166 certabant,
1349 1080 1397 1146 Ol.
1419 1084 1460 1148 14

177 1186 338 1251 adiectum
366 1207 435 1250 esse
462 1184 567 1249 fertur
594 1189 757 1248 certamen
785 1183 907 1269 diaulo,
936 1185 983 1249 Ol.
1001 1187 1042 1251 15
1066 1185 1208 1272 doliche,
1234 1186 1283 1252 01.
1302 1190 1340 1253 18
1369 1189 1460 1274 quin-

178 1293 304 1378 quertio
325 1298 358 1358 et
376 1292 466 1357 lucta
485 1289 690 1377 (πένταθλον
708 1289 763 1354 καὶ
781 1292 914 1379 πάλην),
938 1292 987 1356 01.
998 1295 1041 1358 23
1059 1293 1220 1380 pugilatu,
1243 1294 1460 1362 0121111111

177 1398 326 1487 (ἅρματι)
349 1400 400 1464 vel
422 1398 590 1485 quadrigis
614 1396 739 1486 (ἵππων
756 1402 891 1464 τελείων
910 1402 1039 1488 δρόμῳ,
1064 1401 1115 1464 vel
1138 1404 1310 1490 τεθρίππῳ
1335 1404 1459 1469 111111-

176 1504 279 1592 nore),
307 1488 412 1570 0133
441 1505 608 1590 pancratio
633 1504 777 1570 virorum
805 1509 838 1569 11
864 1528 946 1591 equo
971 1507 1149 1572 desultorio
1173 1505 1326 1595 (κέλητι),
1350 1510 1399 1575 01.
1415 1514 1456 1577 37

176 1612 281 1678 stadio
299 1633 474 1698 puerorum
494 1618 527 1677 et
545 1613 634 1678 lucta
652 1633 837 1697 puerorum,
855 1611 958 1678 0141
979 1613 1130 1700 pugilatu
1149 1637 1334 1702 puerorum,
1353 1616 1458 1684 0165

176 1743 272 1785 cursu
301 1725 426 1785 armato
457 1717 618 1805 (ὁπλιτῶν
641 1717 783 1814 δρόμῳ),
820 1720 868 1784 01.
888 1721 930 1784 93
960 1721 1037 1805 biga
1064 1719 1242 1807 (συνωρίδι
1269 1722 1380 1788 ἵππων
1407 1748 1457 1789 τε-

175 1825 296 1913 λείων),
321 1825 369 1891 01.
384 1827 426 1892 99
450 1827 616 1913 quadrigis
639 1831 803 1914 pullorum
827 1849 984 1913 equorum
1008 1824 1143 1912 (πώλων
1162 1827 1306 1915 ἅρματι),
1331 1829 1456 1895 01129

175 1935 253 2021 biga
280 1934 459 2019 pullorum,
488 1935 535 1998 Ol.
559 1936 618 2002 131
651 1939 752 2003 111111
781 1936 884 2022 pullo,
915 1932 1048 1998 01145
1074 1935 1244 2020 pancratio
1273 1958 1456 2021 puerorum.

174 2044 283 2126 Atque
309 2042 390 2106 hacc
419 2046 495 2105 sunt
521 2043 701 2109 octodecim
725 2043 807 2132 (ιη’)
836 2042 1014 2109 certamina
1042 2039 1285 2128 (ἀγωνίσματα)
1311 2048 1456 2108 veterum

175 2148 469 2236 grammaticorum.
522 2148 609 2214 Nam
641 2151 674 2214 in
705 2152 830 2217 scholio
862 2150 902 2214 ad
933 2147 1072 2213 0.v14
1103 2149 1289 2234 στεφάνους
1312 2152 1378 2233 ἔχει
1400 2150 1455 2233 κη’

173 2256 380 2322 librariorum
409 2255 489 2319 vitio
517 2255 571 2339 κη’
600 2280 638 2321 ex
666 2257 712 2342 ιη’
742 2263 931 2340 corruptum
962 2277 1032 2320 esse
1067 2260 1171 2339 patet,
1209 2261 1241 2320 et
1270 2255 1455 2342 scholiasta,

173 2364 230 2448 qui
253 2363 293 2427 ad
317 2363 465 2427 011160
488 2362 701 2449 ἀγωνίσματα
724 2364 764 2443 ιζ’
788 2364 890 2429 fuisse
914 2362 1028 2447 tradit,
1049 2362 1116 2426 iam
1138 2363 1173 2426 in
1197 2385 1256 2427 sno
1281 2364 1455 2447 exemplari

173 2493 274 2535 unum
305 2470 490 2536 certaminis
522 2493 625 2558 genus
655 2477 711 2537 ant
743 2471 956 2558 praeteritum
990 2475 1046 2533 aut
1076 2468 1192 2533 lacuna
1222 2469 1377 2534 haustum
1408 2471 1455 2534 in-

173 2577 300 2643 venisse
328 2577 462 2642 videtur.
519 2578 691 2644 Praeterea
717 2578 896 2644 Pausanias
926 2575 1083 2641 nonnulla
1113 2576 1291 2641 certamina
1318 2598 1455 2643 comme

173 2690 291 2768 morat,
324 2706 406 2770 qnae
434 2664 500 2750 non
528 2686 675 2773 durasse,
706 2687 763 2752 sed
792 2706 868 2750 mox
896 2683 1019 2749 abolita
1049 2705 1119 2747 esse
1147 2682 1240 2768 dicit,
1270 2683 1317 2748 sic
1344 2689 1454 2769 penta·

173 2792 279 2857 thlum
307 2812 482 2877 puerorum
506 2791 615 2859 0138
640 2793 829 2858 institutum
858 2797 890 2856 et
915 2791 981 2855 iam
1005 2794 1159 2874 sequente
1184 2789 1375 2875 Olympiade
1401 2792 1453 2855 ab·

173 2899 298 2985 clitum,
321 2898 479 2963 mularem
498 2899 609 2985 bigam
630 2900 783 2966 017011
803 2899 929 2984 calpum
945 2895 993 2961 Ol.
1005 2899 1043 2962 71
1065 2896 1261 2982 institutam,
1283 2902 1453 2982 utramque

174 3005 222 3071 Ol.
238 3008 278 3073 81
303 3006 423 3071 iterum
447 3006 608 3071 abiectam
632 3029 702 3072 esse
726 3006 833 3072 refert.

260 3112 396 3199 Delphis
424 3113 510 3178 idem
533 3113 711 3179 Pausanias
729 3117 791 3178 x'l
817 3116 967 3178 accurate
990 3109 1102 3195 refert,
1128 3134 1193 3195 quo
1218 3112 1366 3196 qnodque
1390 3134 1455 3177 eer-

171 3226 281 3286 tamen
300 3243 384 3286 anno
405 3228 572 3306 receptum
596 3221 647 3286 sit.
685 3219 794 3304 Atque
817 3219 1007 3304 priusquam
1030 3218 1109 3281 iusti
1132 3221 1166 3281 et
1189 3217 1267 3281 stati
1289 3218 1358 3281 ludi
1377 3218 1454 3283 fuis-

171 3333 258 3413 sent,
280 3327 402 3413 hymno
427 3328 563 3412 Delphis
588 3332 747 3393 certatum
771 3348 841 3392 esse
865 3330 898 3391 et
919 3323 1194 3408 Chrysothemim,
1218 3323 1454 3410 Philammona,

170 3433 346 3519 Thamyrin
377 3436 581 3500 citharoedos
612 3439 645 3499 et
674 3433 907 3498 Eleuthereum
939 3430 1138 3515 rhapsodum
1172 3429 1303 3513 hymnis
1335 3430 1452 3496 vicisse

171 3544 262 3605 vetus
282 3540 369 3604 fama
388 3540 459 3605 fuit.
498 3541 622 3605 Deinde
643 3538 691 3604 Ol.
706 3542 759 3622 48,
774 3541 803 3623 3,
827 3561 891 3623 quo
916 3559 1000 3603 anno
1024 3537 1128 3621 prima
1147 3535 1267 3621 Pythia
1290 3541 1363 3602 scta
1382 3561 1451 3602 esse

169 3646 347 3713 Pausanias
374 3648 409 3711 in
439 3670 497 3711 suo
524 3648 614 3712 fonte
644 3646 782 3731 invenit,
815 3646 995 3711 certamina
1022 3645 1123 3709 fuisse
1151 3644 1300 3709 feruntur
1328 3646 1452 3712 musica

171 3754 246 3839 tria,
274 3753 453 3820 citharodia
477 3754 606 3819 aulodia
629 3754 747 3819 anlesis
777 3753 874 3841 (assis
898 3750 1017 3836 tibiis),
1050 3751 1125 3815 exin
1154 3751 1305 3837 gymnica
1333 3753 1450 3837 quibus

170 3868 240 3926 tum
259 3859 427 3946 Olympiae
449 3863 627 3945 certabant,
651 3861 795 3945 exceptis
815 3858 990 3945 quadrigis,
1008 3859 1156 3923 undecim
1177 3857 1309 3946 (stadio,
1333 3859 1453 3946 diaulo,

170 3968 307 4052 doliche,
331 3968 547 4053 quinquertio,
570 3970 668 4054 lucta,
689 3969 850 4053 pugilatu,
872 3965 1051 4051 pancratio,
1074 3965 1184 4049 celete,
1211 3964 1316 4030 stadio
1338 3989 1452 4052 puero

171 4098 252 4159 rum,
275 4074 362 4140 lucta
385 4098 568 4161 puerorum,
592 4075 741 4161 pugilatu
764 4071 965 4161 puerorum),
988 4073 1124 4157 denique
1148 4072 1325 4139 certamina
1344 4072 1452 4159 Olym·

168 4182 250 4268 picis
274 4182 385 4246 addita
408 4183 470 4247 duo
495 4180 638 4270 (dolieho
664 4204 838 4268 puerorum
862 4188 894 4247 et
918 4181 1025 4246 diaulo
1049 4176 1245 4265 puerorum).
1292 4180 1450 4265 Pythiade

170 4311 245 4354 vero
270 4289 411 4353 secunda
429 4288 630 4375 Olympiadis
649 4292 702 4374 49,
720 4292 748 4373 3,
773 4312 870 4374 quam
890 4288 945 4354 alii
965 4287 1140 4371 scriptores
1159 4287 1299 4372 primam
1319 4288 1451 4373 Pythia-

171 4397 243 4461 dem
265 4395 367 4461 fuisse
391 4402 588 4480 statuerunt,
617 4397 779 4462 aulodiam
808 4396 1019 4462 aboleverunt
1041 4399 1074 4458 et
1098 4394 1263 4481 quadrigis
1287 4401 1450 4462 certamen

170 4504 370 4589 adieceruut3
408 4506 543 4588 posthac
576 4505 701 4570 adiecta
731 4510 807 4568 sunt
840 4502 1017 4568 certamina
1044 4501 1182 4587 Pyth8
1216 4503 1298 4567 assis
1331 4503 1449 4569 fidibus

170 4608 383 4696 (κρουμάτων
397 4608 566 4697 ἀφώνων),
585 4610 681 4696 Pyth.
696 4612 738 4675 23
752 4632 848 4675 cursu
861 4614 997 4692 armato,
1015 4608 1110 4693 Pyth.
1124 4611 1167 4675 48
1186 4609 1273 4696 biga,
1296 4609 1389 4694 Pyth.
1406 4612 1448 4675 53

174 4730 335 4737 ---—--—--
349 4729 383 4735 ..-

262 4772 287 4831 1)
306 4767 419 4820 Errores
433 4768 463 4818 ct
481 4766 604 4834 lacunas,
624 4767 727 4836 quibus
746 4784 826 4821 nomo
846 4768 944 4820 horum
964 4765 1078 4820 testium
1096 4784 1208 4836 prorsus
1228 4771 1313 4836 curet,
1333 4784 1366 4822 ex
1385 4785 1447 4822 con·

173 4855 255 4893 sensu
274 4839 445 4907 reliquorum
464 4837 579 4892 testium
598 4838 711 4893 correxi.
