3406 5378
207 372 285 428 XXX
711 370 990 424 Puonauosfflns.

207 537 339 601 mendas
364 536 552 622 significavi.
595 533 754 598 Minuitur
779 532 841 598 hoc
865 533 961 597 modo
985 531 1157 596 discrimen
1180 529 1267 594 inter
1290 528 1489 593 comicorum

207 648 241 708 et
271 642 472 730 tragicorum
507 642 746 727 lyricorumque
778 640 953 704 versiculos
982 637 1165 703 trochaicos
1193 642 1333 721 quatuor
1363 637 1491 721 pedum,

210 770 291 834 quos
316 771 389 814 cum
412 771 498 814 nunc
521 748 677 814 dimetros
700 770 785 812 nunc
810 746 998 831 octopodias
1022 749 1225 830 nuncupant,
1251 745 1339 809 iusto
1368 744 1490 808 maiore

209 857 381 923 intervallo
406 856 576 939 divellunt,
603 860 637 920 et
661 855 840 920 faciliorem
864 854 1060 949 explicatum
1082 852 1282 916 nanciscitur
1305 850 1490 915 coniunctio

210 985 362 1029 versuum
394 963 657 1049 logaoedicorum
685 967 719 1027 et
745 961 986 1027 trochaicorum
1012 959 1289 1043 iambicorumque
1316 959 1352 1023 in
1379 957 1492 1024 carmi-

213 1070 309 1136 nibus
333 1075 505 1156 poetarum
528 1069 730 1135 scenicorum
752 1068 1025 1152 frequentissima.

300 1177 370 1242 lam
389 1177 444 1262 qui
463 1199 502 1241 ex
521 1199 577 1242 sex
594 1176 782 1261 pluribusve
801 1175 937 1259 pedibus
957 1179 1109 1239 constant
1127 1195 1254 1258 versus,
1272 1195 1327 1238 eos
1350 1177 1383 1237 et
1401 1173 1491 1257 ipsos

211 1283 247 1348 in
270 1283 416 1369 dipodius
439 1283 624 1369 plerosque,
646 1304 713 1348 non
735 1283 770 1345 in
794 1282 957 1367 simplices
980 1283 1077 1367 pedes
1097 1281 1285 1345 dividendos
1304 1302 1374 1344 esse
1393 1283 1493 1364 patet,

213 1389 303 1455 velut
326 1389 361 1454 Ο.
381 1392 468 1458 1115.
492 1390 533 1455 N.
551 1408 591 1453 111
613 1412 661 1474 ep.
685 1393 715 1454 1:

796 1541 801 1552 ·
869 1529 1065 1564 --au-9

213 1712 389 1797 Plerosque
408 1711 489 1795 dixi,
507 1711 767 1795 quandoquidem
785 1715 863 1775 sunt
883 1711 1008 1794 aliquot
1027 1731 1139 1774 versus
1154 1709 1343 1794 aequalibus
1356 1709 1493 1795 pedibus

214 1824 283 1885 tam
314 1818 503 1904 procliviter
535 1818 756 1902 decurrentes,
787 1822 825 1882 ut
857 1822 946 1882 certa
977 1817 1098 1881 indicia
1128 1818 1280 1881 binorum
1312 1817 1494 1903 pluriumve

213 1926 333 2012 pedum
364 1926 398 1990 in
431 1925 621 1990 societatem
653 1925 744 2009 pedis
773 1924 945 2010 compositi
973 1923 1347 2009 comprehendendorum
1373 1924 1496 1988 frustra

218 2053 363 2117 quaeras.
408 2031 496 2096 Talis
520 2036 571 2096 est
592 2031 716 2117 primus
740 2052 852 2096 versus
876 2031 1029 2095 carminis
1051 2030 1087 2095 P.
1107 2049 1132 2094 11

599 2179 636 2206 w
654 2180 833 2207 υυυυυ
851 2172 1119 2224 -u-uwu!,

216 2263 272 2348 qui
298 2269 410 2328 utrum
436 2263 471 2327 in
501 2262 648 2348 dipodius
677 2263 762 2328 solas
787 2286 829 2328 an
851 2263 887 2328 in
909 2263 1073 2348 dipodiam
1098 2267 1130 2328 et
1154 2264 1325 2348 tripodiam
1352 2268 1385 2329 et
1408 2264 1497 2348 dipo-

215 2371 303 2436 diam
326 2370 548 2436 catalecticam
572 2370 762 2435 dividendus
786 2371 830 2435 sit
853 2371 914 2435 viri
938 2370 1026 2435 docti
1049 2370 1209 2435 dubitant.

304 2477 367 2554 Qui
386 2484 495 2543 autem
514 2460 588 2542 octo
607 2477 789 2562 pluriumve
807 2478 926 2561 pedum
946 2482 1022 2542 sunt
1041 2500 1153 2542 versus
1171 2500 1238 2542 non
1257 2479 1380 2545 directa
1395 2479 1448 2542 via
1461 2478 1498 2541 in

218 2585 378 2672 dipodius,
405 2586 461 2650 sed
488 2586 629 2672 primum
657 2585 692 2648 in
720 2584 790 2648 cola
818 2588 851 2648 et
877 2584 991 2648 deinde
1013 2584 1049 2647 in
1071 2585 1168 2669 pedes
1192 2585 1392 2670 compositos
1416 2584 1497 2649 divi-

216 2693 311 2757 dendi
331 2715 400 2758 esse
420 2692 582 2779 videntur3
602 2692 658 2757 sed
672 2692 711 2755 de
730 2690 782 2756 his
800 2691 887 2756 infra
905 2692 933 2755 si
948 2691 988 2755 ad
1004 2690 1076 2755 cola
1089 2713 1241 2756 versuum
1255 2692 1496 2777 pervenerimus
1591 2710 1592 2714 ’

218 2799 466 2884 disputabimus.

579 2942 623 3006 De
648 2957 798 3006 versuum
819 2941 855 3006 in
878 2940 949 3006 cola
972 2939 1140 3007 divisione.

306 3083 359 3149 De
379 3084 571 3148 varietate
590 3105 767 3148 versuum
780 3083 1083 3149 Pindaricorum.
1116 3083 1325 3150 Aveteribus
1340 3107 1499 3172 gramma-

218 3190 293 3256 ticis
315 3189 458 3255 carmina
476 3190 577 3273 lyrica
596 3190 705 3254 omnia
724 3190 758 3253 in
777 3192 848 3256 cola
867 3191 970 3257 divisa
989 3213 1059 3256 esse
1078 3196 1187 3256 textus
1206 3191 1338 3257 Pindari
1356 3193 1498 3258 scenico-

217 3318 354 3380 rumque
379 3301 550 3382 poetarum
572 3295 608 3360 in
631 3295 796 3362 codicibus
819 3298 958 3363 traditus
983 3304 1016 3363 et
1035 3298 1159 3364 scholia
1177 3301 1313 3365 metrica
1330 3297 1499 3364 Heliodori

217 3403 419 3488 aliorumque
434 3403 722 3490 grammaticorum
736 3405 862 3470 affatim
877 3409 1048 3471 testantur.
1076 3405 1155 3471 Inde
1169 3408 1293 3473 factum
1307 3411 1372 3492 est,
1385 3410 1422 3470 ut
1436 3427 1500 3470 me

219 3510 324 3576 moria
342 3533 493 3575 versuum
517 3515 550 3575 et
567 3510 776 3595 periodorum
793 3535 895 3597 paene
917 3536 1050 3598 prorsus
1070 3514 1314 3580 oblitteraretur
1332 3518 1365 3578 et
1384 3513 1499 3578 carmi·

218 3640 296 3682 num
312 3640 394 3701 quae
409 3623 601 3683 canerentur
613 3640 680 3684 non
696 3641 816 3705 versus,
832 3622 887 3686 sed
902 3622 974 3686 cola
989 3622 1059 3686 sola
1071 3621 1173 3687 fuisse
1188 3622 1381 3688 viderentur.
1408 3621 1499 3687 Adeo

219 3725 305 3789 enim
325 3725 555 3810 grammaticos
575 3726 792 3811 metricosque
807 3733 930 3793 veteres
944 3729 1031 3815 fugit
1045 3729 1116 3794 cola
1129 3735 1239 3814 partes
1254 3751 1406 3794 versuum
1420 3751 1501 3814 esse,

218 3836 256 3895 ut
276 3831 428 3915 strophas
448 3831 570 3897 directa
583 3832 637 3896 via
649 3833 685 3897 in
699 3833 770 3897 cola
784 3833 978 3921 dividerent,
995 3857 1098 3920 neque
1114 3835 1289 3920 quidquam
1303 3837 1451 3920 equidem
1465 3836 1501 3899 in

219 3938 363 4003 metricis
381 3938 512 4003 scholiis
528 3962 579 4004 me
592 3939 699 4026 legere
714 3940 846 4004 memini
862 3942 901 4006 de
915 3942 995 4008 colis
1009 3942 1157 4026 pluribus
1171 3944 1206 4006 in
1220 3966 1318 4008 unam
1331 3943 1501 4028 periodum

221 4045 537 4128 comprehendendis.
570 4046 684 4130 Neque
703 4047 783 4113 baec
803 4048 913 4133 opinio
933 4048 1076 4113 solorum
1096 4050 1354 4136 magistellorum
1370 4051 1500 4114 infimae

221 4153 337 4217 aetatis
357 4151 589 4237 hominumque
603 4152 858 4238 Byzantinorum
873 4154 945 4239 fuit,
963 4156 1130 4221 sedetiam
1145 4179 1266 4243 eorum,
1285 4156 1341 4241 qui
1355 4162 1501 4222 veterum

222 4259 509 4345 grammaticorum
527 4259 820 4326 Alexandrinorum
840 4261 1126 4346 Romanorumque
1150 4263 1353 4349 disciplinam
1372 4265 1502 4349 profite-

220 4367 348 4432 bantur.
382 4367 470 4431 Nata
490 4371 598 4432 autem
616 4367 681 4430 ista
699 4367 784 4431 ratio
802 4367 843 4431 iis
862 4369 1064 4453 temporibus
1083 4392 1153 4434 esse
1172 4369 1311 4455 videtur,
1331 4371 1449 4455 quibus
1469 4375 1502 4436 et

221 4479 338 4558 poetae
361 4479 394 4538 et
418 4478 566 4539 cantores
590 4473 631 4537 ab
650 4473 785 4558 antiqua
804 4473 1005 4540 sublimitate
1025 4481 1059 4540 et
1077 4475 1238 4560 gravitate
1258 4478 1338 4542 artis
1357 4479 1501 4543 musicae

222 4585 392 4666 tantopere
425 4580 642 4664 desciverant,
671 4585 708 4644 ut
735 4581 771 4644 in
799 4581 952 4646 mollibus
982 4583 1048 4648 suis
1075 4583 1304 4649 tintinnabulis
1332 4587 1404 4650 cola
1431 4585 1502 4651 sola

223 4693 422 4772 spectarent,
457 4688 665 4772 periodorum
701 4688 843 4753 ambitus
881 4694 913 4753 et
950 4689 1114 4756 anfractus
1150 4691 1247 4775 plane
1283 4693 1502 4779 neglegerent.

223 4793 313 4860 Haec
332 4799 402 4860 erat
421 4795 500 4859 artis
520 4797 636 4860 umbra
655 4793 849 4862 Senecarum
869 4793 1079 4880 Synesiorum
1098 4799 1410 4865 Anacreonticorum
1428 4822 1503 4886 poe
