3406 5378
693 361 828 432 [nanas
847 363 892 432 κη

206 520 293 605 μάλα
315 517 375 605 μὲν
398 519 548 608 άν-ἀρῶν
571 524 675 588 δικαί-

251 652 299 692 ων
320 630 580 715 περικαδόμενοι.
626 627 681 695 καὶ
703 631 769 715 μάν
792 637 883 696 θεῶν
904 633 1023 696 πιστὸν
1046 629 1150 714 γένος.

1233 835 1312 915 Στρ.
1333 828 1374 895 d'.

61 932 62 935 ’
155 948 190 995 55
210 934 478 1016 μεταμειβόμενοι
502 931 534 998 d'
560 932 696 1012 ἐναλλάξ
720 930 845 1021 ἀμέραν
868 935 929 999 τάν
951 931 1011 1019 μὲν
1033 937 1122 1021 παρὰ
1144 934 1244 1025 πατρὶ
1267 941 1354 1025 φίληι

210 1037 256 1103 Δί
279 1037 449 1124 νέμονται,
472 1041 533 1105 τάν
557 1039 588 1106 δ’
609 1041 673 1106 ὑπὸ
697 1042 832 1107 κεύθεσι
851 1044 947 1124 γαιάς
965 1041 1002 1107 έν
1020 1042 1156 1125 γυάλοις
1176 1043 1358 1133 Θεράπνας,
1379 1062 1428 1115 105
1503 1089 1504 1092 =

208 1148 335 1230 πότμον
358 1145 580 1231 ἀμπιπλάντες
602 1147 732 1233 ὁμοῖον·
756 1147 824 1213 ἐπεὶ

209 1262 329 1318 τοῦτον
351 1253 370 1337 ἦ
394 1254 531 1339 πάμπαν
553 1256 633 1333 θεὸς
656 1259 790 1340 ἔμμεναι
814 1258 918 1321 οἰκεῖν
941 1253 970 1320 τ’
996 1256 1127 1345 οὐρανῷ

208 1359 300 1425 εἵλετ’
328 1362 432 1426 αἰῶνα
455 1361 623 1447 φθιμένου
648 1364 863 1446 Πολυδεύκης
887 1362 1058 1449 Κάστορος
1081 1361 1118 1428 έν
1139 1362 1279 1452 πολέμῳ.
1378 1383 1428 1430 110

156 1484 189 1531 σο
208 1467 267 1532 τὸν
289 1468 352 1552 γάρ
371 1467 462 1546 Ἴάας
485 1468 570 1554 ἀμφὶ
592 1473 712 1554 βουσίν
734 1491 804 1547 πως
826 1474 928 1554 χολω-
1184 1476 1187 1483 '

252 1572 325 1650 θεὶς
347 1577 490 1660 ἔτρωσεν
512 1574 650 1660 χαλκέας
673 1579 793 1667 λόγχας
816 1575 916 1664 ἀκμᾷ·

156 1773 366 1781 ι--ηι-

226 1898 267 1948 56.
293 1895 329 1948 Δί
352 1893 477 1948 Boeclrh:
505 1891 548 1947 διῒ
567 1894 634 1947 BD
651 1926 686 1933 —
705 1893 833 1964 νέμοντα.
853 1896 882 1949 D
902 1894 1006 1949 -τάν
1028 1894 1062 1950 θ’
1085 1898 1113 1951 D
1134 1930 1164 1937 -
1185 1895 1330 1967 θεράπεας
1349 1900 1378 1953 D
1396 1931 1429 1938 —

155 1971 197 2019 57.
217 1965 353 2034 ἀμπιμπλ.
368 1964 438 2019 coni.
453 1965 620 2019 Herwerden
640 1969 670 2019 ut
689 1968 733 2020 est
751 1966 781 2019 in
794 1968 824 2022 D
840 2000 872 2008 -
892 1973 933 2022 60.
954 1968 1030 2042 ἀκμᾷ
1049 1967 1120 2024 coni.
1136 1969 1234 2025 Pauw:
1254 1969 1341 2044 αἰχμᾷ
1358 1972 1429 2038 BD,

156 2037 212 2111 ἀκᾷ
231 2037 303 2091 coni.
322 2037 408 2105 Bury3
433 2036 505 2090 conf.
525 2036 559 2091 N.
579 2055 606 2089 vr
625 2052 650 2092 σε
670 2069 704 2077 -

157 2268 242 2321 supra
260 2269 285 2306 v.
300 2267 326 2306 aa
344 2246 493 2317 Χαρίτεσσί
510 2267 539 2302 τε
559 2250 607 2303 καλ
626 2251 677 2304 σὺν
698 2248 887 2319 Τυνδαρίἀαις
906 2254 934 2305 et
952 2268 1035 2322 saepe
1059 2255 1134 2323 apud
1157 2253 1322 2322 Pindarum3
1347 2256 1380 2309 ci.
1401 2256 1430 2310 P.

158 2342 177 2374 n
196 2338 235 2387 τος
260 2340 354 2376 curam
374 2319 461 2391 igitur
479 2319 608 2374 ludorum
627 2321 765 2375 Mercurio
784 2325 820 2390 (v.
835 2321 866 2375 0.
882 2341 910 2375 vr
924 2339 957 2378 το.
976 2322 1005 2378 Ρ.
1023 2343 1041 2376 u
1056 2328 1092 2405 ro)
1111 2327 1140 2378 et
1158 2325 1326 2395 Tyndaridis
1346 2330 1430 2395 atque

157 2393 269 2447 Herculi
279 2397 315 2463 (v.
327 2393 358 2448 0.
368 2411 400 2444 ur
414 2395 449 2461 aa)
460 2394 605 2460 tamquam
619 2394 723 2446 sortem
732 2395 853 2463 (μοῖραν)
864 2393 1000 2463 obtigisse
1014 2395 1103 2448 tradit
1116 2428 1149 2435 -
1164 2402 1205 2452 54.
1221 2399 1268 2450 καὶ
1283 2397 1339 2465 μάν
1353 2402 1430 2452 θεῶν

157 2466 256 2519 πιστὸν
279 2463 370 2534 γένος,
395 2465 480 2545 atque
502 2462 629 2532 prolecto
647 2462 731 2517 fidem
745 2467 876 2533 ¹praestat
893 2465 1008 2519 deorum
1027 2483 1114 2536 genus
1136 2499 1166 2506 —
1187 2473 1229 2522 55,
1249 2468 1375 2522 fabulam
1395 2469 1429 2522 de

157 2536 326 2605 Tyndaridis
340 2536 457 2590 alternis
471 2533 501 2588 iu
515 2533 593 2588 caelo
608 2533 775 2604 degentibus
789 2535 869 2589 novit
882 2535 939 2589 iam
948 2536 1085 2591 Homerus
1095 2537 1147 2592 Od.
1158 2557 1185 2590 ru
1199 2556 1251 2605 σοις
1267 2539 1301 2594 cf.
1313 2539 1343 2595 P.
1354 2559 1382 2592 ιιι
1396 2556 1429 2594 οι.

158 2608 227 2661 Cum
245 2610 339 2662 autem
358 2605 409 2662 alii
428 2604 544 2661 alternis
563 2603 663 2659 diebus
682 2605 831 2661 Dioscuros
850 2623 906 2660 una
925 2606 954 2660 in
973 2607 1051 2662 caelo
1071 2611 1101 2662 et
1119 2626 1174 2662 una
1189 2608 1218 2662 in
1234 2614 1304 2664 Orco
1320 2610 1430 2682 degere,

157 2678 208 2733 alii
233 2679 350 2734 alternis
372 2676 482 2732 vicibus
507 2676 628 2730 alterum
653 2694 686 2731 ex
712 2676 854 2732 Dioscuris
880 2677 910 2732 in
934 2678 1025 2746 caelo,
1052 2678 1171 2734 alterum
1191 2680 1221 2734 in
1240 2681 1310 2736 Orco
1329 2682 1430 2765 degere

158 2753 304 2805 narrarent
322 2755 357 2819 (v.
374 2747 524 2818 Holzinger
541 2747 578 2802 ad
592 2747 728 2818 Lycophr.
743 2749 821 2804 Alex.
836 2768 862 2804 v.
876 2752 934 2816 ιιι),
954 2749 1075 2804 Pindaro
1094 2753 1241 2820 utramque
1261 2755 1429 2807 sententiam

165 2821 295 2877 ›lacuisse
315 2825 380 2876 sunt
398 2819 447 2891 qui
466 2823 573 2890 putent.
603 2822 695 2888 Atque
713 2820 834 2889 priorem
853 2820 968 2876 t'abulas
986 2821 1105 2875 sormam
1123 2823 1221 2904 procul
1239 2823 1326 2877 dubio
1345 2827 1431 2894 poeta

156 2842 185 2949 ἰ.
206 2914 232 2946 ru
259 2911 284 2948 aa
309 2894 422 2964 probat;
450 2890 481 2944 in
505 2893 653 2960 utramque
678 2895 773 2946 autem
799 2891 968 2946 sententiam
993 2910 1057 2947 cum
1082 2892 1164 2947 huius
1191 2894 1322 2949 carminis
1348 2897 1431 2950 tinem

156 2969 191 3032 (v.
207 2981 231 3018 ar
247 2968 298 3033 sq.)
317 2962 495 3036 interpretari
510 2961 603 3029 liceat,
623 2965 717 3016 tamen
731 2963 807 3033 prior
821 2963 961 3019 sententia
975 2963 1099 3018 fraterno
1117 2964 1214 3034 amori,
1233 2984 1288 3035 quo
1303 2984 1360 3021 nna
1374 2966 1428 3021 fra-

157 3041 213 3089 tres
230 3035 316 3090 ctiam
334 3036 437 3090 mortui
455 3033 556 3102 degere
575 3033 699 3104 cupiunt,
719 3036 956 3090 accommodatior
974 3038 1029 3101 est;
1048 3035 1169 3105 denique
1188 3036 1217 3090 hi
1231 3054 1327 3092 versus
1341 3052 1367 3094 so
1381 3055 1426 3105 ss,

157 3106 225 3161 licet
247 3106 330 3160 alteri
355 3104 523 3171 sententiae,
551 3106 582 3157 ut
604 3105 691 3159 verba
713 3105 943 3178 μεταμειβόμενοι
967 3106 1082 3173 ἐναλλάξ
1106 3124 1187 3161 suam
1205 3111 1354 3178 utrumque
1372 3108 1429 3163 vim

158 3177 317 3246 obtineant,
341 3177 432 3247 magis
456 3175 550 3229 favere
569 3174 732 3244 videantur,
755 3180 850 3231 tamen
872 3194 907 3231 ne
930 3177 1016 3248 priori
1035 3179 1148 3247 quidem
1172 3179 1328 3234 sententiae
1347 3180 1431 3250 plane

158 3249 354 3315 adversantur;
381 3249 455 3304 unde
474 3264 537 3299 cum
556 3245 626 3300 duas
645 3246 760 3302 fabulae
784 3248 886 3302 formas
906 3249 997 3303 eidem
1015 3252 1116 3320 poetae
1135 3251 1269 3331 probatas
1293 3268 1353 3305 esse
1371 3251 1431 3305 veri

157 3318 376 3375 dissimillimum
400 3320 451 3389 sit,
478 3315 607 3372 omuibus
632 3318 701 3372 locis
720 3321 802 3374 teneo
820 3319 942 3374 Pindaro
960 3319 1037 3374 idem
1054 3320 1208 3391 placuisse,
1231 3324 1264 3377 ut
1281 3321 1430 3376 Dioscuros

158 3391 274 3446 alternis
293 3391 402 3446 vicibus
421 3387 662 3461 (μεταμειβόμενοι
681 3389 798 3456 ἐναλλάξ
818 3390 876 3445 soil.
892 3390 1005 3460 ἡμέρας)
1020 3390 1139 3446 alterurn
1154 3392 1230 3446 diem
1244 3392 1274 3446 in
1289 3393 1359 3448 Orco
1376 3412 1431 3447 una

158 3463 258 3530 degere
268 3466 382 3534 putaret
389 3495 422 3504 —-
432 3469 474 3519 56.
486 3460 516 3515 έν
526 3459 639 3530 γυάλοις
650 3461 810 3529 Θεράπνας·
821 3462 972 3517 obversata
980 3465 1080 3532 poetae
1091 3480 1151 3517 esse
1160 3463 1293 3518 ridentur
1302 3464 1430 3535 sepulcra

158 3535 347 3602 subterranea,
366 3534 463 3603 qualia
480 3532 605 3601 Mycenis
622 3535 651 3586 et
665 3532 831 3588 Orchomeui
850 3537 879 3587 et
896 3533 1105 3588 Lacedaemone
1124 3534 1285 3589 etiamnunc
1303 3537 1429 3604 erstant;

157 3606 232 3673 quod
247 3605 271 3658 si
285 3605 327 3660 ita
341 3609 392 3674 est,
407 3607 438 3659 ut
451 3605 509 3660 iam
522 3603 586 3657 Em.
598 3603 710 3657 Curtius
723 3604 854 3675 Pelopon.
870 3624 891 3656 rr
905 3621 943 3659 κιο
958 3603 1029 3658 bene
1043 3604 1190 3673 divinavit,
1204 3606 1319 3663 Pindari
1335 3609 1431 3661 aetate

157 3694 192 3730 ea
205 3694 255 3748 pro
275 3676 417 3747 sepulcris,
437 3674 555 3730 necdum
574 3691 623 3744 pro
640 3674 800 3729 thensauris
814 3675 913 3729 habita
927 3677 993 3729 sunt
1007 3707 1040 3716 -
1055 3681 1096 3729 58.
1116 3684 1228 3730 τοῦτον·
1248 3678 1309 3733 scil.
1323 3676 1431 3748 πότμον

158 3746 255 3807 ὅμοιον
268 3781 303 3788 -
318 3755 359 3803 59.
380 3749 481 3803 αἰῶνα·
502 3747 611 3816 tempus
626 3745 840 3817 sempiternum,
859 3749 981 3816 cognata
997 3745 1072 3800 enim
1091 3749 1157 3800 sunt
1174 3748 1239 3816 αἰεί,
1258 3748 1315 3818 idg.
1331 3752 1431 3815 αἰυαίε,

157 3823 186 3872 et
200 3819 299 3885 αἰῶνα,
317 3838 413 3875 oenum
426 3851 462 3859 —
475 3825 517 3873 60.
537 3817 610 3886 ἀμφὶ
624 3815 733 3889 βουσίν·
754 3817 852 3872 schol:
871 3818 889 3887 ἡ
904 3818 1011 3886 ἰστορία
1026 3817 1083 3873 ἐστὶ
1095 3817 1222 3888 τοιαύτη·
1242 3821 1368 3890 Λυγκεύς
1383 3821 1431 3874 καλ

153 3888 228 3954 Ἴδας
252 3889 278 3945 ολ
299 3888 436 3960 Ἀφαρέως
458 3890 557 3951 παῖδες
580 3888 799 3958 ἐμνηστεύσαντο
824 3888 874 3952 τάς
892 3889 1055 3944 Λευκίππου
1078 3887 1238 3959 θυγατέρας
1258 3889 1364 3963 Φοίβην
1383 3893 1432 3945 καλ

156 3960 315 4029 Ἐλάειραν,
341 3961 412 4016 κατά
431 3961 463 4016 δὲ
481 3963 532 4031 τὴν
551 3968 606 4014 τῶν
624 3959 721 4030 γάμων
740 3957 860 4031 saeptas
878 3963 943 4024 τοὺς
961 3960 1151 4027 Διοσκούρους
1169 3961 1209 4024 εἰς
1228 3959 1349 4017 ἑστίασιν
1369 3962 1430 4016 ἐκά-

155 4037 250 4087 λεσαν·
271 4033 298 4087 ολ
316 4031 346 4087 δὲ
365 4032 415 4097 τάς
434 4031 519 4101 κόρας
537 4030 757 4100 άφαρπάσαντες
775 4029 945 4101 ἀπέφευγον,
966 4032 992 4086 ol
1013 4030 1044 4086 δὲ
1067 4029 1184 4086 ἐδίωκον
1203 4033 1250 4086 καλ
1269 4035 1432 4087 συνέσταται

155 4113 212 4166 τοῖς
232 4102 447 4174 Ἀφαρητιάδαις
469 4105 517 4159 καλ
540 4111 597 4165 τοίς
621 4105 804 4172 Διοσκούροις
826 4102 899 4173 μάχη
924 4104 988 4170 περὶ
1011 4112 1065 4158 τῶν
1088 4102 1185 4173 γάμων
1207 4106 1255 4158 καί
1273 4106 1432 4172 ἀναιρεῖται

157 4175 280 4243 Κάστωρ.
319 4171 379 4230 εἶτα
397 4175 577 4244 Πολυδεύκης
595 4175 706 4230 ἀνεῖλεν
725 4173 913 4244 ἀμφοτέρους,
932 4173 1145 4243 συμπράξαντος
1162 4183 1213 4229 τοῦ
1233 4175 1301 4239 Διὸς
1319 4176 1368 4229 καὶ
1387 4194 1429 4229 κε-

157 4248 263 4313 ραυνὸν
286 4247 382 4309 αὐτοῖς
405 4245 622 4317 ἐπιπέμψαντος.
647 4244 713 4300 ddi
733 4244 876 4311 Πίνδαρος
899 4247 932 4300 οἰ
956 4247 1004 4300 ἀιά
1027 4244 1077 4309 τὰς
1100 4246 1212 4315 νύμφας
1231 4248 1318 4316 φησὶν
1336 4248 1432 4308 αὐτοῖς

156 4322 326 4387 γεγενῆσθαι
350 4318 402 4387 τὴν
425 4317 535 4384 στάσιν,
560 4315 631 4369 ἀλλὰ
656 4317 705 4370 aaa
730 4320 805 4441 βοῶν
827 4314 992 4371 ἀπελασίαν.
1029 4316 1116 4371 Vetus
1136 4316 1224 4389 igitur
1241 4317 1431 4373 scholiastae

159 4389 290 4456 l’indaro,
315 4391 346 4442 ut
364 4405 399 4443 ne
418 4389 518 4443 heroas
541 4387 642 4457 impios
666 4388 730 4458 puel
744 4406 823 4442 arum
841 4392 968 4458 raptores
987 4387 1073 4442 fuisse
1092 4388 1210 4457 diceret,
1234 4389 1361 4444 fabulam
1381 4389 1430 4444 im·

156 4462 293 4513 mutatam
313 4476 373 4513 esse
397 4459 505 4527 statuit,
529 4475 619 4526 neque
643 4458 694 4512 hoc
713 4478 731 4513 a
749 4458 871 4513 Pindaro
894 4458 1008 4530 ingenio
1031 4458 1160 4513 absimile
1179 4463 1223 4515 est
1236 4461 1282 4529 (cf.
1293 4462 1322 4515 P.
1336 4480 1367 4514 nr
1382 4466 1431 4529 ss),

156 4535 281 4585 attamen
307 4531 462 4584 notandum
488 4532 532 4584 est
557 4529 614 4583 iam
640 4546 673 4583 er
699 4533 792 4585 vetere
813 4529 935 4584 carmine
955 4529 1033 4601 epico
1052 4530 1215 4601 Cypriorum
1234 4532 1365 4587 Procluur
1384 4551 1429 4586 ex-

155 4601 291 4672 serpsisse
309 4619 339 4656 se
358 4601 450 4656 dicere
476 4601 557 4656 haec:
585 4599 721 4673 ἐντούτῳ
743 4600 775 4655 dt
795 4600 912 4669 Κάστωρ
931 4601 1000 4671 μετὰ
1019 4601 1214 4666 Πολυδεύκους
1232 4604 1281 4667 τάς
1303 4602 1364 4658 Ἴδα
1383 4605 1429 4658 καὶ

156 4672 284 4743 Λυγκέως
303 4675 370 4799 βοῦς
393 4672 598 4742 ἀφαιρούμενοι
617 4670 822 4741 ἓφωράθησανς
848 4689 903 4740 quo
922 4690 986 4726 cum
1004 4672 1186 4742 compilatore
1210 4674 1266 4728 iere
1289 4675 1431 4729 consentit

155 4745 284 4815 Apollod.
325 4743 374 4799 ibl.
394 4763 424 4797 111
444 4761 496 4812 rsa,
521 4743 563 4799 ita
588 4745 684 4797 tamen
709 4746 741 4797 ut
765 4742 905 4814 virginum
931 4746 1043 4815 raptum
1068 4761 1132 4798 cum
1157 4762 1251 4815 pugna
1278 4746 1312 4802 de
1340 4747 1429 4801 bubus

155 4816 265 4870 abactis
285 4816 433 4870 cohaerere
452 4814 603 4886 significet,
628 4815 662 4869 cl.
682 4814 833 4885 Holzinger
852 4815 887 4869 ad
907 4814 1042 4886 Lycophr.
1057 4831 1105 4870 ssa.
