<?xml version="1.0" encoding="UTF-8"?>
<!DOCTYPE html PUBLIC "-//W3C//DTD XHTML 1.0 Transitional//EN"
    "http://www.w3.org/TR/xhtml1/DTD/xhtml1-transitional.dtd">
<html xmlns="http://www.w3.org/1999/xhtml" xml:lang="en" lang="en">
 <head>
  <title>
</title>
<meta http-equiv="Content-Type" content="text/html;charset=utf-8" />
  <meta name='ocr-system' content='tesseract 3.04.00' />
  <meta name='ocr-capabilities' content='ocr_page ocr_carea ocr_par ocr_line ocrx_word'/>
</head>
<body>
  <div class='ocr_page' id='page_1' title='image "./pindaricarminap00pindgoog_0262.png"; bbox 0 0 3406 5378; ppageno 0'>
   <div class='ocr_carea' id='block_1_1' title="bbox 706 1207 912 1262">
    <p class='ocr_par' dir='ltr' id='par_1_1' title="bbox 706 1207 912 1262">
     <span class='ocr_line' id='line_1_1' title="bbox 706 1207 912 1262; baseline 0 -2"><span class='ocrx_word' id='word_1_1' title='bbox 706 1210 848 1262; x_wconf 83' lang='grc' dir='ltr'><strong>ΟΛΤΜΠ.</strong></span> <span class='ocrx_word' id='word_1_2' title='bbox 867 1207 912 1260; x_wconf 82' lang='grc' dir='ltr'>ΙΑ’</span> 
     </span>
    </p>
   </div>
   <div class='ocr_carea' id='block_1_2' title="bbox 210 1370 1416 1461">
    <p class='ocr_par' dir='ltr' id='par_1_2' title="bbox 210 1370 1416 1461">
     <span class='ocr_line' id='line_1_2' title="bbox 210 1370 1416 1461; baseline 0.002 -8"><span class='ocrx_word' id='word_1_3' title='bbox 210 1371 653 1461; x_wconf 63' lang='grc' dir='ltr'>ΑΓΗΣΙΔΑΜΩ.ί</span> <span class='ocrx_word' id='word_1_4' title='bbox 687 1371 928 1457; x_wconf 67' lang='grc' dir='ltr'>ΛΟΚΡΩι</span> <span class='ocrx_word' id='word_1_5' title='bbox 964 1370 1416 1456; x_wconf 73' lang='grc' dir='ltr'>ΕΠΙΖΕΦΤΡΙΩι</span> 
     </span>
    </p>
   </div>
   <div class='ocr_carea' id='block_1_3' title="bbox 675 1567 948 1618">
    <p class='ocr_par' dir='ltr' id='par_1_3' title="bbox 675 1567 948 1618">
     <span class='ocr_line' id='line_1_3' title="bbox 675 1567 948 1618; baseline -0.004 0"><span class='ocrx_word' id='word_1_6' title='bbox 675 1567 777 1618; x_wconf 75' lang='grc' dir='ltr'><strong>ΠΑΙΔΙ</strong></span> <span class='ocrx_word' id='word_1_7' title='bbox 799 1567 948 1618; x_wconf 82' lang='grc' dir='ltr'><strong>ΠΤΚΤΗι.</strong></span> 
     </span>
    </p>
   </div>
   <div class='ocr_carea' id='block_1_4' title="bbox 725 1866 900 1938">
    <p class='ocr_par' dir='ltr' id='par_1_4' title="bbox 725 1866 900 1938">
     <span class='ocr_line' id='line_1_4' title="bbox 725 1866 900 1938; baseline 0.006 -18"><span class='ocrx_word' id='word_1_8' title='bbox 725 1866 900 1938; x_wconf 74' lang='lat' dir='ltr'>strophae.</span> 
     </span>
    </p>
   </div>
   <div class='ocr_carea' id='block_1_5' title="bbox 175 3701 1485 4851">
    <p class='ocr_par' dir='ltr' id='par_1_5' title="bbox 175 3701 1485 4851">
     <span class='ocr_line' id='line_1_5' title="bbox 264 3701 1453 3780; baseline -0.001 -19"><span class='ocrx_word' id='word_1_9' title='bbox 264 3703 328 3763; x_wconf 88' lang='lat' dir='ltr'>Hoc</span> <span class='ocrx_word' id='word_1_10' title='bbox 356 3721 474 3763; x_wconf 88' lang='lat' dir='ltr'>cannen</span> <span class='ocrx_word' id='word_1_11' title='bbox 503 3704 535 3762; x_wconf 90' lang='lat' dir='ltr'>in</span> <span class='ocrx_word' id='word_1_12' title='bbox 561 3704 686 3764; x_wconf 83' lang='lat' dir='ltr'>eandem</span> <span class='ocrx_word' id='word_1_13' title='bbox 716 3706 807 3780; x_wconf 83' lang='lat' dir='ltr'>atque</span> <span class='ocrx_word' id='word_1_14' title='bbox 835 3722 954 3762; x_wconf 81' lang='lat' dir='ltr'>carmen</span> <span class='ocrx_word' id='word_1_15' title='bbox 978 3701 1012 3762; x_wconf 92' lang='grc' dir='ltr'>Ο.</span> <span class='ocrx_word' id='word_1_16' title='bbox 1031 3721 1051 3760; x_wconf 87' lang='lat' dir='ltr'><strong>x</strong></span> <span class='ocrx_word' id='word_1_17' title='bbox 1075 3702 1232 3762; x_wconf 87' lang='lat' dir='ltr'>victoriam</span> <span class='ocrx_word' id='word_1_18' title='bbox 1255 3702 1453 3778; x_wconf 90' lang='lat' dir='ltr'>compositum</span> 
     </span>
     <span class='ocr_line' id='line_1_6' title="bbox 175 3783 1454 3874; baseline -0.001 -24"><span class='ocrx_word' id='word_1_19' title='bbox 175 3794 228 3851; x_wconf 90' lang='lat' dir='ltr'>est.</span> <span class='ocrx_word' id='word_1_20' title='bbox 275 3792 386 3862; x_wconf 84' lang='lat' dir='ltr'>Quodsi</span> <span class='ocrx_word' id='word_1_21' title='bbox 418 3792 609 3869; x_wconf 82' lang='lat' dir='ltr'>inscriptione</span> <span class='ocrx_word' id='word_1_22' title='bbox 639 3790 724 3863; x_wconf 83' lang='grc' dir='ltr'><strong><em>τόκος</em></strong></span> <span class='ocrx_word' id='word_1_23' title='bbox 757 3793 929 3869; x_wconf 86' lang='lat' dir='ltr'>appellatur</span> <span class='ocrx_word' id='word_1_24' title='bbox 960 3783 1011 3874; x_wconf 88' lang='lat' dir='ltr'>(cf.</span> <span class='ocrx_word' id='word_1_25' title='bbox 1036 3791 1125 3850; x_wconf 89' lang='lat' dir='ltr'>schol.</span> <span class='ocrx_word' id='word_1_26' title='bbox 1151 3790 1184 3851; x_wconf 90' lang='lat'>0.</span> <span class='ocrx_word' id='word_1_27' title='bbox 1208 3810 1228 3849; x_wconf 87' lang='lat' dir='ltr'><strong>x</strong></span> <span class='ocrx_word' id='word_1_28' title='bbox 1254 3785 1298 3872; x_wconf 78' lang='grc' dir='ltr'>ι),</span> <span class='ocrx_word' id='word_1_29' title='bbox 1330 3792 1385 3851; x_wconf 90' lang='lat' dir='ltr'>hoc</span> <span class='ocrx_word' id='word_1_30' title='bbox 1418 3811 1454 3850; x_wconf 86' lang='lat' dir='ltr'>ex</span> 
     </span>
     <span class='ocr_line' id='line_1_7' title="bbox 175 3879 1452 3959; baseline 0 -22"><span class='ocrx_word' id='word_1_31' title='bbox 175 3880 267 3938; x_wconf 88' lang='lat' dir='ltr'>dubia</span> <span class='ocrx_word' id='word_1_32' title='bbox 292 3881 539 3959; x_wconf 69' lang='lat' dir='ltr'>interpretatione</span> <span class='ocrx_word' id='word_1_33' title='bbox 570 3900 674 3942; x_wconf 83' lang='lat' dir='ltr'>versus</span> <span class='ocrx_word' id='word_1_34' title='bbox 702 3880 736 3941; x_wconf 92' lang='grc' dir='ltr'>Ο.</span> <span class='ocrx_word' id='word_1_35' title='bbox 762 3901 782 3940; x_wconf 87' lang='lat' dir='ltr'><strong>x</strong></span> <span class='ocrx_word' id='word_1_36' title='bbox 809 3893 824 3940; x_wconf 89' lang='grc'><strong>9</strong></span> <span class='ocrx_word' id='word_1_37' title='bbox 851 3885 957 3940; x_wconf 84' lang='lat' dir='ltr'>natum</span> <span class='ocrx_word' id='word_1_38' title='bbox 989 3883 1042 3939; x_wconf 87' lang='lat' dir='ltr'>est.</span> <span class='ocrx_word' id='word_1_39' title='bbox 1098 3880 1176 3938; x_wconf 84' lang='lat' dir='ltr'>Nam</span> <span class='ocrx_word' id='word_1_40' title='bbox 1209 3900 1268 3939; x_wconf 90' lang='lat' dir='ltr'>non</span> <span class='ocrx_word' id='word_1_41' title='bbox 1301 3879 1452 3939; x_wconf 82' lang='lat' dir='ltr'>corollarii</span> 
     </span>
     <span class='ocr_line' id='line_1_8' title="bbox 177 3969 1452 4047; baseline -0.001 -19"><span class='ocrx_word' id='word_1_42' title='bbox 177 3969 273 4028; x_wconf 84' lang='lat' dir='ltr'>instar</span> <span class='ocrx_word' id='word_1_43' title='bbox 294 3974 362 4045; x_wconf 88' lang='lat' dir='ltr'>post</span> <span class='ocrx_word' id='word_1_44' title='bbox 386 3969 420 4030; x_wconf 92' lang='grc' dir='ltr'>Ο.</span> <span class='ocrx_word' id='word_1_45' title='bbox 441 3990 473 4047; x_wconf 82' lang='lat' dir='ltr'>x,</span> <span class='ocrx_word' id='word_1_46' title='bbox 498 3971 548 4029; x_wconf 90' lang='lat' dir='ltr'>sed</span> <span class='ocrx_word' id='word_1_47' title='bbox 571 3975 640 4030; x_wconf 84' lang='lat' dir='ltr'>ante</span> <span class='ocrx_word' id='word_1_48' title='bbox 665 3969 698 4030; x_wconf 92' lang='grc' dir='ltr'>Ο.</span> <span class='ocrx_word' id='word_1_49' title='bbox 719 3989 738 4028; x_wconf 85' lang='lat' dir='ltr'>x</span> <span class='ocrx_word' id='word_1_50' title='bbox 761 3971 817 4030; x_wconf 88' lang='lat' dir='ltr'>hoo</span> <span class='ocrx_word' id='word_1_51' title='bbox 840 3989 959 4030; x_wconf 87' lang='lat' dir='ltr'>carmen</span> <span class='ocrx_word' id='word_1_52' title='bbox 983 3970 1097 4028; x_wconf 84' lang='lat' dir='ltr'>factum</span> <span class='ocrx_word' id='word_1_53' title='bbox 1121 3987 1183 4028; x_wconf 87' lang='lat' dir='ltr'>esse</span> <span class='ocrx_word' id='word_1_54' title='bbox 1208 3971 1345 4045; x_wconf 81' lang='lat' dir='ltr'>apparet,</span> <span class='ocrx_word' id='word_1_55' title='bbox 1373 3969 1452 4027; x_wconf 91' lang='lat' dir='ltr'>unde</span> 
     </span>
     <span class='ocr_line' id='line_1_9' title="bbox 176 4058 1454 4119; baseline -0.002 -1"><span class='ocrx_word' id='word_1_56' title='bbox 176 4059 345 4118; x_wconf 85' lang='lat' dir='ltr'>Boeokhius</span> <span class='ocrx_word' id='word_1_57' title='bbox 380 4059 513 4118; x_wconf 83' lang='lat' dir='ltr'>ordinem</span> <span class='ocrx_word' id='word_1_58' title='bbox 548 4060 711 4119; x_wconf 82' lang='lat' dir='ltr'>carminum</span> <span class='ocrx_word' id='word_1_59' title='bbox 746 4060 837 4119; x_wconf 89' lang='lat' dir='ltr'>etiam</span> <span class='ocrx_word' id='word_1_60' title='bbox 871 4059 975 4118; x_wconf 85' lang='lat' dir='ltr'>invitis</span> <span class='ocrx_word' id='word_1_61' title='bbox 1005 4058 1155 4118; x_wconf 80' lang='lat' dir='ltr'>codicibus</span> <span class='ocrx_word' id='word_1_62' title='bbox 1185 4058 1393 4117; x_wconf 83' lang='lat' dir='ltr'>invertendum</span> <span class='ocrx_word' id='word_1_63' title='bbox 1423 4061 1454 4117; x_wconf 89' lang='lat' dir='ltr'>et</span> 
     </span>
     <span class='ocr_line' id='line_1_10' title="bbox 176 4145 1453 4208; baseline -0.001 -3"><span class='ocrx_word' id='word_1_64' title='bbox 176 4148 232 4207; x_wconf 91' lang='lat' dir='ltr'>hoc</span> <span class='ocrx_word' id='word_1_65' title='bbox 255 4167 372 4207; x_wconf 85' lang='lat' dir='ltr'>carmen</span> <span class='ocrx_word' id='word_1_66' title='bbox 395 4148 587 4208; x_wconf 90' lang='lat' dir='ltr'>undecimum</span> <span class='ocrx_word' id='word_1_67' title='bbox 609 4151 679 4208; x_wconf 87' lang='lat' dir='ltr'>ante</span> <span class='ocrx_word' id='word_1_68' title='bbox 702 4149 850 4208; x_wconf 88' lang='lat' dir='ltr'>decimum</span> <span class='ocrx_word' id='word_1_69' title='bbox 874 4149 1080 4208; x_wconf 86' lang='lat' dir='ltr'>collocandum</span> <span class='ocrx_word' id='word_1_70' title='bbox 1107 4166 1169 4207; x_wconf 87' lang='lat' dir='ltr'>esse</span> <span class='ocrx_word' id='word_1_71' title='bbox 1198 4146 1321 4206; x_wconf 89' lang='lat' dir='ltr'>censuit.</span> <span class='ocrx_word' id='word_1_72' title='bbox 1367 4145 1453 4205; x_wconf 89' lang='lat' dir='ltr'>Diffi·</span> 
     </span>
     <span class='ocr_line' id='line_1_11' title="bbox 176 4232 1453 4316; baseline 0.001 -22"><span class='ocrx_word' id='word_1_73' title='bbox 176 4236 263 4295; x_wconf 88' lang='lat' dir='ltr'>cilius</span> <span class='ocrx_word' id='word_1_74' title='bbox 286 4239 332 4295; x_wconf 88' lang='lat' dir='ltr'>est</span> <span class='ocrx_word' id='word_1_75' title='bbox 355 4238 394 4295; x_wconf 89' lang='lat' dir='ltr'>ad</span> <span class='ocrx_word' id='word_1_76' title='bbox 417 4237 649 4316; x_wconf 78' lang='lat' dir='ltr'>diiudicandum,</span> <span class='ocrx_word' id='word_1_77' title='bbox 674 4232 723 4297; x_wconf 91' lang='lat' dir='ltr'>cui</span> <span class='ocrx_word' id='word_1_78' title='bbox 746 4238 812 4297; x_wconf 91' lang='lat' dir='ltr'>loco</span> <span class='ocrx_word' id='word_1_79' title='bbox 835 4241 866 4296; x_wconf 91' lang='lat' dir='ltr'>et</span> <span class='ocrx_word' id='word_1_80' title='bbox 889 4237 1015 4312; x_wconf 88' lang='lat' dir='ltr'>tempori</span> <span class='ocrx_word' id='word_1_81' title='bbox 1034 4238 1090 4297; x_wconf 94' lang='lat' dir='ltr'>hoc</span> <span class='ocrx_word' id='word_1_82' title='bbox 1113 4255 1231 4297; x_wconf 88' lang='lat' dir='ltr'>carmen</span> <span class='ocrx_word' id='word_1_83' title='bbox 1254 4239 1344 4313; x_wconf 84' lang='lat' dir='ltr'>poete</span> <span class='ocrx_word' id='word_1_84' title='bbox 1363 4236 1453 4296; x_wconf 86' lang='lat' dir='ltr'>desti-</span> 
     </span>
     <span class='ocr_line' id='line_1_12' title="bbox 176 4324 1452 4403; baseline 0 -20"><span class='ocrx_word' id='word_1_85' title='bbox 176 4324 300 4386; x_wconf 84' lang='lat' dir='ltr'>naverit.</span> <span class='ocrx_word' id='word_1_86' title='bbox 346 4326 448 4403; x_wconf 87' lang='lat' dir='ltr'>Atque</span> <span class='ocrx_word' id='word_1_87' title='bbox 476 4327 644 4387; x_wconf 79' lang='lat' dir='ltr'>Boeclrhius</span> <span class='ocrx_word' id='word_1_88' title='bbox 668 4327 810 4387; x_wconf 88' lang='lat' dir='ltr'>continuo</span> <span class='ocrx_word' id='word_1_89' title='bbox 833 4330 903 4402; x_wconf 90' lang='lat' dir='ltr'>post</span> <span class='ocrx_word' id='word_1_90' title='bbox 924 4326 1081 4386; x_wconf 81' lang='lat' dir='ltr'>victoriam</span> <span class='ocrx_word' id='word_1_91' title='bbox 1104 4329 1289 4402; x_wconf 86' lang='lat' dir='ltr'>reportatam</span> <span class='ocrx_word' id='word_1_92' title='bbox 1311 4325 1367 4385; x_wconf 90' lang='lat' dir='ltr'>hoc</span> <span class='ocrx_word' id='word_1_93' title='bbox 1390 4344 1452 4385; x_wconf 88' lang='lat' dir='ltr'>car·</span> 
     </span>
     <span class='ocr_line' id='line_1_13' title="bbox 175 4415 1453 4494; baseline 0.002 -22"><span class='ocrx_word' id='word_1_94' title='bbox 175 4434 244 4474; x_wconf 91' lang='lat' dir='ltr'>men</span> <span class='ocrx_word' id='word_1_95' title='bbox 262 4416 377 4474; x_wconf 85' lang='lat' dir='ltr'>factum</span> <span class='ocrx_word' id='word_1_96' title='bbox 404 4435 467 4476; x_wconf 89' lang='lat' dir='ltr'>esse</span> <span class='ocrx_word' id='word_1_97' title='bbox 495 4417 616 4494; x_wconf 72' lang='lat' dir='ltr'>statuit,</span> <span class='ocrx_word' id='word_1_98' title='bbox 646 4419 682 4475; x_wconf 92' lang='lat' dir='ltr'>ut</span> <span class='ocrx_word' id='word_1_99' title='bbox 705 4415 863 4492; x_wconf 82' lang='lat' dir='ltr'>Olympiae</span> <span class='ocrx_word' id='word_1_100' title='bbox 891 4417 922 4473; x_wconf 92' lang='lat' dir='ltr'>in</span> <span class='ocrx_word' id='word_1_101' title='bbox 950 4434 1060 4491; x_wconf 82' lang='lat' dir='ltr'>pompa</span> <span class='ocrx_word' id='word_1_102' title='bbox 1087 4416 1142 4474; x_wconf 83' lang='lat' dir='ltr'>sub</span> <span class='ocrx_word' id='word_1_103' title='bbox 1166 4434 1323 4492; x_wconf 88' lang='lat' dir='ltr'>vesperum</span> <span class='ocrx_word' id='word_1_104' title='bbox 1345 4415 1453 4475; x_wconf 82' lang='lat' dir='ltr'>victori</span> 
     </span>
     <span class='ocr_line' id='line_1_14' title="bbox 176 4503 1453 4582; baseline 0.002 -21"><span class='ocrx_word' id='word_1_105' title='bbox 176 4503 362 4563; x_wconf 84' lang='lat' dir='ltr'>instituenda</span> <span class='ocrx_word' id='word_1_106' title='bbox 381 4509 544 4565; x_wconf 84' lang='lat' dir='ltr'>caneretur.</span> <span class='ocrx_word' id='word_1_107' title='bbox 576 4505 619 4564; x_wconf 86' lang='lat' dir='ltr'>At</span> <span class='ocrx_word' id='word_1_108' title='bbox 636 4506 706 4564; x_wconf 90' lang='lat' dir='ltr'>huic</span> <span class='ocrx_word' id='word_1_109' title='bbox 725 4504 890 4564; x_wconf 81' lang='lat' dir='ltr'>sententiae</span> <span class='ocrx_word' id='word_1_110' title='bbox 910 4503 1087 4563; x_wconf 82' lang='lat' dir='ltr'>adversatur</span> <span class='ocrx_word' id='word_1_111' title='bbox 1103 4505 1253 4581; x_wconf 78' lang='lat' dir='ltr'>particule</span> <span class='ocrx_word' id='word_1_112' title='bbox 1272 4503 1349 4564; x_wconf 76' lang='grc' dir='ltr'><strong><em>ἔνθα</em></strong></span> <span class='ocrx_word' id='word_1_113' title='bbox 1367 4524 1394 4563; x_wconf 90' lang='lat' dir='ltr'>v.</span> <span class='ocrx_word' id='word_1_114' title='bbox 1411 4515 1453 4582; x_wconf 79' lang='lat'>16,</span> 
     </span>
     <span class='ocr_line' id='line_1_15' title="bbox 177 4592 1485 4672; baseline 0.002 -22"><span class='ocrx_word' id='word_1_115' title='bbox 177 4612 237 4670; x_wconf 83' lang='lat' dir='ltr'>qua</span> <span class='ocrx_word' id='word_1_116' title='bbox 259 4594 364 4653; x_wconf 89' lang='lat' dir='ltr'>urbem</span> <span class='ocrx_word' id='word_1_117' title='bbox 387 4595 550 4654; x_wconf 91' lang='lat' dir='ltr'>Locrorum</span> <span class='ocrx_word' id='word_1_118' title='bbox 573 4594 735 4671; x_wconf 82' lang='lat' dir='ltr'>significari</span> <span class='ocrx_word' id='word_1_119' title='bbox 758 4613 845 4653; x_wconf 90' lang='lat' dir='ltr'>nemo</span> <span class='ocrx_word' id='word_1_120' title='bbox 869 4613 928 4652; x_wconf 90' lang='lat' dir='ltr'>non</span> <span class='ocrx_word' id='word_1_121' title='bbox 952 4592 1110 4672; x_wconf 81' lang='lat' dir='ltr'>intellegit</span> <span class='ocrx_word' id='word_1_122' title='bbox 1148 4593 1213 4663; x_wconf 85' lang='lat' dir='ltr'>Qua</span> <span class='ocrx_word' id='word_1_123' title='bbox 1232 4594 1267 4653; x_wconf 90' lang='lat' dir='ltr'>de</span> <span class='ocrx_word' id='word_1_124' title='bbox 1286 4611 1379 4653; x_wconf 86' lang='lat' dir='ltr'>causa</span> <span class='ocrx_word' id='word_1_125' title='bbox 1397 4613 1452 4672; x_wconf 82' lang='lat' dir='ltr'>ego</span> <span class='ocrx_word' id='word_1_126' title='bbox 1483 4617 1485 4620; x_wconf 50' lang='lat'><strong>⁴</strong></span> 
     </span>
     <span class='ocr_line' id='line_1_16' title="bbox 177 4682 1453 4761; baseline 0.001 -21"><span class='ocrx_word' id='word_1_127' title='bbox 177 4682 328 4759; x_wconf 88' lang='lat' dir='ltr'>Leopoldo</span> <span class='ocrx_word' id='word_1_128' title='bbox 362 4683 508 4760; x_wconf 87' lang='lat' dir='ltr'>Schmidt,</span> <span class='ocrx_word' id='word_1_129' title='bbox 541 4683 626 4742; x_wconf 93' lang='lat' dir='ltr'>Pind.</span> <span class='ocrx_word' id='word_1_130' title='bbox 645 4683 715 4745; x_wconf 90' lang='lat' dir='ltr'>Leb.</span> <span class='ocrx_word' id='word_1_131' title='bbox 734 4705 762 4761; x_wconf 90' lang='lat' dir='ltr'>p.</span> <span class='ocrx_word' id='word_1_132' title='bbox 782 4696 815 4742; x_wconf 81' lang='grc'>93</span> <span class='ocrx_word' id='word_1_133' title='bbox 840 4682 1043 4758; x_wconf 80' lang='lat' dir='ltr'>adstipulatus</span> <span class='ocrx_word' id='word_1_134' title='bbox 1073 4684 1128 4742; x_wconf 90' lang='lat' dir='ltr'>hoc</span> <span class='ocrx_word' id='word_1_135' title='bbox 1158 4700 1275 4741; x_wconf 85' lang='lat' dir='ltr'>carmen</span> <span class='ocrx_word' id='word_1_136' title='bbox 1307 4682 1453 4758; x_wconf 89' lang='lat' dir='ltr'>prooemii</span> 
     </span>
     <span class='ocr_line' id='line_1_17' title="bbox 176 4770 1453 4851; baseline 0.002 -21"><span class='ocrx_word' id='word_1_137' title='bbox 176 4771 272 4831; x_wconf 83' lang='lat' dir='ltr'>ricem</span> <span class='ocrx_word' id='word_1_138' title='bbox 287 4772 452 4832; x_wconf 88' lang='lat' dir='ltr'>obtinuisse</span> <span class='ocrx_word' id='word_1_139' title='bbox 470 4775 554 4851; x_wconf 77' lang='lat' dir='ltr'>puto,</span> <span class='ocrx_word' id='word_1_140' title='bbox 570 4772 649 4848; x_wconf 91' lang='lat' dir='ltr'>quod</span> <span class='ocrx_word' id='word_1_141' title='bbox 667 4772 774 4832; x_wconf 85' lang='lat' dir='ltr'>maiori</span> <span class='ocrx_word' id='word_1_142' title='bbox 793 4772 918 4832; x_wconf 87' lang='lat' dir='ltr'>carmini</span> <span class='ocrx_word' id='word_1_143' title='bbox 936 4775 967 4830; x_wconf 89' lang='lat' dir='ltr'>et</span> <span class='ocrx_word' id='word_1_144' title='bbox 985 4771 1143 4830; x_wconf 82' lang='lat' dir='ltr'>festivitati</span> <span class='ocrx_word' id='word_1_145' title='bbox 1162 4770 1193 4828; x_wconf 91' lang='lat' dir='ltr'>in</span> <span class='ocrx_word' id='word_1_146' title='bbox 1213 4771 1311 4845; x_wconf 90' lang='lat' dir='ltr'>patria</span> <span class='ocrx_word' id='word_1_147' title='bbox 1329 4771 1453 4832; x_wconf 85' lang='lat' dir='ltr'>victoris</span> 
     </span>
    </p>
   </div>
   <div class='ocr_carea' id='block_1_6' title="bbox 0 0 1714 5378">
    <p class='ocr_par' dir='ltr' id='par_1_6' title="bbox 0 0 1714 5378">
     <span class='ocr_line' id='line_1_18' title="bbox 0 0 1714 5378; baseline 0 0"><span class='ocrx_word' id='word_1_148' title='bbox 0 0 1714 5378; x_wconf 95' lang='lat' dir='ltr'> </span> 
     </span>
    </p>
   </div>
  </div>
 </body>
</html>
