3406 5378
659 402 782 452 NEMEA
801 401 836 450 Il.

165 562 248 639 Διὸς
271 560 384 643 ἀγῶνι.
421 564 487 646 τόν,
512 557 537 625 ὦ
560 566 651 626 πολῖ-

209 693 276 749 ται,
300 667 466 752 κωμάξατε
496 669 634 752 Τιμοδή-

209 799 273 860 μου
297 776 361 839 σὺν
385 773 495 839 εὐκλέϊ
515 777 635 861 νόστῳ·

113 898 146 946 25
166 881 323 964 ἁδυμελεῖ
344 879 375 944 δ’
402 880 547 964 ἐξάρχετε
572 891 677 967 φωνᾷ.
1353 899 1387 946 4ο

182 1079 224 1129 24.
248 1074 381 1142 ἀριθμοῦ.
411 1079 478 1137 Διὸς
501 1075 589 1143 ἀγῶνι
611 1072 671 1128 τόδ’
697 1073 766 1142 (scil.
786 1074 817 1127 τὸ
842 1073 987 1143 canapium
1011 1074 1081 1128 coni.
1108 1073 1200 1145 Bergk
1225 1107 1257 1114 -
1283 1072 1386 1128 εὐκλέϊι

113 1146 219 1199 εὐκλεεῑ
237 1146 298 1199 Bl)
317 1176 349 1184 -
373 1145 534 1214 Τιμοδήμου
553 1145 644 1213 Triel.,
664 1145 804 1215 τιμοδήμω
823 1146 892 1199 BD.

114 1304 177 1342 oum
196 1287 282 1341 saeris
298 1286 435 1358 Olympiis
450 1287 495 1341 rel
509 1287 613 1341 Diasiis
628 1286 846 1343 Atheniensibus
864 1286 924 1340 ludi
943 1287 1084 1340 coniuncti
1103 1287 1215 1352 fuerint,
1236 1288 1386 1341 admodum

113 1358 230 1412 dubium
254 1361 310 1425 est,
333 1375 424 1428 neque
449 1358 636 1428 intellegitur,
660 1376 709 1412 cur
727 1358 905 1412 Timodemus
929 1357 1111 1412 celeberrima
1129 1359 1283 1412 certamina
1301 1359 1386 1413 Athe-

116 1429 226 1484 niensia
244 1429 456 1484 Panathenaiea
473 1447 529 1483 non
549 1429 662 1498 obierit,
687 1429 788 1484 obierit
810 1428 919 1483 minora
937 1429 1034 1483 Diasia
1053 1430 1098 1483 rel
1118 1429 1254 1499 Olympia·
1271 1462 1305 1470 -
1329 1428 1386 1496 τόν,

114 1502 244 1555 Iovemne
264 1518 299 1555 an
319 1518 336 1554 a
357 1517 436 1554 onem
457 1500 529 1554 Iovis
548 1500 710 1571 intellegas,
733 1499 805 1554 nihil
828 1500 997 1554 interest-
1017 1499 1174 1569 κωμάξατε·
1195 1518 1298 1571 pompa
1317 1501 1386 1553 eele-

114 1572 203 1640 brate‚
223 1576 254 1625 ut
273 1519 358 1625 simili
377 1573 459 1625 modo
475 1573 601 1641 χορεύειν
621 1573 763 1625 ‘saltando
783 1571 934 1625 celebrare‘
956 1589 1018 1624 eum
1038 1570 1198 1625 accusativo
1218 1571 1387 1659 iungebat-ur

113 1676 148 1683 -
163 1649 205 1698 25.
222 1643 361 1712 ἐξάρχετε·
382 1660 445 1696 cum
464 1643 550 1697 verba
568 1639 653 1697 τὸνά)
670 1647 780 1697 πολῖται
800 1642 943 1712 κωμάξατε
961 1643 1110 1714 Τιμοδήμῳ
1125 1644 1176 1696 σὺν
1195 1645 1286 1697 simler
1300 1643 1387 1716 νόστῳ

113 1715 210 1784 procul
235 1715 320 1767 dubio
344 1715 379 1767 acl
399 1714 474 1767 cives
494 1715 649 1781 choraulas,
672 1714 834 1768 redeuntem
853 1713 1046 1767 Timodemum
1065 1732 1168 1783 pompa
1186 1716 1386 1784 prosequentes

115 1789 144 1839 et
164 1785 295 1840 victorem
316 1785 367 1838 hoe
387 1785 447 1853 ipso
467 1785 589 1839 carmine
608 1785 811 1854 praedicantes,
831 1785 977 1839 referenda
996 1785 1061 1853 sint,
1080 1785 1258 1853 insequentia
1277 1803 1387 1855 quoque

112 1856 199 1911 rerba
222 1857 353 1923 ἁδυμελεῖ
376 1856 501 1926 ἐξάρχετε
526 1862 607 1930 φωνᾷ
632 1856 666 1909 da
691 1857 742 1910 hoe
766 1857 887 1909 carmine
911 1855 971 1926 ipso
998 1856 1189 1925 intellegenda
1214 1873 1275 1911 esse
1299 1860 1349 1926 pat
1367 1860 1386 1911 t.

114 1927 237 1998 Negotia
261 1927 352 1982 solum
376 1928 490 1981 verbum
516 1927 642 1998 ἐξάρχετε
666 1927 787 1981 facessit.
822 1927 949 1995 Namque
970 1927 1023 1980 hoe
1041 1932 1167 1980 nostrum
1186 1945 1296 1981 carmen
1316 1928 1387 1981 adeo

10 2043 11 2046 ,
114 1998 180 2052 iusti
200 1998 313 2069 epinieii
338 2002 432 2068 partes
456 2002 562 2065 tuetur,
589 2003 620 2051 nt
644 1998 693 2051 alii
717 1998 835 2053 carmini
859 2015 891 2052 eo
911 1999 1038 2067 praeludi
1058 2016 1156 2079 parum
1175 1999 1321 2079 probabile
1341 1999 1386 2053 sit.

115 2070 176 2134 Qua
199 2071 233 2124 de
253 2087 339 2123 causa
357 2070 460 2124 rectius
478 2069 550 2123 illud
568 2071 684 2123 verbum
703 2069 744 2122 ita
763 2069 1004 2138 interpretaberis,
1029 2074 1060 2122 ut
1079 2069 1191 2139 cprmeir
1211 2075 1324 2123 cantum
1343 2087 1386 2123 ee-

114 2141 182 2195 teris
208 2139 373 2194 festivitatis
399 2141 547 2210 generibus
575 2141 738 2194 antecedere
765 2141 863 2206 dueas;
891 2140 983 2193 neseio
1009 2144 1104 2194 tamen
1130 2158 1166 2194 an
1192 2158 1303 2209 prorsus
1330 2141 1387 2194 alia

112 2212 318 2282 interpretandi
338 2212 384 2265 ria
403 2211 525 2265 ineunda
544 2211 588 2277 sit,
609 2215 639 2264 ut
659 2211 785 2281 ἐξάρχετε
806 2211 856 2265 lroe
876 2211 936 2265 loce
956 2211 1031 2265 idem
1044 2211 1138 2266 valere
1153 2212 1287 2265 ducamus
1302 2215 1386 2280 atque

113 2283 205 2337 canite
229 2287 373 2351 tamquam
396 2286 603 2352 praecentores,
629 2282 702 2337 unde
726 2281 875 2336 choreutae
894 2282 976 2336 laetis
1001 2282 1253 2336 acclamationibus
1277 2286 1386 2337 ceterae

113 2358 242 2409 catervae
261 2353 364 2407 civium
383 2354 506 2422 undique
525 2353 709 2408 circumfusae
728 2371 777 2408 auo
798 2353 919 2408 carmine
938 2357 1080 2423 praeeant.
