3406 5378
561 406 595 456 11.
621 405 671 455 DE
690 404 784 455 ARTE
802 405 961 455 murman
981 405 1137 457 PINDARI.
1377 402 1491 456 XXXIII

297 628 308 633 -
550 626 609 633 --
728 607 870 633 ,mo
964 611 969 621 ·
1030 627 1046 634 -
1142 563 1398 653 (Namara

296 699 744 742 soo-os--2w-oo-
1141 671 1316 760 (P.x112)

341 806 869 850 o.-2o--2w-w--
1142 779 1358 867 (N.xep.5)

341 931 361 956 υ
482 884 1332 974 w--2w-oa--so-„2o.(0.xn6),

209 1035 321 1077 eorum
344 1013 416 1078 eola
437 1012 473 1076 iu
496 1018 590 1077 textu
616 1013 786 1099 separandi
814 1019 847 1078 et
875 1013 1013 1100 singulis
1040 1013 1189 1078 versibus
1217 1012 1403 1077 includendi
1431 1012 1493 1076 tibi

209 1124 323 1186 auctor
347 1143 427 1204 suin,
451 1121 593 1206 primum
616 1143 657 1185 ue
681 1121 812 1207 cognati
836 1144 948 1203 versps
973 1121 1134 1206 scriptura
1151 1120 1239 1184 iusto
1259 1120 1365 1206 magis
1385 1120 1495 1184 discri-

211 1227 383 1312 minentur,
407 1228 521 1292 deindc
546 1228 632 1312 quod
656 1227 739 1292 tales
763 1251 874 1293 versus
893 1233 991 1313 poeta
1009 1228 1199 1312 plerumque
1218 1228 1264 1290 ita
1282 1227 1317 1291 in
1336 1228 1495 1292 unitatem

211 1335 421 1420 constrinxit,
443 1339 481 1399 ut
502 1357 632 1399 versum
656 1356 789 1400 caesura
811 1358 877 1400 non
900 1335 935 1399 in
958 1336 1021 1400 fine
1046 1334 1230 1420 rhythmico
1254 1334 1351 1420 primi
1375 1334 1425 1399 vel
1450 1357 1496 1399 se·

210 1441 305 1506 cundi
330 1441 394 1506 coli
416 1441 583 1525 lucidaret,
606 1442 662 1507 sed
685 1442 795 1526 potius
818 1443 916 1527 paulo
941 1448 1016 1507 ante
1041 1441 1090 1506 vel
1113 1441 1212 1526 paulo
1235 1447 1311 1526 post
1329 1441 1436 1525 finem,
1459 1447 1497 1505 ut

290 1567 382 1642 ἵλαος
405 1566 586 1632 ἀθανάτων
609 1567 744 1654 ἀνδρῶν
767 1591 802 1632 τε
825 1570 890 1632 σὺν
913 1567 1065 1654 εὐμενείᾳ
1088 1564 1137 1654 (Ρ.
1157 1584 1207 1630 x11
1225 1565 1275 1653 4),

290 1693 371 1755 αἰτῶ
395 1710 445 1776 σε,
469 1692 644 1777 φιλάγλαε,
667 1695 825 1757 καλλίστα
848 1695 989 1778 βροτεᾶν
1012 1695 1139 1757 πολίων
1163 1689 1211 1777 (Ρ.
1231 1708 1281 1755 ΧΠ
1303 1688 1350 1777 l),

291 1817 395 1882 αὐτόν
418 1816 455 1881 τέ
474 1842 530 1882 νιν
549 1815 691 1882 Ἑλλάδα
713 1819 895 1884 νικάσαντα
918 1815 1030 1903 τέχνα,
1054 1816 1115 1881 τάν
1137 1839 1216 1880 ποτε
1240 1814 1288 1901 (P.
1308 1833 1358 1878 ΧΠ
1378 1814 1422 1902 a).

211 1939 299 2016 Quae
315 1964 389 2005 cum
403 1941 451 2006 ita
466 1942 539 2024 sint,
560 1964 670 2007 omnes
691 1966 802 2008 versus
822 1942 1177 2028 dactylico-epitritieos
1196 1940 1334 2026 singulis
1348 1942 1496 2006 versibus

212 2045 366 2134 (στίχοις)
394 2047 639 2133 perscribendos
673 2050 869 2132 curavimus,
902 2049 966 2114 nisi
999 2049 1026 2113 si
1060 2071 1141 2133 quos
1169 2047 1368 2133 procatalexi
1399 2053 1496 2132 poeta

210 2155 280 2240 ipse
303 2155 339 2219 in
361 2155 425 2219 duo
449 2155 521 2220 cola
544 2155 733 2221 dividendos
757 2178 826 2221 esse
850 2156 1015 2241 indicavit,
1038 2161 1075 2220 ut
1097 2154 1133 2220 P.
1152 2158 1204 2220 12

486 2290 734 2332 Lunum-
808 2291 1023 2333 iunium
1043 2307 1219 2331 ------

251 2371 412 2435 σύνδικον
434 2374 571 2435 Μοισᾶν
594 2369 733 2436 κτέανον
795 2381 854 2448 τᾶς
876 2371 989 2437 ἀκούει
1011 2367 1072 2455 μὲν
1095 2370 1192 2454 βάσις
1215 2369 1353 2453 ἀγλαΐας
1375 2370 1468 2457 ἀρχά.

211 2493 305 2559 Hanc
333 2500 443 2559 autem
469 2494 574 2579 legem
602 2516 640 2559 eo
669 2496 773 2582 magis
804 2495 884 2560 mihi
918 2495 1152 2560 observandam
1184 2516 1254 2559 esse
1287 2495 1377 2578 duxi,
1410 2496 1496 2580 quod

211 2601 311 2665 ctiam
335 2607 460 2666 veteres
483 2602 625 2686 metrici,
653 2603 800 2686 quamvis
824 2602 976 2686 strophas
998 2602 1033 2665 in
1057 2601 1141 2683 cola,
1169 2623 1236 2665 non
1258 2600 1292 2664 in
1315 2625 1426 2667 versus
1451 2603 1496 2667 di·

211 2709 318 2773 videre
347 2709 410 2773 sibi
438 2710 699 2795 proposuissent,
731 2714 841 2774 tamen
868 2709 903 2772 in
932 2707 994 2772 hoc
1028 2730 1145 2793 genere
1178 2708 1357 2773 carminum
1390 2731 1497 2793 saepe·

211 2838 346 2880 numero
376 2816 534 2902 genuinos
562 2840 674 2881 versus
702 2817 844 2881 intactos
872 2815 1086 2901 reliquerunt,
1119 2816 1203 2880 unde
1234 2815 1364 2900 accidit,
1397 2821 1434 2880 ut
1460 2816 1496 2880 in

211 2922 377 2987 nonnullis
401 2923 609 3007 carminibus,
632 2929 669 2988 ut
688 2922 723 2987 Ο,
743 2941 787 2986 xr.
812 2923 836 2986 I.
855 2942 887 3000 v,
910 2922 1118 2988 Boeckhiana
1137 2922 1325 2986 distributio
1344 2945 1497 2988 versuum

213 3050 287 3094 cum
300 3030 421 3094 tradita
435 3030 623 3095 colometria
639 3036 784 3095 veterum
799 3029 1008 3109 metricorum
1022 3029 1089 3094 fere
1104 3029 1285 3094 concordet.
1315 3028 1496 3095 Distinetos

213 3135 315 3221 igitur
337 3136 438 3202 habes
466 3137 500 3200 in
527 3137 588 3202 hac
616 3137 757 3201 editione
786 3137 827 3201 ab
856 3136 996 3223 eleganti
1023 3136 1206 3222 gracifitate
1233 3136 1496 3223 logaoedicorum

213 3265 364 3308 versuum
392 3245 529 3330 grandes
558 3267 670 3308 versus
699 3243 1048 3329 dactylo-epitritieos,
1077 3249 1112 3307 ut
1134 3243 1206 3328 ipsa
1234 3244 1340 3327 specie
1363 3250 1497 3309 externa

214 3350 409 3436 gravitatem
433 3358 466 3415 et
489 3351 682 3437 dignitatem
706 3373 783 3437 prae
808 3374 841 3416 se
865 3351 979 3416 ferant.

302 3456 448 3522 Similem
466 3457 628 3522 rationem
647 3479 717 3522 esse
735 3457 898 3523 voluimus
917 3480 1068 3522 versuum
1087 3457 1327 3542 paeonicorum,
1347 3459 1402 3543 qui
1421 3482 1494 3524 cum

211 3586 278 3628 nou
301 3586 340 3628 ex
363 3565 461 3629 variis
488 3565 625 3650 pedibus
654 3569 815 3648 constare,
846 3566 902 3629 sed
929 3565 1042 3629 eodem
1069 3587 1278 3631 numerorum
1304 3587 1421 3652 genere
1445 3566 1497 3630 de-

214 3692 341 3735 currere
364 3671 507 3754 soleant,
535 3693 631 3757 aegre
653 3672 689 3735 in
713 3672 784 3737 cola
806 3677 955 3757 partesve
979 3672 1189 3737 dissecantur.
1235 3670 1385 3757 Plerique
1410 3672 1496 3737 enim

213 3798 326 3842 eorum
349 3800 483 3863 prorsus
505 3778 634 3843 indiciis
658 3784 781 3863 carent,
808 3780 892 3843 unde
919 3779 1028 3864 plures
1052 3801 1163 3843 eorum
1190 3779 1287 3864 pedes
1311 3777 1344 3843 in
1368 3779 1497 3863 singula

214 3883 285 3948 cola
308 3886 624 3970 comprehendendos
648 3908 718 3950 esse
742 3886 887 3974 colligas.
929 3886 1028 3951 Velut
1050 3885 1085 3949 in
1107 3908 1203 3951 versu
1226 3884 1346 3950 0.112

586 4016 1124 4045 VWssV-2UWssUW.'.U-

213 4119 316 4182 neque
340 4121 473 4164 cassura
495 4099 644 4185 legitima
664 4105 741 4186 post
764 4099 903 4166 alterum
926 4101 1040 4186 pedem
1063 4122 1174 4164 versus
1198 4098 1364 4183 inciditur,
1392 4122 1495 4185 neque

214 4225 253 4269 ea
279 4206 385 4270 forma
417 4207 550 4272 alterius
569 4207 673 4298 ,pedis
704 4213 767 4293 cst,
801 4213 838 4272 ut
866 4229 979 4273 cursus
1011 4206 1157 4291 rhythmi
1185 4208 1367 4272 retardetur
1399 4212 1496 4292 atque

214 4312 351 4377 sedetur.
392 4312 463 4388 Qua
486 4315 524 4378 de
548 4336 646 4379 eausa
668 4337 772 4400 neque
794 4315 881 4380 hunc
904 4337 1007 4399 neque
1033 4320 1157 4379 ceteros
1184 4336 1295 4379 versus
1323 4315 1496 4400 paeonicos

214 4419 393 4485 carminum
421 4419 502 4484 0.ss
529 4426 563 4485 et
590 4420 625 4485 P.
645 4439 668 4484 v
700 4421 840 4506 primum
866 4422 902 4485 iu
929 4421 1001 4486 cola
1033 4425 1065 4485 ct
1095 4421 1209 4485 deinde
1235 4421 1270 4485 in
1297 4422 1409 4507 pedes,
1441 4423 1497 4487 sed

211 4526 300 4592 illico
323 4527 359 4591 in
382 4526 528 4612 dipodias
552 4528 619 4593 sive
642 4529 740 4614 pedes
759 4528 932 4614 paeonicos
952 4527 1139 4592 dividendos
1159 4530 1351 4593 curavimus.
1390 4529 1496 4605 Quid?

213 4635 299 4717 quod
321 4634 418 4699 huius
441 4640 577 4700 naturae
601 4637 750 4700 ordinum
772 4635 1004 4720 paeonicorum
1027 4636 1202 4722 vestigium
1226 4637 1325 4701 etiam
1351 4639 1385 4701 in
1407 4659 1497 4722 prae·

212 4742 315 4826 ceptis
348 4746 494 4807 veterum
532 4740 792 4825 rhythmicorum
827 4743 929 4807 latere
961 4743 1096 4806 videtur.
1147 4742 1296 4827 Namque
1329 4745 1415 4829 quod
1447 4744 1496 4808 illi

212 4848 385 4932 paeonicos
414 4848 542 4913 ordines
569 4870 671 4934 usque
699 4850 739 4914 ad
766 4849 886 4936 viginti
918 4850 1059 4936 quinque
1091 4856 1239 4936 tempora
1271 4851 1321 4916 vel
1354 4851 1496 4936 quinque

266 4964 392 5005 muninus
406 4964 441 5005 cd.
456 4962 560 5006 curin.
1268 4971 1283 5009 a
