3406 5378
274 368 385 421 LXVIII
777 370 1056 422 PROLEGOIIENA.

272 531 380 595 brium
405 530 544 596 maxime
567 532 678 596 decere
702 532 881 596 uidebatur.
889 530 914 619 ¹)
964 530 1086 616 Apium
1109 554 1200 615 vere,
1228 553 1291 615 quo
1317 531 1496 596 Nemeaeae
1522 539 1556 597 et

272 637 448 703 Isthmicae
476 660 614 704 coronae
643 639 870 723 nectebantur,
901 638 1060 705 Pindarus
1093 639 1179 722 quod
1208 638 1248 702 N.
1268 656 1305 700 vl
1323 641 1364 702 47
1399 640 1555 723 pabulum

272 744 376 809 leonis
404 745 444 809 ab
468 745 608 810 Hercule
636 746 802 810 interemti
830 746 921 830 dicit,
954 769 991 810 ex
1016 768 1068 827 eo,
1100 745 1186 829 quod
1213 745 1249 808 in
1276 745 1341 809 illis
1365 746 1554 831 regionibus

271 851 333 916 hoc
354 875 489 937 gramen
507 853 808 937 frequentissimum
826 853 939 936 fuerit,
962 853 1001 916 ad
1022 874 1157 917 coronas
1177 853 1351 916 nectendas
1370 852 1554 917 adhibitum

272 981 341 1023 esse
366 960 537 1045 significat.
584 957 706 1024 Contra
730 959 924 1025 scholiastae
949 959 1081 1023 Pindari
1109 981 1182 1040 cum
1206 963 1324 1023 natura
1351 959 1479 1023 funebri
1507 961 1555 1024 lu-

272 1066 387 1130 dorum
415 1071 448 1130 et
475 1066 574 1150 pullis
602 1066 763 1151 vestibus,
792 1066 909 1151 quibus
939 1066 1044 1130 induti
1072 1067 1195 1131 iudices
1224 1066 1378 1132 Nemeaei
1401 1067 1440 1130 de
1463 1089 1555 1149 prae-

272 1173 345 1236 miis
381 1174 609 1256 decernebant,
642 1173 707 1258 apii
740 1195 877 1238 coronas
910 1173 1081 1238 cohaerere
1109 1179 1224 1259 argute
1256 1171 1553 1266 interpretantur.²)

272 1278 389 1345 Pinum
424 1286 547 1365 autem,
584 1282 635 1345 cui
668 1281 870 1364 temporibus
903 1281 1031 1365 imperii
1059 1280 1198 1345 Romani
1228 1281 1263 1344 in
1290 1279 1436 1344 isthmiis
1468 1281 1554 1344 ludis

272 1387 381 1470 apium
410 1386 554 1471 cessit3),
582 1387 729 1471 Neptuni
751 1389 813 1453 hos
836 1389 930 1452 ludos
954 1410 1063 1453 sacros
1092 1410 1162 1453 esse
1186 1388 1387 1473 significasse
1410 1410 1475 1452 non
1502 1393 1553 1452 est

271 1517 328 1559 cur
358 1494 470 1559 multis
499 1494 683 1558 edisseram.
734 1494 882 1578 Denique
915 1502 1075 1579 myrteam
1107 1516 1275 1579 coronam,
1303 1517 1367 1578 qua
1389 1494 1552 1559 Thebanis

271 1600 436 1665 Heracleis
464 1601 603 1665 victores
637 1606 767 1666 ornatos
800 1624 870 1666 esse
902 1602 972 1686 ipse
1005 1602 1162 1666 Pindarus
1187 1601 1212 1666 I.
1237 1602 1337 1666 11188
1370 1600 1553 1687 testatur⁴),

272 1707 468 1772 scholiastae
491 1712 524 1771 et
547 1707 651 1792 ipsam
676 1708 714 1773 ad
743 1709 911 1773 funebrem
941 1709 1098 1794 originem
1127 1708 1244 1772 horum
1271 1708 1421 1772 ludorum
1449 1714 1552 1773 rettu-

269 1813 385 1878 lerunt.
435 1814 542 1898 Atque
575 1815 608 1878 in
638 1810 738 1879 sacris
766 1815 917 1880 Manibus
945 1815 1100 1880 faciendis
1129 1820 1271 1899 myrtum
1300 1815 1334 1878 in
1362 1839 1423 1879 usu
1452 1816 1553 1880 fuisse

271 1920 365 1984 docet
392 1920 564 2004 Euripides
594 1922 712 1986 Electr.
738 1924 803 1987 3:24
818 1945 858 1986 ss.
886 1921 1126 2006 Ἀγαμέμνονος
1158 1919 1193 1985 δὲ
1227 1923 1351 2006 τύμβος
1376 1921 1552 2006 ἠτιμασμέ-

270 2049 328 2102 νος
359 2028 450 2092 οὔπω
483 2028 562 2112 χοάς
590 2027 664 2092 ποτ’
691 2025 770 2092 οὐδὲ
800 2034 910 2094 κλῶνα
942 2033 1105 2113 μυρσίνης
1137 2031 1245 2112 ἔλαβε,
1278 2050 1381 2112 neque
1414 2051 1552 2094 coronae

269 2155 398 2216 aureae,
434 2156 515 2218 quae
553 2157 590 2198 ex
629 2135 777 2219 sepulcro
816 2136 969 2201 Graeciae
1007 2135 1144 2221 Magnae
1176 2136 1211 2199 in
1249 2136 1354 2200 lucem
1386 2142 1554 2222 protracta

270 2240 366 2304 hodie
395 2241 429 2304 in
457 2241 642 2325 antiquario
667 2242 855 2307 hlonacensi
878 2244 1076 2326 adservatur,
1099 2244 1195 2307 flores
1219 2242 1336 2327 myrtei
1360 2245 1484 2308 desunt.

359 2368 447 2440 Quae
474 2366 641 2450 hucusque
671 2367 878 2450 exposuimus
911 2390 1019 2432 rerum
1052 2368 1114 2431 fide
1147 2369 1341 2431 confirmata
1373 2373 1463 2451 sunt,
1495 2368 1552 2431 sed

269 2472 353 2536 veris
386 2471 459 2556 plns
493 2496 588 2557 saepe
621 2473 772 2537 fabulosa
802 2474 838 2537 in
871 2475 1069 2540 carminibus
1104 2497 1177 2539 cum
1210 2474 1282 2538 aliis
1314 2479 1384 2538 tum
1420 2473 1551 2539 Pindari

270 2579 418 2662 epiniciis
451 2579 568 2644 valent.
625 2579 836 2664 Splendorem
874 2582 959 2646 enim
996 2581 1145 2645 ludorum
1179 2586 1216 2645 ut
1250 2581 1486 2664 amplificarent
1519 2584 1552 2645 et

270 2686 449 2751 victoribus
472 2687 546 2771 plus
565 2687 670 2751 landis
691 2688 904 2769 adstruerent,
927 2711 993 2752 non
1017 2689 1057 2752 ab
1078 2688 1276 2773 hominibus,
1299 2688 1354 2752 sed
1378 2710 1397 2750 a
1421 2687 1481 2751 diis
1500 2687 1551 2751 vel

268 2793 423 2858 heroibus
450 2795 544 2858 ludos
573 2794 720 2870 conditos
749 2816 819 2859 esse
847 2800 880 2859 et
910 2795 1023 2859 heroes
1053 2795 1141 2879 ipsos
1170 2795 1248 2859 olim
1278 2795 1316 2859 de
1345 2816 1464 2860 corona
1487 2815 1552 2858 cer-

268 2906 355 2966 tasse
379 2901 527 2966 emcutiti
551 2906 636 2964 sunt.
673 2901 783 2985 Atque
807 2908 844 2967 ut
868 2902 985 2967 callida
1005 2900 1203 2969 Graecorum
1228 2902 1319 2967 natio
1341 2902 1404 2967 fuit
1427 2902 1551 2986 lepidas

268 3009 527 3073 narratiunculas
551 3007 744 3093 inveniendi,
768 3009 909 3095 origines
929 3010 1079 3075 ludorum
1099 3010 1248 3095 plurimis
1269 3016 1302 3075 et
1324 3010 1550 3095 pulcherrimis

269 3116 389 3180 fabulis
409 3120 614 3180 exornarunt.
651 3113 826 3179 Pindarum
847 3121 880 3180 et
897 3116 1004 3199 ipsum
1025 3117 1145 3201 partim
1160 3141 1261 3183 novas
1276 3117 1408 3181 finxisse
1423 3116 1550 3180 fabulas

268 3224 388 3305 partim
407 3222 597 3305 popularem
616 3222 737 3285 famam
755 3221 923 3306 pulchrius
942 3245 1130 3309 exornasse,
1152 3248 1247 3290 nemo
1268 3224 1324 3308 qui
1343 3224 1549 3310 ingeniosum

267 3333 375 3391 vatem
398 3328 535 3411 noverit,
557 3327 679 3391 infitias
703 3326 780 3411 ibit,
803 3327 897 3412 plura
924 3336 1032 3395 tamen
1058 3354 1131 3396 eum
1156 3354 1176 3394 a
1198 3329 1418 3414 superioribus
1442 3329 1548 3410 poetis

267 3440 400 3519 accepta
428 3435 542 3499 tulisse
570 3439 603 3497 et
631 3433 798 3517 paululum
827 3439 954 3500 tantum
983 3438 1155 3501 immutata
1185 3436 1253 3500 suis
1280 3434 1478 3498 carminibus
1502 3435 1548 3496 in—

267 3541 409 3605 texuisse
425 3542 573 3625 equidem
588 3540 667 3605 mihi
685 3542 839 3624 persuasi.
865 3541 918 3607 Sic
933 3543 1102 3629 Olympiae
1117 3542 1269 3625 Pelopem
1284 3562 1357 3605 cum
1373 3542 1547 3622 (lenonum,

266 3655 374 3714 vetere
402 3670 477 3733 rege
505 3648 592 3712 illius
621 3648 774 3734 regionis,
802 3673 898 3714 curru
927 3652 1107 3716 decertasse
1132 3653 1165 3713 et
1187 3645 1367 3732 praemium
1391 3646 1546 3711 victoriae

268 3758 367 3822 liliam
401 3757 470 3820 eius
503 3755 754 3840 Hippodamiam
784 3757 817 3821 in
842 3757 1085 3822 matrimonium
1118 3755 1279 3839 accepisse
1308 3754 1450 3819 carmine
1480 3753 1547 3817 (tr

266 3866 430 3949 praeclare
460 3867 578 3928 narrat.
625 3863 812 3947 Olympicos
842 3887 917 3928 vcro
947 3864 1039 3928 ludos
1067 3861 1240 3927 Herculem
1263 3860 1396 3925 heroem
1421 3860 1547 3924 deuicto

357 4132 382 4193 1)
401 4128 474 4180 Nam
490 4128 650 4198 olympicos
666 4147 776 4198 quoque
790 4130 871 4183 ludos
886 4128 954 4184 oliui
968 4144 1018 4200 pro
1033 4126 1197 4181 funebribus
1213 4125 1326 4180 habitos
1348 4143 1408 4181 esso
1423 4127 1546 4181 ostendit

271 4199 422 4269 Pelopiam,
443 4199 461 4253 i.
479 4218 501 4253 e.
517 4199 628 4270 Pelopis
648 4201 806 4270 sepulcrum
824 4201 855 4253 in
873 4201 966 4253 inedia
984 4199 1045 4254 Alti
1064 4198 1211 4268 Olympica
1230 4199 1325 4253 situm.

358 4292 386 4351 ⁴2)
406 4286 496 4342 Schol.
512 4286 592 4342 Pind.
614 4292 644 4342 0.
663 4308 711 4341 ain
726 4294 759 4341 45
784 4292 811 4341 ct
836 4288 864 4341 in
889 4287 1094 4342 introductione
1118 4288 1284 4342 Nemeorum
1305 4308 1333 4358 p.
1354 4295 1405 4341 425
1421 4289 1469 4342 Bo.
1507 4288 1546 4340 De

271 4357 382 4413 funebri
407 4359 502 4412 indole
526 4359 583 4427 apii
608 4362 703 4413 confer
722 4359 794 4413 l'lut.
810 4359 880 4412 Tira.
896 4366 929 4412 ⁸26
949 4363 978 4413 et
996 4363 1103 4427 quaest.
1124 4376 1202 4415 crona.
1217 4379 1233 4412 v
1249 4366 1273 4428 3,
1288 4368 1313 4414 2.
1354 4360 1434 4424 Quod
1453 4362 1548 4412 autern

267 4431 380 4485 Nemeie
406 4430 498 4497 viridi,
521 4431 645 4484 Isthrniis
666 4431 739 4484 sicco
763 4431 828 4501 apio
852 4430 895 4482 nsi
919 4446 979 4483 esse
1003 4430 1141 4495 dicuntur,
1164 4432 1217 4484 hoc
1242 4449 1275 4486 ex
1294 4431 1455 4485 discrimine
1475 4434 1544 4483 teni-

267 4503 396 4573 pestatis,
416 4518 473 4570 qua
491 4501 602 4569 utrique
620 4503 680 4555 ludi
700 4503 865 4572 agebantur,
884 4500 1080 4569 explicandum
1099 4520 1159 4557 esse
1178 4503 1297 4559 ridetur.

356 4594 383 4662 3)
402 4591 494 4647 Schol.
509 4592 588 4645 Pind.
604 4611 631 4661 p.
647 4598 706 4646 514.
743 4592 817 4646 Plut.
833 4596 933 4659 quaest
956 4607 1033 4646 conv.
1049 4610 1066 4643 v
1081 4598 1105 4657 3,
1122 4600 1144 4646 1.

356 4688 383 4752 4)
402 4682 549 4735 Praeterea
571 4681 686 4734 Heraeis
701 4681 813 4751 Argivis
827 4680 964 4734 victorum
983 4684 1110 4751 tempora
1128 4686 1238 4752 myrtea
1257 4701 1359 4737 corona
1373 4682 1466 4735 cincla
1486 4698 1545 4734 csse

266 4753 353 4807 refert
371 4753 458 4807 schol.
474 4753 505 4808 Ο,
522 4772 558 4805 vn
573 4758 614 4806 83.
652 4751 746 4805 Etiam
771 4751 845 4805 ludis
869 4752 1005 4822 Epidauri
1028 4760 1056 4808 et
1080 4754 1258 4825 Megarorunr
1281 4758 1404 4825 myrteas
1428 4769 1544 4807 coronas

266 4825 328 4881 dari
347 4826 489 4897 significat
507 4824 645 4878 Pindarus
666 4824 684 4879 l.
701 4842 747 4876 vni
764 4830 805 4879 17.
