3406 5378
261 280 304 344 90
730 282 879 333 ΡΙΝΒΑΒΙ
896 282 1063 334 EPINIGIA.

259 449 412 508 faciendae
436 449 523 526 quasi
546 449 744 527 praeluderct,
767 448 889 525 perinde
913 451 1005 525 atque
1025 447 1170 508 Horatius
1189 465 1357 507 carmcn1v
1376 459 1392 506 6
1411 449 1536 507 carmini

262 538 408 597 saeculari
431 538 606 614 praeludere
629 538 735 598 voluit.
781 537 866 607 Quod
890 540 992 597 autem
1014 537 1228 615 Agesidamum
1250 539 1340 613 poeta
1362 557 1388 596 v.
1409 549 1441 595 11
1462 536 1536 596 allo·

261 628 378 705 quitur,
407 628 462 686 hoc
489 627 587 704 lepide
617 627 800 687 Schmidtius
824 628 867 686 ita
890 628 1113 703 interpretatur,
1136 630 1173 684 ut
1195 626 1250 684 hoc
1274 644 1392 684 carmen
1415 629 1535 702 poetam

260 720 415 793 tamquam
434 716 601 794 epistolam,
621 735 681 793 qua
700 734 784 775 suam
808 735 929 792 operam
951 715 1149 792 promitteret,
1167 714 1274 774 victori
1297 715 1412 774 misisse
1436 715 1535 776 ducat.

350 805 473 864 Summa
505 805 645 865 carminis
677 808 738 884 est,
770 805 877 865 victori
909 805 1038 864 carmine
1070 806 1226 881 tamquam
1258 804 1382 882 pignore
1414 804 1535 863 futurae

262 894 376 971 gloriae
404 913 479 970 opus
507 913 582 973 esse,
611 913 702 972 seque
733 897 874 971 paratum
901 912 976 972 esse,
1007 897 1042 952 ut
1069 894 1163 953 Musis
1191 893 1405 952 adiuvantibus
1431 894 1537 973 Agesi-

258 984 346 1043 damo
370 984 531 1060 epinicium
555 987 676 1061 pangat.

803 1118 848 1185 Dc
868 1119 991 1188 metris.

349 1250 496 1310 Carminis
527 1251 617 1310 huius
648 1250 804 1311 mediocris
834 1252 951 1311 numeri
981 1259 1101 1329 quoque
1131 1253 1202 1309 sunt
1231 1251 1371 1329 vulgares
1403 1250 1536 1326 dactylo-

262 1340 413 1418 epitritici.
457 1340 603 1416 Strophae
625 1359 729 1402 versus
753 1340 877 1418 quintus
900 1344 931 1400 et
954 1344 1064 1418 sextus,
1088 1339 1175 1415 epodi
1198 1339 1312 1415 primus
1336 1342 1367 1398 et
1389 1340 1537 1400 sccundus

259 1450 332 1489 num
351 1430 381 1488 in
400 1429 535 1508 singulas
552 1430 690 1505 periodos
713 1430 914 1509 coniungendi
936 1430 1005 1508 sint,
1028 1430 1059 1487 in
1083 1432 1147 1487 tarn
1169 1428 1253 1488 brevi
1275 1427 1405 1487 carmine
1428 1428 1535 1487 diiudi-
1565 1420 1567 1426 ’

261 1520 323 1579 cari
350 1519 463 1595 nequit.
510 1518 595 1589 Quod
624 1522 726 1578 autem
754 1519 909 1595 dactylicis
937 1519 1010 1579 colis
1038 1518 1127 1578 solito
1151 1517 1404 1593 frequentioribus
1427 1517 1459 1575 in
1481 1517 1538 1577 hoc

261 1608 390 1668 carmine
413 1610 503 1683 poeta
526 1625 599 1666 usus
622 1611 676 1686 est,
699 1611 735 1666 ut
757 1629 794 1667 ne
817 1609 848 1666 in
871 1608 930 1668 fine
954 1609 1075 1686 quidem
1098 1607 1288 1683 stropharum
1308 1606 1345 1665 iis
1365 1606 1537 1684 abstineret,

263 1698 319 1757 hoc
343 1717 378 1756 ex
400 1697 526 1756 iuvenili
550 1699 649 1756 aetate
672 1701 704 1756 et
725 1697 848 1757 victoris
872 1701 902 1757 et
924 1700 1030 1774 poetae
1054 1696 1261 1772 explicandum
1281 1715 1344 1755 csse
1362 1699 1445 1772 puto.
1483 1695 1538 1754 Ce-

263 1791 361 1847 terum
385 1786 410 1844 si
434 1785 502 1863 quis
525 1787 555 1844 in
578 1805 689 1862 pompa
706 1786 762 1845 hoc
780 1804 898 1846 carmen
919 1787 1079 1846 recitatum
1099 1805 1161 1846 esse
1180 1787 1313 1845 statuere
1331 1785 1427 1863 malit,
1450 1785 1538 1845 facilc

262 1876 399 1935 inanium
422 1881 590 1952 temporum
613 1874 773 1935 intervalla
796 1874 917 1935 definire
940 1875 1058 1952 poterit.

348 2064 465 2132 Ἔστιν
489 2065 682 2152 ἀνθρώποις
705 2064 836 2150 άνίμων
859 2067 911 2131 ὅτε
934 2069 1069 2131 πλείστα
1369 2068 1449 2149 Στρ.

351 2183 482 2257 χρῆσις,
506 2175 596 2238 ἔστιν
620 2171 651 2238 δ’
677 2173 845 2256 οὐρανίων
868 2172 1015 2254 ὑδάτων,

350 2281 499 2365 ὀμβρίων
520 2282 651 2345 παίδων
675 2279 823 2365 νεφέλας.

349 2389 380 2451 εί
402 2383 438 2452 δὲ
462 2390 525 2452 σὺν
547 2390 639 2474 πόνῳ
663 2409 713 2463 τις
736 2382 773 2451 εὖ
796 2386 941 2473 πράσσῃ,
964 2386 1159 2471 μελιγάρυες
1181 2386 1281 2469 ὕμνοι

297 2512 313 2557 o
351 2493 499 2577 ὑστέρων
522 2492 606 2579 ἀρχά
630 2496 738 2575 λόγων

351 2600 495 2666 τίλλεται
519 2598 573 2664 καὶ
596 2600 715 2664 πιστὸν
738 2601 853 2686 ὅρκιον
875 2600 1031 2684 μεγάλαις
1054 2599 1193 2683 ἀρεταῖς.

351 2796 544 2881 ἀφθόνητος
566 2793 598 2859 δ’
624 2789 718 2871 αἶνος
738 2793 1002 2879 Ὀλυμπιονίκαις

352 2900 448 2979 οὗτος
472 2904 627 2985 ἄγκειται.
672 2903 713 2965 τά
735 2898 795 2986 μὲν
818 2901 958 2986 ἁμετέρα

353 3015 484 3092 γλῶσσα
507 3012 695 3092 ποιμαίνειν
719 3007 839 3073 ἐθέλει·

283 3135 315 3181 ro
353 3115 387 3179 ἐκ
411 3121 495 3179 θεοῦ
519 3113 551 3180 δ’
576 3114 660 3201 ἀνὴρ
684 3127 805 3199 σοφαῖς
827 3115 928 3189 ἀνθεῖ
948 3118 1169 3203 πραπίδεσσιν
1191 3117 1325 3200 ὁμοίως·
1490 3131 1522 3179 10

335 3327 417 3364 vanu
435 3326 538 3362 sncrro.
566 3307 651 3362 lnscr.
679 3311 716 3380 τῷ
736 3308 811 3380 αὐτῷ
829 3305 911 3372 τόκος
927 3309 1020 3363 ΑΒΙ)
1042 3342 1069 3350 -
1091 3317 1115 3365 3,
1134 3312 1199 3380 post
1218 3306 1340 3381 ὀμβρίων
1354 3307 1403 3362 vul
1424 3306 1539 3362 ointcr·

263 3380 451 3452 pungebatur,
469 3382 535 3449 post
553 3378 665 3433 ὑδάτων
682 3395 791 3433 comma
809 3379 969 3449 ponendum
989 3398 1050 3436 esse
1068 3382 1178 3436 monuit
1190 3378 1381 3435 Wilamowitn
1434 3378 1460 3434 d.
1475 3377 1540 3433 lect.

263 3454 331 3508 Gott
347 3450 461 3523 1889l90
496 3467 568 3506 .o—
579 3456 604 3504 4.
619 3448 697 3523 πόνῳ
712 3450 791 3505 codd.
807 3453 836 3504 et
850 3451 950 3505 schol:
965 3448 1063 3525 μόχθῳ
1077 3454 1219 3506 Hermann
1230 3484 1262 3492 —
1272 3449 1383 3522 πράσσῃ
1397 3450 1541 3519 Hartung:

262 3523 382 3593 πράσσοι
401 3523 461 3575 AB
500 3566 507 3588 ‚
533 3522 666 3590 πράσσων
686 3521 719 3588 0,
744 3520 863 3588 πράσσει
885 3522 981 3592 Hcyne
1008 3555 1040 3563 —
1067 3521 1215 3594 μελίγαρνς
1238 3522 1341 3578 omisso
1367 3521 1450 3590 ὕμνοι
1468 3519 1540 3576 coni.

263 3593 452 3651 Wilamowitz
471 3592 488 3646 l.
503 3591 531 3661 l.,
550 3590 698 3663 μελίγαρνς
717 3593 801 3661 ἀοιδή
820 3593 890 3648 coni.
907 3593 1033 3662 Schmid;
1057 3595 1121 3649 vide
1144 3595 1255 3649 antistr.
1276 3625 1309 3634 -
1329 3599 1353 3649 5.
1373 3592 1447 3662 ἀργὰ
1464 3593 1492 3646 Α
1512 3594 1542 3645 et

264 3667 366 3723 schol:
385 3665 470 3736 άργαλ
488 3664 612 3720 ΒΟΒΕ
629 3697 665 3705 -
684 3671 708 3719 8.
728 3664 855 3735 ἄγκειται
869 3666 952 3736 Βμε.ι
972 3664 1093 3735 ἔγκειται
1112 3665 1281 3731 ΑΒΟΙ)Ε;
1300 3665 1335 3720 cf.
1351 3664 1382 3719 0.
1397 3682 1448 3718 xm
1461 3678 1487 3718 ει
1507 3694 1540 3702 -

263 3745 287 3795 9.
307 3735 481 3807 ποιμαίνεινι
500 3734 665 3804 πορσαίνειν
684 3735 755 3791 coni.
775 3736 883 3791 Hcclrer
904 3767 934 3776 -
955 3741 997 3791 10.
1017 3735 1118 3806 ὁμοίως
1136 3754 1170 3792 ex
1188 3735 1303 3791 scholiis
1322 3739 1388 3790 rest.
1406 3733 1542 3790 Leutsch:

264 3810 336 3882 ὅμως
354 3804 394 3864 ὦν
415 3808 512 3876 ONO,
536 3826 589 3864 om.
609 3809 749 3874 ABDE,
774 3806 849 3862 ἐσαεὶ
868 3809 934 3862 ante
952 3811 1139 3876 πραπίδεσσιν
1158 3809 1223 3863 add.
1238 3807 1344 3862 Moech.
1359 3804 1458 3874 Trici,
1476 3807 1542 3876 post

263 3879 451 3951 πραπίδεσσιν
466 3880 530 3935 add.
542 3880 629 3935 ἐσαιεὶ
643 3878 735 3950 Bergk
745 3879 766 3948 ¹3
781 3878 881 3936 schol:
895 3878 968 3934 κατὰ
982 3878 1014 3934 δὲ
1029 3881 1161 3953 βούλησιν
1176 3876 1310 3949 δαίμονος
1323 3877 1389 3942 ἴσως
1402 3879 1451 3932 καὶ
1465 3877 1541 3949 αὐτῷ

334 4041 524 4078 commissu.
560 4040 586 4076 v.
607 4027 683 4076 1-5.
703 4020 738 4076 cf.
753 4020 787 4075 N.
802 4039 834 4073 111
848 4037 874 4088 ος
902 4022 992 4076 forma
1016 4022 1183 4077 elocutionis
1208 4020 1345 4093 prooemii
1371 4019 1472 4074 similis
1499 4021 1544 4072 cst

263 4099 349 4164 atquc
368 4094 521 4165 fragmenti
540 4110 579 4148 rso
598 4125 630 4133 -
651 4099 675 4148 6.
694 4092 827 4147 τέλλεται·
848 4091 991 4147 schemate
1008 4093 1158 4148 Pindarico
1178 4093 1350 4163 singularem
1368 4109 1418 4162 pro
1438 4089 1543 4162 plurali

263 4170 429 4236 usurpatum
444 4165 543 4219 dicunt
556 4167 591 4234 (v.
607 4164 643 4217 ad
658 4164 689 4219 Ο.
704 4184 754 4218 ναι
768 4167 798 4232 ε),
814 4163 864 4217 scd
877 4163 931 4217 hoc
949 4164 1011 4219 loco
1030 4164 1182 4236 singularis
1201 4164 1288 4232 vorbi,
1308 4181 1371 4217 cum
1390 4163 1428 4217 ad
1447 4162 1542 4232 singu·

265 4237 354 4292 larem
372 4236 531 4306 praedicati
550 4234 623 4306 ἀρχά
641 4235 738 4290 referri
756 4235 860 4305 possit,
883 4234 997 4289 facilem
1016 4237 1225 4292 excusationem
1243 4233 1371 4290 admittit
1390 4266 1423 4275 -
1442 4234 1544 4288 πιστὸν

264 4307 361 4378 ὅρκιον
380 4306 477 4377 hymni
495 4307 548 4361 hoc
566 4305 641 4375 loco,
665 4310 696 4360 ut
718 4307 811 4360 πιστοὶ
834 4315 971 4375 χορευτᾶν
994 4306 1130 4378 μάρτυρες
1148 4308 1237 4363 tibiae
1256 4308 1286 4362 P.
1301 4325 1341 4360 xn
1358 4321 1384 4361 ιι
1403 4305 1545 4373 dicuntur,

264 4380 340 4449 quod
358 4381 505 4446 tamquam
522 4377 608 4431 iurati
626 4381 714 4432 testes
732 4394 851 4448 magnas
869 4376 989 4433 virtutes
1008 4379 1145 4434 victorum
1164 4379 1330 4451 praedicant
1350 4409 1382 4418 -
1403 4383 1427 4433 l.
1447 4373 1544 4446 ἀφθό·

265 4470 348 4520 νητος
365 4451 419 4504 hoc
437 4448 499 4503 loco
519 4448 593 4502 idem
613 4448 690 4503 valet
711 4449 788 4517 quod
811 4448 954 4520 ἄφθονος,
980 4450 1104 4505 invidiae
1127 4469 1239 4523 expers,
1265 4450 1374 4520 largus,
1401 4447 1545 4503 difficilior

266 4526 309 4577 est
327 4537 413 4575 causa
432 4520 647 4590 significationis
665 4519 748 4575 huius
763 4520 896 4575 vocabuli
911 4520 942 4575 0.
957 4541 1007 4575 xm
1021 4538 1055 4588 ro,
1069 4540 1126 4590 qua
1141 4524 1176 4578 dc
1190 4541 1219 4577 re
1234 4539 1284 4576 suo
1298 4521 1360 4575 loco
1376 4519 1544 4573 disseremus

268 4626 299 4634 -
321 4598 345 4647 8.
366 4592 493 4662 ἄγκειται
512 4590 641 4645 laudatio
664 4594 811 4661 tamquam
834 4608 945 4646 sacrum
969 4593 1116 4648 donarium
1134 4598 1179 4650 ost
1195 4592 1295 4649 virtuti
1313 4591 1429 4648 victoris
1449 4606 1545 4644 conse·

265 4668 375 4719 oratum
395 4696 427 4704 -
447 4663 481 4717 τὰ
501 4661 563 4735 μέν·
583 4666 713 4717 neutrum
732 4664 769 4718 ad
787 4662 975 4718 masculinum
994 4660 1076 4720 αἶνον
1095 4666 1207 4737 poetica
1220 4663 1337 4719 licentia
1351 4662 1473 4718 relatum
1488 4663 1545 4729 est3

265 4737 299 4793 cf.
315 4737 347 4793 P.
364 4756 391 4790 vr
411 4754 434 4792 ιι
455 4768 491 4776 -
514 4740 555 4790 10.
580 4734 609 4789 in
633 4735 704 4790 libro
730 4734 883 4805 archetypo
908 4736 1047 4807 scriptura
1073 4737 1102 4792 in
1127 4739 1181 4792 fine
1206 4753 1303 4792 versus
1328 4735 1370 4789 ita
1396 4732 1544 4789 delituisse
