3406 5378
725 374 857 426 ΡῩΤΗῙΑ
875 376 910 427 11.

234 540 320 622 μόνα
342 533 398 601 καὶ
420 539 539 621 μόνον,
562 534 633 601 οὔτ’
659 535 696 602 όν
719 535 776 602 ἀν-

278 645 377 730 δροίσι
400 646 610 730 γερασφόρον
633 642 704 708 οὔτ’
720 685 734 692 -
749 642 785 708 όν
807 650 899 709 θεῶν
920 647 1048 728 νόμοις·

234 753 293 816 τὸν
316 750 457 835 ὀνύμαξε
480 763 645 836 τραφοῐσα
669 749 891 836 Κένταυρον,
914 750 951 828 δς

181 877 215 923 45
235 859 363 923 ἵπποισι
388 858 683 941 Μαγ-νιχτίδεσσιν
707 856 856 942 ἐμίγνυτ’
882 857 918 922 ἐν
937 899 951 908 -
970 863 1100 924 Παλίου

235 977 391 1051 σφυροῖς,
415 964 450 1029 ἐκ
474 963 505 1030 δ’
531 963 698 1047 ἐγένου-το
721 967 860 1047 στρατὸς

234 1074 442 1158 θαυμαστός,
466 1070 665 1157 ἀμφοτέροις

235 1180 343 1264 ὁμοῖοι
367 1187 512 1259 τοκεῦσι,
535 1179 576 1243 rol
598 1181 768 1263 ματρόθεν
790 1175 851 1263 μὲν

279 1288 381 1370 κάτω,
404 1288 445 1351 τὰ
468 1284 500 1350 δ’
524 1286 652 1371 ὕπερθε
674 1288 805 1370 πατρός.

235 1484 315 1560 θεὸς
337 1484 426 1547 ἅπαν
449 1480 500 1547 ἐπὶ
523 1484 712 1548 ίελπίδεσσι
736 1480 857 1569 τέκμαρ
880 1483 1031 1568 ἀνύεται,
1253 1491 1332 1572 Στρ.
1357 1484 1399 1569 γ’.
1423 1503 1457 1550 9ο

183 1607 216 1654 σο
235 1593 328 1673 θεός,
351 1589 369 1653 δ
392 1587 448 1654 καί
470 1589 636 1676 πτερόεντ’

280 1698 391 1762 αίετὸν
413 1701 497 1780 κίχε,
520 1696 574 1762 καλ
597 1703 779 1764 θαλασσαῖ-

279 1828 320 1869 ον
342 1807 576 1889 παραμείβεται

235 1913 389 1995 δελφῐνα,
411 1909 466 1976 καλ
489 1911 689 1997 ὑψιφρόνων
712 1911 776 1978 τιν’
802 1915 940 1997 ἔκαμ-ψε
962 1915 1109 1998 βροτῶν,

238 2016 378 2101 ἑτέροισι
402 2015 438 2082 δὲ
461 2020 563 2095 κῦδος
586 2018 734 2105 ἀγήραον
755 2018 931 2105 παρέδωκ’.
978 2017 1031 2104 ἐμὲ
1056 2017 1091 2084 δὲ
1115 2022 1221 2104 χρεὼν

237 2127 375 2210 φεύγειν
398 2125 498 2201 δοίκος
522 2125 639 2191 ἀδινὸν
664 2137 875 2212 κακαγοριᾶν.

236 2229 327 2297 εἶδον
350 2234 413 2318 γάρ
438 2230 512 2309 ἕκάς
535 2231 599 2298 ἐὼν
623 2232 758 2299 ταπόλλ’
784 2233 820 2299 ἐν
843 2234 1008 2321 ἀμαχανίᾳ

183 2358 215 2404 οὐ
235 2341 380 2425 ψογερὸν
400 2338 607 2425 Ἀρχίλοχον,

282 2449 482 2531 βαρυλόγοις
505 2487 519 2495 -
543 2450 678 2530 ἔχθεσιν

235 2557 463 2638 πιαινόμενον·
487 2556 524 2618 τὸ
548 2559 649 2618 πλου-

281 2673 351 2725 τεῖν
373 2657 409 2724 δὲ
433 2663 497 2726 σὺν
520 2662 602 2747 τύχα
625 2665 752 2745 πότμου
776 2666 897 2745 σοφίας
920 2664 1064 2747 ἀριστον.

253 2845 295 2891 43.
315 2836 435 2906 ἀνδράσι
453 2838 532 2893 DE:
552 2839 728 2906 ἀνθρώποισι
752 2838 775 2892 0
791 2868 824 2877 —
843 2844 885 2892 44.
906 2837 1025 2908 όνύμαζε
1046 2838 1119 2893 0-
1137 2845 1277 2906 τραφοῑσα
1299 2836 1403 2892 Mosch.
1424 2870 1459 2877 -

183 2915 224 2963 49.
244 2908 350 2978 τέκμωρ
366 2910 389 2961 0
405 2940 438 2948 -
459 2915 501 2963 50.
520 2910 569 2962 καί
582 2925 635 2963 om.
652 2911 681 2964 D
700 2941 732 2948 -
753 2914 795 2964 53.
815 2907 989 2979 κακαγορίαν
1004 2909 1117 2964 Schmid
1133 2940 1165 2948 -
1182 2914 1223 2962 54.
1244 2908 1274 2962 ἐν
1293 2929 1356 2979 μαχ.
1376 2909 1407 2963 D
1426 2942 1457 2949 —-

183 2986 225 3033 55.
245 2977 409 3052 βαρυλόγοις
428 2981 510 3051 Βμσ.;
530 2978 726 3053 βαρυλόγοισιν
746 2981 803 3035 01)
822 3012 855 3020 -
875 2987 916 3034 tt.
935 2980 1044 3051 πότμου
1063 2977 1165 3050 σοφίας
1182 2977 1208 3033 τ’
1227 2979 1297 3034 coni.
1313 2980 1406 3051 Bergk
1425 3013 1458 3020 -

255 3127 296 3176 46.
318 3119 446 3192 ἐγένοντο
466 3121 592 3190 στρατός·
612 3126 754 3177 structura
773 3141 858 3191 quam
876 3123 975 3177 dicunt
992 3122 1064 3177 κατὰ
1084 3122 1207 3178 σύνεσιν·
1228 3122 1345 3191 στρατὸς
1363 3126 1459 3178 antem

183 3193 238 3261 hic,
257 3198 289 3246 ut
307 3210 391 3262 saepe
410 3210 428 3246 a
449 3194 485 3246 ud
505 3193 656 3247 Pindarum
675 3198 712 3263 (v.
728 3194 758 3248 Ο.
774 3213 792 3247 v
807 3198 850 3264 ιι),
869 3211 925 3248 non
944 3194 1109 3263 exercitum,
1129 3194 1178 3247 sed
1196 3194 1332 3265 populum
1351 3195 1459 3265 signifi-

183 3267 231 3318 cat
245 3298 278 3303 —
293 3269 335 3318 48.
351 3285 422 3333 ματρ
464 3283 494 3318 εν
508 3264 588 3318 iuxta
605 3264 711 3333 πατρός
728 3265 787 3318 vim
805 3265 929 3348 genetivi
948 3266 1046 3334 habet3
1067 3266 1101 3320 cf.
1117 3266 1148 3321 Ο.
1164 3284 1202 3318 vn
1216 3284 1240 3320 -ιι
1256 3298 1292 3305 -
1306 3271 1348 3321 tu.
1364 3282 1459 3320 veram

183 3353 244 3390 esse
267 3336 395 3390 fabulam
418 3336 452 3389 da
475 3336 541 3390 Iove
566 3336 750 3406 cupiditatem
775 3337 878 3390 Ixionis
902 3337 1053 3392 frustrante
1078 3340 1106 3390 et
1128 3337 1262 3406 puniente
1280 3340 1366 3407 poeta
1385 3354 1458 3391 com·

183 3408 286 3478 probat
304 3424 413 3461 summa
433 3407 506 3461 Iovis
524 3407 653 3478 potentia
672 3411 701 3461 et
718 3407 875 3463 maiestate.

253 3485 295 3533 49.
315 3497 332 3533 a
351 3479 488 3533 sabulosis
507 3479 545 3532 ad
562 3483 724 3550 praesentes
743 3496 787 3534 res
805 3479 892 3548 redit,
912 3497 992 3534 suam
1010 3496 1125 3533 causam
1144 3497 1207 3533 cum
1227 3479 1310 3534 laude
1329 3479 1458 3534 Hieronis

182 3550 301 3605 miscens
327 3583 360 3591 —
387 3550 433 3604 aa
459 3548 609 3619 ἐλπίδεσσι,
635 3551 786 3605 secundam
813 3569 892 3605 suam
917 3551 1103 3619 voluntatem3
1131 3551 1301 3605 contrarium
1320 3554 1363 3605 est
1381 3553 1459 3620 παρὰ

183 3622 282 3675 ἐλπίδα
301 3621 332 3677 O.
347 3642 396 3674 xm
411 3640 448 3691 ειη
469 3623 502 3676 cf.
519 3620 566 3676 ἐπ’
587 3623 654 3697 εὐχᾷ
674 3622 703 3677 P.
718 3642 746 3674 rx
760 3639 786 3676 aa
801 3656 833 3662 -
849 3629 891 3678 50.
911 3622 1011 3693 κίχε..
1031 3622 1255 3695 ,παραμείβεται
1270 3667 1275 3677 .
1292 3666 1298 3677 .
1315 3668 1320 3677 .
1337 3621 1457 3693 ἔκαμψε·

182 3693 211 3746 in
231 3694 371 3747 sententia
389 3693 515 3762 generali
538 3693 642 3748 aoristo
665 3693 795 3784 pnomico
820 3694 958 3763 simulque
981 3694 1124 3764 praesenti
1148 3694 1246 3749 Graeci
1271 3696 1400 3761 utuntur3
1424 3693 1458 3748 cs.

183 3765 217 3818 N.
233 3784 264 3816 m
278 3784 304 3819 so
323 3798 356 3805 —
377 3772 418 3820 51.
438 3766 491 3834 ύψι
516 3764 606 3834 ρόνων
624 3786 690 3834 τιν,
709 3782 765 3819 non
784 3768 891 3819 certum
910 3765 1033 3834 aliquem
1059 3765 1223 3834 superbum,
1248 3765 1298 3818 sed
1321 3783 1407 3818 unum
1431 3768 1460 3819 et

183 3835 315 3903 alterum,
341 3840 373 3889 ut
398 3835 466 3890 olim
524 3838 629 3906 ionem,
655 3854 729 3890 nunc
747 3837 929 3900 Anaxilanm;
952 3837 985 3891 cf.
1006 3836 1104 3891 N.rcr
1124 3869 1156 3875 —
1177 3843 1219 3890 52.
1245 3835 1291 3917 ἐμὲ
1316 3835 1346 3889 δὲ
1371 3838 1459 3906 χρεών

182 3912 237 3962 κτλ.
258 3908 379 3962 transitu
405 3908 441 3962 fri
463 3908 509 3962 'do
537 3908 675 3962 Pindarus
701 3909 803 3977 utitur,
828 3912 859 3961 ut
878 3925 895 3961 a
914 3908 1013 3962 fabula
1039 3908 1074 3961 de
1097 3908 1196 3961 fraude
1222 3907 1325 3961 lxronis
1346 3909 1459 3961 adrem

182 3979 355 4048 propositam
379 3983 408 4034 et
424 3928 555 4034 liiironis
581 3980 695 4034 laudem
719 3997 748 4034 se
772 3983 896 4034 revocet:
923 3997 1004 4033 suum
1023 3996 1083 4033 esse
1103 3997 1202 4032 munus
1221 3978 1251 4030 in
1270 3978 1392 4032 carmine
1412 3995 1459 4032 en-

182 4050 281 4117 comio,
299 4055 399 4105 utnon
414 4070 489 4106 moro
505 4050 666 4105 Archilochi
680 4050 709 4104 in
724 4052 807 4105 rebus
824 4050 953 4121 turpibus
972 4051 1120 4104 narrandis
1139 4055 1168 4104 ot
1185 4048 1379 4119 vituperandis
1398 4067 1458 4104 ver-

183 4125 271 4188 setur,
298 4123 345 4176 sed
369 4123 398 4175 in
424 4123 505 4176 rebus
531 4123 675 4194 praeclare
701 4123 788 4194 gestis
814 4121 1019 4192 praedicandis.
1058 4122 1172 4176 Somnia
1197 4126 1264 4175 sunt
1289 4121 1458 4176 scholiastae

183 4193 275 4246 ubivis
295 4193 457 4247 inimicitias
476 4194 592 4248 Pindari
612 4197 641 4248 et
659 4195 831 4248 aemulorum
851 4194 910 4247 eius
930 4193 1087 4262 odorantis,
1114 4211 1176 4247 cum
1196 4194 1233 4246 ad
1252 4192 1339 4255 δάκος
1358 4192 1459 4247 ἀδινὸν

183 4264 311 4318 adnotet:
332 4261 481 4318 αἰνίττεται
500 4265 531 4319 δὲ
552 4267 591 4329 είς
612 4264 798 4335 Βακχυλίδην·
819 4267 864 4319 ἀεὶ
884 4265 936 4334 γὰρ
952 4265 1039 4318 αὐτὸν
1053 4270 1090 4336 τῷ
1102 4263 1206 4333 Ἰίρωνι
1221 4261 1356 4332 διέσυρεν.
1385 4264 1458 4318 Illud

183 4334 375 4402 verisimilius,
400 4338 512 4404 poetam
530 4337 642 4390 nomine
662 4345 836 4407 κακαγοριᾶν
855 4340 884 4390 et
903 4337 1029 4406 exemplo
1050 4336 1211 4391 Archilochi
1229 4339 1303 4390 tecte
1323 4335 1406 4389 simul
1430 4352 1458 4390 se

183 4407 332 4459 ‹lcfcndere
356 4410 453 4459 contra
475 4407 631 4460 calumnias
654 4424 762 4475 eorum,
787 4408 835 4477 qui
858 4425 922 4462 cum
945 4426 1008 4462 enm
1033 4424 1089 4460 non
1112 4407 1202 4461 solum
1222 4407 1389 4476 veridicum,
1408 4408 1458 4462 sed

183 4479 269 4530 etiam
284 4477 471 4531 conviciorum
487 4481 629 4532 amantem
644 4478 861 4548 insimulassent‚
877 4479 951 4549 regis
966 4478 1096 4532 Hieronis
1111 4480 1235 4533 animum
1251 4479 1287 4532 ab
1303 4495 1336 4533 eo
1351 4479 1458 4534 abalie-

182 4550 291 4602 nabant
310 4582 341 4588 —
366 4555 408 4601 56.
434 4550 465 4602 τὸ
490 4554 620 4603 πλουτεῖν
647 4549 678 4603 δὲ
705 4552 756 4604 σὺν
781 4552 850 4625 τύχᾳ
876 4554 983 4620 πότμου
1010 4548 1111 4619 σοφίας
1129 4550 1255 4620 ἄριστον·
1275 4549 1377 4619 σοφίας
1396 4568 1459 4604 cum

183 4625 320 4689 πλουτεῖν,
339 4619 446 4690 πότμου
465 4637 528 4674 cum
547 4621 616 4695 τύχᾳ
636 4621 860 4693 coniungendam
880 4628 931 4689 est,
951 4624 982 4674 ut
1002 4622 1142 4675 sententia
1161 4622 1265 4676 evadat
1283 4622 1398 4675 Pindari
1416 4622 1457 4676 fa-

182 4692 382 4760 miliarissima,
402 4710 539 4745 summum
558 4693 662 4746 bonum
681 4710 742 4747 esse
757 4693 919 4747 afluentiam
934 4710 1018 4763 opum
1033 4710 1096 4747 cum
1111 4693 1251 4763 sapientia
1266 4694 1457 4755 coniunctam

184 4764 259 4831 quod
277 4762 434 4818 Boeckhius
454 4763 567 4834 scripsit
587 4765 700 4834 πότμου,
720 4762 822 4833 σοφίας
841 4764 964 4833 ἄριστον,
983 4765 1111 4819 homines
1130 4765 1233 4818 divites
1249 4764 1388 4834 sapientia
1404 4776 1457 4821 (co-

183 4834 246 4908 φίᾳ)
264 4835 324 4889 fieri
342 4852 486 4905 perperam
506 4835 587 4904 ponit
608 4867 639 4874 ·-

1210 4925 1246 4978 9*
