3406 5378
818 1145 970 1196 ΠΤΘΙΟΝ,
991 1142 1031 1196 ς’.

430 1245 867 1393 ΞΕΝΟΚΡΑΤΕΙ
909 1307 1420 1391 ΑΚΡΑΓΑΝΤΙΝΩι

856 1503 997 1555 ΑΡΜΑΤΙ.

385 2915 565 2974 Xenocrates
584 2914 774 2973 Aenesidami
793 2913 872 2972 filius
892 2914 1107 2993 Agrigentinus
1133 2935 1168 2973 ex
1191 2915 1376 2975 nobilissima
1392 2919 1480 2992 gente
1499 2917 1568 2975 Dm·

297 3003 484 3063 menidamm
504 2997 545 3082 (v.
565 2996 605 3084 5),
624 3003 709 3062 cuius
727 3003 885 3062 victoriam
902 3003 1080 3079 Delphicam
1100 3003 1246 3079 Pythiade
1268 3007 1307 3063 24
1328 3031 1369 3052 =
1391 3007 1453 3065 494
1473 2997 1568 3085 (490)

297 3112 324 3152 a.
344 3091 409 3151 Chr.
430 3096 548 3168 partam
571 3092 626 3151 hoc
649 3111 767 3152 carmen
790 3096 913 3170 spectat,
937 3112 1088 3153 unacum
1111 3094 1203 3152 fratre
1227 3094 1370 3172 Therone,
1389 3094 1463 3153 duce
1481 3094 1569 3172 Agri·

298 3181 497 3260 gentinorum,
512 3181 541 3238 in
557 3181 708 3256 equestria
723 3184 753 3239 et
767 3181 885 3240 curulia
901 3182 1001 3241 studia
1019 3183 1152 3258 impense
1171 3182 1308 3242 incubuit
1326 3184 1495 3258 multasque
1509 3183 1569 3242 vic·

298 3270 390 3329 terias
409 3270 440 3328 in
459 3270 581 3330 ludicris
600 3269 812 3329 certaminibus
830 3271 1007 3347 reportavit,
1026 3272 1062 3330 cf.
1080 3272 1104 3331 I.
1124 3290 1147 3329 11
1166 3275 1197 3330 et
1215 3269 1286 3330 0.11
1306 3285 1339 3331 54
1354 3291 1397 3348 sq.
1419 3272 1570 3331 Direxisse

298 3364 399 3419 autem
422 3362 511 3435 poeta
534 3360 588 3419 hoc
612 3379 729 3419 carmen
749 3360 786 3418 ad
808 3359 903 3419 filium
927 3360 990 3418 eius
1010 3360 1230 3436 Thrasybulum
1250 3361 1376 3439 videtur,
1396 3362 1475 3438 quod
1494 3362 1519 3419 is
1539 3362 1569 3419 in

301 3448 424 3525 Pythice
448 3448 608 3508 certamine
633 3449 755 3528 aurigae
779 3469 899 3508 munere
923 3450 1044 3509 functus
1063 3454 1135 3509 erat.
1172 3450 1277 3508 Eidem
1296 3451 1481 3527 Thrasybulo
1501 3451 1570 3509 Pin·

300 3539 398 3613 daruS,
418 3556 478 3613 quo
497 3557 597 3596 amore
616 3537 734 3616 egregie
753 3539 907 3598 cordatum
922 3538 1059 3598 iuvenem
1073 3539 1317 3618 prosequebatur,
1333 3540 1494 3615 epinicium
1510 3540 1532 3598 I.
1548 3559 1569 3597 11

299 3632 330 3686 et
348 3626 469 3704 saulieu,
488 3627 573 3686 cuius
592 3627 793 3705 fragmentum
812 3620 1075 3708 illustre(fr.124)
1092 3631 1243 3686 servatum
1262 3633 1315 3697 est,
1334 3629 1447 3687 misisse
1466 3629 1570 3688 fertur.

299 3715 396 3786 Quam
423 3716 555 3793 antiquis
583 3720 683 3775 autem
712 3716 894 3792 temporibus
923 3716 1029 3776 Graeci
1058 3716 1176 3775 Siciliae
1204 3735 1273 3774 cum
1300 3717 1436 3794 Delphici
1466 3719 1571 3794 templi

300 3805 502 3865 sacerdotibus
521 3805 759 3864 familiaritatem
777 3806 987 3883 contraxerint,
1002 3806 1111 3864 titulus
1129 3808 1260 3865 testatur
1273 3806 1436 3881 Delphicus
1455 3826 1571 3867 saecvr

298 3892 526 3972 βουστροφηδὸν
549 3895 678 3970 scriptus
701 3898 732 3953 et
754 3914 772 3952 a
796 3895 971 3953 Selinuntiis
995 3894 1120 3971 positus,
1143 3895 1240 3969 quode
1264 3916 1290 3954 v.
1314 3896 1468 3972 Pomptow
1492 3897 1570 3956 Stzb.

299 3983 326 4040 d.
341 4003 383 4057 pr.
400 3983 455 4040 ek.
474 3986 556 4042 1887
577 4004 604 4059 p.
622 3994 672 4042 705
688 3986 718 4043 et
731 3983 871 4062 Beitrltgo
886 4004 938 4042 zur
952 3983 1160 4061 Topographie
1175 4003 1232 4044 von
1248 3985 1356 4061 Delphi
1375 3990 1457 4046 1889
1475 4007 1503 4062 p.
1521 3990 1571 4045 7‘2.

388 4072 422 4129 ln
453 4073 604 4147 prooemio
636 4076 726 4148 poeta
757 4092 788 4132 se
820 4072 908 4150 fingit
939 4077 1094 4149 tamquam
1127 4093 1220 4132 unum
1248 4094 1263 4132 e
1292 4075 1381 4135 choro
1414 4095 1572 4136 amoenum

300 4180 406 4238 agrum
426 4161 613 4238 Delphicum,
632 4162 741 4221 Veneri
760 4165 790 4220 et
809 4162 921 4221 Gratiis
945 4166 1158 4238 consecratum,
1181 4168 1389 4242 peragrantem
1414 4169 1444 4224 et
1466 4165 1496 4224 in
1520 4165 1571 4224 ho·

301 4269 402 4308 norem
421 4249 564 4309 victoriae
583 4251 757 4310 Xenocratis
776 4251 920 4326 hymnum
939 4251 1094 4328 dicentem,
1118 4252 1170 4328 qui
1197 4254 1379 4328 praeclarius
1402 4258 1433 4313 et
1458 4254 1572 4312 firmius

300 4338 414 4416 gloriae
442 4342 545 4414 partae
573 4343 800 4399 monumentum
827 4340 867 4399 sit
894 4360 985 4415 quam
1013 4341 1171 4400 thesaurus
1199 4341 1338 4401 imbrium
1368 4344 1492 4420 impetui
1521 4343 1571 4402 ob-

301 4426 407 4485 noxius
427 4418 552 4507 (1—18).
590 4428 756 4488 Victoriam
775 4429 864 4488 istam
883 4448 952 4488 cum
971 4430 1177 4506 Thrasybulus
1200 4431 1280 4489 filius
1304 4432 1426 4509 aurigae
1450 4452 1572 4490 munere

300 4516 428 4594 fungens
455 4516 535 4592 patri
562 4536 681 4592 parasse
710 4518 862 4595 videatur,
890 4522 980 4594 poeta
1004 4519 1035 4577 in
1057 4520 1216 4597 principali
1240 4526 1324 4595 parte
1348 4521 1487 4579 carminis
1509 4521 1571 4596 pie-

301 4608 394 4663 tatem
418 4604 473 4662 filii
495 4607 648 4680 praedicat
670 4627 799 4684 eumque
826 4611 986 4684 praecepta
1014 4609 1157 4684 sapie-ntis
1180 4610 1316 4667 Chironis
1344 4610 1448 4669 eximie
1472 4610 1572 4670 obser-

302 4713 372 4753 vare
396 4696 427 4752 et
449 4695 616 4770 exemplum
640 4697 805 4775 Antilochi,
830 4697 881 4774 qui
909 4696 989 4774 patri
1018 4697 1137 4755 Nestori
1160 4717 1353 4776 propugnans
1376 4702 1501 4758 mortem
1525 4718 1572 4758 oc-
