3406 5378
727 374 884 428 OLYMPIA
903 378 938 430 ΙΙ.

353 534 429 619 ῥοαὶ
453 535 485 601 δ’
510 535 622 602 ἄλλοτ’
647 539 743 602 ἀλλαι

353 643 520 727 εὐθυμιᾶν
542 668 576 709 τε
599 642 679 728 μέτα
702 644 757 710 καὶ
778 647 893 710 πόνων
916 645 949 722 ἐς
971 648 1096 731 ἀνδρας
1119 649 1207 730 ἔβαν.

263 848 320 913 (36)
356 838 443 903 οὕτω
472 835 508 902 δὲ
532 839 649 925 Μοῖρ’,
673 841 694 904 ἀ
716 865 749 906 τε
773 843 943 929 πατρώιον
1168 841 1233 907 Ἐπ.
1256 842 1300 926 β’.
1348 861 1381 907 oo

272 962 307 1009 40
353 943 453 1010 τῶνδ’
479 948 544 1029 ἔχει
567 947 627 1011 τὸν
649 947 702 1011 εὔ-

405 1076 516 1136 φρονα
538 1056 678 1139 πότμον,
700 1057 846 1139 osup-rs
870 1059 934 1121 σὺν
957 1059 1044 1143 ὄλβῳ

354 1157 409 1223 ἐπί
429 1183 461 1223 τι
483 1158 539 1224 καὶ
561 1158 642 1244 πῆμ’
667 1162 739 1243 ἀγει
762 1167 878 1227 παλιν-

405 1266 568 1352 τράπελον
590 1269 678 1354 ἀλλφ
702 1270 825 1356 χρόνῳ·

352 1371 384 1449 ἐξ
407 1368 510 1459 οὗπερ
534 1376 655 1438 ἔκτεινε
679 1379 773 1461 Λᾷον
795 1378 935 1460 μόριμος
957 1378 1030 1452 υίὸς

351 1484 610 1564 συναντόμενος,
633 1480 670 1545 έν
693 1478 729 1545 δέ
754 1485 900 1546 Πυθῶνι
923 1479 1070 1567 χρησθὲν

260 1594 316 1662 (ιο)
352 1590 563 1671 παλαίφατον
585 1586 744 1654 τέλεσσεν.

271 1800 306 1846 45
353 1784 462 1848 ἰδοῖσα
487 1782 518 1847 δ’
544 1782 622 1862 ὀξεῖ’
643 1783 796 1871 Ἐριννὺς
1153 1789 1233 1871 Στρ.
1256 1785 1300 1868 γ’.

351 1889 474 1974 ἔπεφνέ
493 1897 547 1955 fos
572 1894 636 1955 σὺν
659 1891 886 1979 ἀλλαλοφονίᾳ
908 1891 1003 1974 γένος
1025 1891 1156 1976 ἀρήιον·

350 2001 474 2081 λείφθη
497 1994 534 2062 δὲ
559 1996 772 2085 Θέρσανδρος
794 1997 939 2083 ἐριπέντι
963 2002 1125 2063 Πολυνεί-

402 2128 466 2187 κει,
490 2102 577 2181 νέοις
601 2103 637 2169 ἐν
660 2104 795 2182 ἀέθλοις

350 2210 387 2275 έν
409 2211 528 2296 μάχαις
550 2235 583 2276 τε
607 2211 752 2296 πολέμου

259 2328 315 2394 (to)
352 2320 547 2403 τιμώμενος,
567 2317 788 2405 Ἀδραστιδᾶν
811 2319 916 2396 θάλος
939 2318 1071 2405 ἀρωγὸν
1094 2319 1222 2403 δόμοις·

270 2443 304 2488 oo
350 2427 432 2491 ὅθεν
455 2424 640 2509 σπέρματος
663 2428 779 2508 ἔχοντα
802 2425 896 2510 ῥίζαν
918 2424 1032 2510 πρέπει

348 2533 407 2596 τὸν
431 2531 664 2615 Αίνησιδάμου

349 2637 521 2723 ἐγκωμίων
543 2662 577 2703 τε
600 2637 726 2723 μελέων
750 2644 855 2723 λυρᾶν
877 2662 912 2703 τε
935 2636 1147 2722 τυγχανέμεν.
1344 2654 1377 2701 85

248 2802 401 2811 ---—·--

259 2908 302 2957 37.
322 2901 350 2957 δ’
371 2904 398 2958 Β
405 2903 476 2958 OD:
495 2901 521 2956 τ’
542 2904 570 2958 Α
590 2935 621 2943 -
641 2908 684 2959 40.
704 2901 783 2958 τόνδ’
802 2904 840 2958 0¹
859 2935 891 2943 -
911 2908 954 2958 41.
974 2902 1055 2964 ἄλλος
1073 2899 1174 2971 χρόνος
1187 2900 1224 2955 Ai
1239 2933 1271 2941 -
1291 2906 1334 2954 42.
1352 2898 1468 2970 μόριμος

188 2973 283 3029 Trici:
303 2972 436 3044 μόρσιμος
454 2975 515 3029 AB
522 2974 590 3042 01),
608 2976 757 3043 utrumque
776 2978 933 3045 agnoscunt
952 2973 1038 3028 schol.
1063 3005 1096 3012 —
1119 2978 1162 3026 43.
1182 2973 1337 3042 σοναντώμ.
1359 2971 1415 3026 01>
1434 3004 1466 3011 -

188 3050 231 3098 44.
250 3042 375 3100 τέλεσσεν
393 3046 434 3100 B:
453 3043 562 3100 τέλεσεν
580 3046 668 3100 AOD
688 3078 721 3086 -
740 3051 783 3101 45.
803 3046 913 3115 ἔριννδς
931 3046 1068 3101 ABOD:
1088 3044 1180 3111 ἐρινὺς
1199 3045 1230 3099 Ε
1247 3076 1279 3083 -
1299 3049 1341 3098 46.
1361 3042 1467 3111 ἔπεφνε

187 3114 283 3170 Trici:
307 3113 398 3185 πέφνε
421 3116 540 3184 (πέφνεν
563 3120 602 3180 A)
624 3118 749 3172 ABGD
773 3150 805 3157 —
829 3123 871 3172 47.
898 3114 969 3171 νέων
994 3115 1066 3170 coni.
1086 3115 1254 3169 Herwerden
1280 3113 1468 3184 probabiliter

188 3218 220 3226 —
239 3192 282 3240 49.
299 3185 450 3256 Ἀδραστιδ
469 3186 566 3243 Trici:
583 3185 747 3256 Ἅδραστειδ.
767 3188 890 3243 ABOD
904 3222 936 3228 —
953 3186 1051 3257 δόμοιο
1070 3189 1098 3241 Α
1113 3219 1145 3226 -
1162 3192 1204 3242 60.
1226 3186 1325 3256 ἔχοντα
1344 3185 1466 3240 Aristar-

187 3258 255 3312 chus
274 3262 295 3328 (i
313 3278 339 3313 v.
360 3257 457 3327 schol.)
476 3260 506 3312 et
524 3259 725 3329 E²N¹P¹Q¹2
746 3258 837 3329 ἔχοντι
855 3260 1014 3314 ABGDE
1020 3259 1037 3326 ¹,
1056 3274 1142 3326 quam
1160 3257 1310 3312 lectionem
1328 3257 1466 3327 Didymus

185 3329 319 3399 probavit
335 3333 441 3400 puncto
460 3331 525 3400 post
543 3326 622 3400 ῥίζαν
640 3329 734 3399 posito
754 3363 786 3370 -
807 3337 848 3386 62.
863 3335 956 3399 λυρᾶν
975 3350 1049 3399 rou.
1069 3327 1174 3382 omisso
1191 3347 1222 3382 τε
1241 3330 1271 3383 D
1290 3361 1322 3368 -

186 3469 270 3526 ὁπότε
289 3472 354 3527 elici
373 3472 479 3541 nequit,
499 3488 586 3541 quare
601 3472 777 3541 ingeniosam
792 3477 820 3528 et
834 3472 947 3527 facilem
961 3472 1151 3527 coniecturam
1165 3469 1345 3524 Herwcrdeni
1359 3467 1465 3538 πότερα

185 3543 376 3614 recipiendam
396 3544 525 3598 duximus
545 3576 578 3583 -
598 3548 640 3598 38.
660 3543 768 3613 ἄνδρας
785 3546 838 3600 hoc
857 3545 918 3599 loco
937 3545 1013 3598 idem
1027 3543 1101 3613 quod
1116 3543 1288 3612 ἀνθρώπους
1307 3540 1475 3612 εἰςαὶίίοοτο

186 3618 279 3684 patet,
307 3632 380 3684 quae
403 3613 573 3687 significatio
599 3632 656 3670 non
683 3616 775 3670 solum
801 3617 877 3687 apud
904 3618 1004 3686 poetas
1032 3615 1176 3683 frequens,
1205 3613 1254 3668 sed
1282 3629 1317 3666 ne
1341 3629 1359 3665 a
1400 3629 1465 3666 rosa

205 3686 300 3740 uidem
323 3686 450 3741 oratione
474 3685 569 3740 aliena
591 3691 635 3741 est
659 3719 691 3727 -
715 3694 758 3742 41.
779 3687 852 3757 ἀρετ·
877 3704 912 3742 ne
936 3691 967 3741 tu
987 3687 1056 3756 ἄγεν
1075 3685 1271 3756 corrigendum
1290 3700 1351 3737 esse
1389 3700 1465 3752 ucas,

185 3704 274 3812 ieros
293 3757 386 3827 gentis
405 3757 633 3812 Emmenidarum
652 3761 685 3813 ut
702 3758 862 3829 praeteritis
880 3758 1063 3829 temporibus,
1083 3756 1123 3810 sic
1142 3756 1229 3810 etiam
1247 3771 1321 3809 nunc
1335 3755 1464 3808 secundis

184 3828 268 3882 rebus
287 3829 421 3883 adversas
441 3828 591 3897 admiscet3
615 3830 649 3885 of.
671 3829 701 3885 Ο.
721 3849 770 3883 mr
790 3846 828 3885 loo
848 3829 956 3901 δαίμων
974 3827 1120 3900 γενέθλιος
1143 3860 1176 3867 -
1200 3833 1243 3881 42.
1263 3824 1378 3896 μόριμος
1396 3824 1464 3892 οἰός,

185 3899 322 3970 Oedipus,
346 3901 395 3969 qui
414 3902 447 3954 ut
465 3901 622 3968 oraculum,
646 3901 722 3968 quod
745 3900 813 3954 olim
831 3900 900 3955 Laio
919 3901 994 3972 patri
1012 3899 1129 3970 Delphis
1149 3898 1256 3952 editum
1275 3900 1348 3964 erat,
1372 3900 1464 3950 ratum

183 3969 296 4039 faceret,
316 3971 398 4026 fatali
417 3972 446 4026 vi
465 3971 510 4026 vel
528 3972 635 4026 invitus
653 3972 773 4025 adactus
787 3976 831 4027 est
850 4005 883 4012 —
901 3979 944 4026 45.
965 3974 1057 4028 ἰδοῖσα
1076 3969 1104 4026 δ’
1126 3968 1194 4035 ὀξεῖ’
1210 3968 1294 4022 metri
1309 3985 1394 4023 ceusu
1413 3985 1464 4036 pro

184 4040 277 4095 ἰδοῖσα
292 4042 341 4108 ὀξὺ
356 4043 463 4098 dictum
482 4048 539 4110 est;
558 4043 680 4098 Iurenka
693 4044 816 4098 contulit
830 4044 907 4110 ὀξεῖα
922 4042 1053 4114 χρέμισαν
1067 4041 1150 4096 ίπποι
1163 4041 1229 4094 Hes.
1244 4042 1306 4092 scut
1320 4056 1371 4105 ταῖς
1392 4038 1465 4093 illud

184 4111 233 4177 όξδ
248 4113 316 4168 ἰδών
331 4130 365 4167 ex
378 4114 471 4184 prisco
486 4115 535 4180 ὀξὺ
549 4116 642 4169 fidius
656 4118 755 4169 natum
770 4119 821 4171 est.
850 4115 927 4170 Conf.
939 4114 1022 4184 Sopb.
1033 4114 1076 4169 Δί.
1087 4130 1127 4168 eso
1141 4112 1185 4166 &ei
1202 4110 1231 4165 δ’
1248 4110 1355 4177 δρώσας
1368 4108 1464 4165 πάντα

183 4185 236 4238 τάν
255 4186 364 4256 βροτοῖς
381 4184 464 4255 πάθη
484 4185 587 4256 σεμνὰς
602 4184 721 4255 Ἐρινῦς.
750 4187 853 4241 Furiae
871 4186 944 4241 filios
964 4184 1064 4254 Oedipi
1083 4183 1226 4238 Eteoclem
1245 4185 1275 4236 et
1292 4181 1463 4263 Polynicem,

184 4257 216 4308 ut
235 4271 264 4309 se
283 4255 403 4310 invicem
421 4257 625 4325 interficerent,
648 4275 710 4311 com
731 4257 817 4312 ulisse
836 4257 980 4327 dicuutur,
999 4255 1074 4325 quod
1093 4254 1239 4309 Furiarum
1259 4256 1321 4308 erat
1345 4253 1462 4322 impium

183 4326 309 4380 animum
330 4326 453 4383 filiorum
475 4346 543 4399 erga
565 4331 675 4399 patrem
724 4329 837 4399 edipum
860 4329 958 4383 ulcisci
978 4361 1011 4368 -
1030 4332 1064 4380 47
1084 4343 1119 4380 ss.
1139 4325 1355 4393 Tbersandrum,
1373 4324 1463 4378 filium

183 4397 324 4467 Polynicis
342 4401 372 4453 et
388 4399 466 4454 filiae
484 4400 608 4469 Adrasti,
628 4418 719 4470 aquo
738 4418 826 4483 genus
845 4400 960 4454 Adrasti
984 4399 1075 4454 denuo
1099 4396 1252 4468 pullulavit
1274 4395 1464 4467 (Ἀδραστιδᾶν

182 4468 295 4540 θάλος),
318 4473 348 4525 et
370 4471 562 4542 Epigonorum
587 4475 617 4526 et
641 4472 757 4526 Troiam
782 4472 850 4527 belli
874 4471 1043 4541 participem
1066 4469 1153 4524 fuisse
1177 4470 1306 4523 ferebant
1324 4470 1361 4537 (v.
1380 4467 1462 4522 Paus.

182 4544 594 4683 {irretietur
609 4541 1142 4684 „titienttithizttitt
1158 4539 1462 4665 &temeti

182 4684 233 4808 {ed
250 4684 311 4756 ipse
328 4684 450 4753 finxerit,
470 4688 502 4739 ut
520 4688 662 4740 auctorem
680 4687 775 4756 gentis
793 4686 897 4741 bellica
916 4690 945 4742 et
963 4685 1073 4739 ludicra
1091 4683 1176 4738 laude
1190 4681 1326 4738 Theronis
1342 4681 1462 4735 similem

194 4759 297 4812 sceret.

253 4832 296 4883 tt).
316 4829 416 4882 adres
435 4831 597 4898 praesentes
617 4828 698 4900 redit,
717 4829 836 4884 virtutes
855 4829 992 4885 Theronis
1013 4827 1129 4884 victoris
1147 4827 1302 4882 illustrans.
1323 4855 1355 4865 —

1209 4917 1248 4973 2*
