3406 5378
676 352 823 403 mannia
843 354 879 404 vr
900 352 955 423 [va
1390 352 1454 415 359

184 521 358 578 meditatum
389 539 451 578 esse
479 522 568 595 poeta
592 541 618 579 v.
640 531 655 578 7
679 519 803 596 iudicat,
832 523 946 580 aestate
973 520 1104 579 eiusdem
1133 521 1203 579 anni
1232 520 1339 597 agendi
1365 521 1454 581 insta·

182 609 261 667 bant.
304 609 409 684 Neque
433 614 533 668 tamen
553 608 693 685 Olympia
717 609 877 685 Lamponia
900 610 954 666 lilii
978 609 1121 687 vicerunt,
1145 629 1197 668 seu
1221 610 1334 669 bellicis
1359 610 1455 669 turbis

180 701 216 754 ut
238 699 273 754 de
298 698 421 756 consilio
445 698 621 757 desisterent
643 698 784 757 commoti
807 701 886 776 sunt,
910 717 962 757 seu
981 698 1078 775 finern,
1102 719 1192 774 quem
1214 699 1270 758 sibi
1294 718 1453 775 proposue-

179 789 259 864 rant,
284 806 342 845 non
366 787 541 865 attigerunt.

266 875 301 933 In
330 876 483 952 splendido
511 877 661 952 prooemio
690 878 844 934 Musarum
872 876 1051 935 carminibus
1079 896 1147 935 cum
1175 877 1292 952 poculis
1323 877 1453 937 convivii

178 964 316 1023 similiter
346 968 437 1041 atque
468 965 499 1022 in
527 965 584 1025 oda
607 964 704 1024 O.v11
727 965 920 1042 comparatu,
951 985 1028 1024 nuuc
1059 965 1147 1024 alteri
1177 965 1320 1025 victoriae
1349 966 1454 1026 domus

178 1052 339 1129 Lamponia
368 1073 398 1113 se
426 1053 520 1112 libare
550 1059 580 1112 et
607 1074 675 1113 mox
708 1054 799 1114 etiarn
832 1054 939 1113 tertiae
972 1055 1058 1130 eique
1091 1055 1197 1113 maiori
1230 1055 1396 1113 libaturam
1424 1075 1453 1115 se

177 1161 294 1218 sperare
325 1142 398 1201 dicit
425 1134 533 1222 (1-9).
580 1143 645 1202 Iam
672 1143 815 1202 felicitate
843 1143 1005 1218 Lamponia
1033 1143 1207 1220 praedicata
1235 1147 1265 1202 et
1288 1144 1345 1219 piis
1375 1144 1454 1203 votis

178 1251 232 1306 pro
266 1231 331 1289 eius
361 1233 458 1290 salute
489 1232 576 1291 factis
607 1225 741 1313 (lo-18)
772 1233 875 1292 statim
905 1231 943 1290 ad
975 1232 1006 1291 id
1039 1232 1160 1309 transit,
1193 1232 1273 1308 quod
1306 1233 1453 1311 Aeginam

178 1321 307 1380 insulam
331 1321 453 1380 obeunti
477 1321 534 1379 sibi
557 1322 698 1380 sollemne
722 1341 784 1381 esse
808 1321 860 1398 ait,
878 1324 915 1379 ut
932 1321 1059 1399 gloriam
1083 1321 1283 1380 Aeacidarum
1307 1325 1369 1379 tam
1392 1322 1454 1380 late

179 1409 329 1487 diffusam,
359 1413 395 1468 ut
422 1410 507 1469 nulla
533 1409 604 1469 urbs
635 1415 698 1469 tam
720 1410 847 1469 barbara
871 1410 923 1486 sit,
953 1429 1030 1486 quae
1054 1430 1114 1469 non
1137 1411 1172 1469 de
1196 1410 1285 1469 Peleo
1310 1415 1340 1469 et
1362 1410 1453 1470 Aiace

178 1503 208 1557 et
231 1499 390 1558 Telamone
422 1499 584 1575 audiverit,
611 1500 763 1575 praedicet
789 1491 933 1579 (lu-27).
979 1499 1024 1556 En
1053 1499 1156 1558 multis
1184 1502 1285 1558 autem
1308 1498 1396 1558 rebus
1416 1499 1453 1557 ab
1557 1516 1559 1519 ’

179 1588 317 1647 Aeacidis
340 1588 414 1648 bene
442 1588 534 1666 gestis
562 1607 653 1646 uuam
681 1592 771 1664 poeta
799 1588 907 1666 selegit
933 1588 1030 1647 fusius
1057 1589 1250 1665 narrandam,
1279 1587 1452 1647 societatem

179 1677 345 1755 Aeginetici
368 1677 465 1737 herois
490 1677 527 1735 ab
550 1677 678 1736 Hercule
703 1678 869 1754 quaesitam
893 1669 1037 1757 (rt—34).
1083 1677 1194 1752 Lepide
1225 1677 1319 1754 igitur
1349 1682 1452 1735 narrat

179 1766 346 1844 Herculem,
369 1787 436 1826 cum
460 1770 618 1826 coenantes
642 1766 805 1844 Aeginetas
828 1766 1022 1841 convenisset,
1045 1769 1181 1841 pateram
1204 1765 1267 1825 vini
1290 1765 1410 1841 plenam
1434 1786 1452 1824 a

178 1855 337 1915 Telamone
362 1856 494 1915 oblatam
518 1856 664 1932 accepisse
689 1858 720 1914 et
741 1855 880 1915 manibus
904 1854 942 1913 ad
965 1856 1081 1913 eaelum
1109 1855 1249 1930 sublatis,
1277 1860 1313 1912 ut
1340 1854 1451 1930 hospiti

177 1964 212 2002 en
231 1945 359 2004 Eriboea
377 1944 456 2004 filius
480 1944 632 2005 animosus
654 1949 867 2021 nascereretur,
890 1948 1044 2021 precatum
1068 1962 1140 2021 esse,
1164 1963 1223 2019 quo
1247 1944 1327 2002 facto
1350 1943 1451 2003 Iovem

178 2035 312 2092 faustum
327 2033 489 2111 augurium
505 2033 624 2109 aquilae
639 2025 766 2113 (αἰετοῦ)
781 2034 904 2109 misisse,
919 2053 954 2091 ex
970 2053 1028 2109 quo
1043 2032 1124 2091 filius
1143 2032 1265 2090 futurus
1281 2032 1451 2092 Telamonis

178 2142 284 2180 nomen
305 2122 436 2179 traheret
455 2114 597 2202 (aa-ac).
635 2122 700 2180 Hac
719 2123 822 2181 fabula
841 2126 964 2179 narrata
988 2122 1025 2179 ad
1048 2141 1094 2180 res
1118 2127 1297 2197 praesentes,
1322 2140 1451 2197 quarum

177 2229 268 2268 causa
292 2210 423 2268 adscitus
448 2214 525 2285 erat,
549 2210 626 2268 redit
648 2209 814 2285 laudatque
837 2210 1018 2285 Phylacidae
1042 2210 1235 2286 Pytheaeque
1264 2212 1393 2267 fratrum
1420 2213 1451 2269 et

177 2298 374 2373 lluthymenis
402 2297 543 2356 avunculi
571 2298 724 2373 victoriam
757 2298 884 2374 denique
913 2298 1004 2355 etiam
1037 2298 1193 2356 Themistii
1227 2299 1275 2357 avi
1308 2299 1451 2357 virtutem

178 2387 277 2463 tangit
301 2389 331 2445 et
353 2386 499 2462 prolixius
529 2387 691 2462 Lamponis
718 2386 814 2463 patris
837 2385 967 2444 filiorum
991 2386 1028 2443 ad
1052 2387 1262 2445 strenuitatem
1286 2386 1450 2446 institutio·

177 2495 252 2553 nem,
271 2476 518 2553 hospitalitatem,
537 2475 714 2534 modestiam
732 2476 809 2534 douo
828 2475 983 2533 Musarum
1002 2475 1039 2532 ad
1058 2475 1218 2534 Dircaeum
1238 2476 1351 2534 fontem
1369 2475 1450 2535 facto

176 2565 366 2643 persequitur
388 2557 531 2646 (od—75).

721 2663 765 2730 he
788 2663 910 2731 metris.

263 2780 334 2840 Tria
361 2780 494 2839 carmina
521 2780 552 2838 iu
580 2780 720 2839 honorem
748 2776 878 2836 filiorum
905 2777 1067 2852 Lamponis
1090 2777 1255 2855 Aeginetae
1284 2778 1451 2853 composita

175 2890 243 2928 cum
267 2870 367 2928 omnia
390 2867 682 2945 dactylo-epitriticis
704 2867 839 2926 versibus
863 2869 1015 2942 constent,
1039 2866 1094 2924 hoe
1117 2884 1235 2925 carmen
1258 2869 1294 2924 ut
1318 2874 1450 2942 tempore

176 2959 304 3018 medium
334 2962 391 3036 est,
419 2958 464 3016 ita
491 2957 623 3017 numeris
650 2976 770 3033 quoque
793 2956 872 3014 inter
894 2955 1131 3014 mediocritatem
1154 2954 1273 3012 Isthmii
1297 2955 1396 3031 quinti
1420 2959 1450 3014 et

176 3047 392 3106 sublimitatem
415 3047 520 3105 Nemei
544 3045 643 3122 quinti
666 3045 797 3104 medium
821 3045 919 3104 locum
939 3043 1061 3105 obtinet.
1099 3042 1211 3103 Versus
1229 3043 1354 3119 quintus
1373 3049 1450 3103 stro·

175 3138 250 3211 phae
281 3137 463 3212 moueeolos,
494 3135 519 3193 si
549 3134 727 3194 sententiam
757 3137 887 3211 spectas,
918 3134 1004 3194 modo
1034 3133 1188 3192 clausulae
1218 3132 1281 3191 vice
1311 3131 1451 3210 fungitur

176 3219 236 3305 (vv.
253 3238 295 3283 30.
311 3217 368 3305 64),
387 3225 475 3284 modo
495 3243 604 3284 novam
623 3223 802 3282 seutentiam
821 3223 941 3283 inchoat
960 3215 1021 3304 (vv.
1038 3234 1061 3281 b.
1081 3233 1120 3280 14.
1136 3233 1178 3280 39.
1195 3213 1253 3302 cc),
1273 3221 1298 3279 si
1317 3222 1450 3298 rhythmi

174 3314 405 3373 continuitatem
428 3317 557 3391 spectas,
588 3331 656 3372 eum
679 3317 787 3388 quarto
811 3330 899 3371 versu
922 3312 952 3370 in
975 3330 1067 3370 uuam
1090 3310 1246 3387 periodum
1270 3310 1450 3388 coniungen-

175 3404 229 3462 dus
254 3408 306 3461 est.
344 3402 505 3461 Cantatum
529 3402 670 3462 essehoc
694 3419 811 3460 carmen
834 3401 865 3458 in
889 3401 1035 3477 convivio,
1059 3405 1090 3458 et
1112 3399 1336 3475 comparatione
1360 3400 1450 3459 dono·

175 3512 240 3550 rum
266 3493 422 3550 llusarum
449 3510 517 3550 cum
545 3495 658 3550 cratere
686 3489 815 3549 convivii
840 3482 881 3569 (v.
903 3482 986 3569 1-3)
1010 3492 1041 3548 et
1069 3489 1227 3564 praeconio
1251 3488 1390 3547 Herculis
1413 3488 1449 3549 de

175 3582 333 3641 'l'elamone
357 3580 483 3640 conviva
511 3580 590 3640 laeto
615 3572 750 3660 (tc-55)
773 3577 976 3655 significatum
1004 3581 1070 3636 est·
1105 3576 1250 3635 Pindarus
1277 3598 1349 3635 num
1377 3577 1449 3655 ipse,

174 3674 210 3726 ut
237 3671 360 3728 chorum
387 3669 506 3729 doceret
533 3667 795 3743 comissationique
825 3667 993 3744 interesset,
1023 3666 1131 3725 Thebis
1154 3666 1302 3744 Aeginam
1326 3667 1450 3743 venerit,

175 3758 300 3816 dubium
323 3762 380 3832 est3
404 3758 587 3817 eontrarium
611 3757 689 3816 euim
712 3774 801 3816 versu
820 3767 853 3814 tt
872 3756 997 3815 indicari
1017 3759 1047 3815 et
1065 3755 1212 3814 bellorum
1232 3759 1298 3813 tum
1322 3756 1449 3815 maxime

112 3879 116 3886 ·
176 3847 353 3905 soluentium
377 3847 473 3906 turbis
496 3846 695 3908 commendari
719 3845 845 3904 videtur.

230 4001 417 4078 (θάλλοντος
440 4001 573 4086 ἀνδρῶν
596 4002 640 4079 ὡς
663 4001 716 4066 ὅτε
739 4003 926 4085 συμποσίου
1253 4003 1332 4081 Ero.
1352 3996 1394 4063 α’.

228 4110 384 4191 δεύτερον
406 4118 553 4194 κρατῆρα
577 4113 753 4174 Μοισαίων
776 4105 901 4192 μελέων

246 4321 327 4355 vania
346 4320 450 4356 nuccio.
487 4302 571 4356 Inscr.
591 4318 636 4355 om
655 4300 717 4354 BD
736 4331 768 4340 -
789 4299 894 4354 achon:
914 4296 1064 4367 πεποίηται
1083 4298 1098 4351 d
1118 4296 1241 4360 ἐπίνικος
1260 4293 1340 4360 οὗτος
1360 4300 1447 4351 Φυλα-

175 4372 240 4446 κίδα
264 4375 309 4426 καλ
331 4371 433 4447 Πυθέᾳ
456 4373 505 4426 καλ
530 4370 690 4441 Εὐθυμένει
714 4378 933 4442 ειαγκρατιοταῖς
952 4368 1065 4439 Ἴσθμια
1090 4371 1139 4423 καλ
1158 4367 1255 4438 Νέμεα
1275 4402 1307 4408 -
1328 4376 1352 4422 2.
1377 4372 1448 4422 Mor·

174 4443 260 4499 ναίων
279 4445 388 4512 Heyne:
408 4441 526 4513 pcwr'ow
544 4443 624 4498 codd.
645 4474 678 4482 -

245 4605 433 4641 comacina.
461 4604 486 4640 v.
505 4594 514 4638 l
534 4603 569 4639 aa.
589 4584 624 4639 de
638 4584 761 4639 carmine
776 4583 896 4654 epinicio
916 4600 979 4636 curn
999 4585 1105 4636 cratere
1125 4581 1182 4636 vini
1203 4586 1365 4653 comparato
1384 4600 1449 4637 con-

173 4660 215 4713 fer
235 4661 265 4712 0.
280 4678 318 4711 vn
338 4658 375 4711 in.
396 4688 428 4696 -
449 4663 471 4710 l.
495 4656 661 4719 θάλλοντος·
688 4655 816 4710 imitatur
839 4653 988 4708 Homerica
1011 4657 1095 4708 δαῖτα
1113 4652 1235 4708 θάλειαν
1254 4658 1283 4708 et
1301 4651 1448 4722 εἰλαπίνην

173 4735 328 4785 τεθαλυῖαν
357 4760 390 4768 -
419 4736 443 4782 z'.
471 4728 603 4795 δεύτερον
630 4735 769 4796 κρατῆρα,
796 4729 861 4797 post
888 4725 1009 4795 primam
1036 4724 1209 4780 oblationem
1232 4725 1355 4779 carmine
1379 4724 1412 4779 N.
1431 4743 1449 4778 v

174 4802 279 4857 factam
298 4833 333 4842 -
