3406 5378
337 340 396 401 114
803 343 952 394 PINDARI
970 343 1136 395 EPlNICIA.

332 508 375 565 ita
398 511 519 566 tantum
543 508 691 586 diffemnt,
715 513 750 567 ut
773 509 825 567 alii
848 509 1025 567 Kircherum
1048 508 1145 584 ipsum
1169 507 1325 565 falsarium
1353 525 1416 566 esse
1441 508 1609 584 opinentur,

332 596 393 672 alii,
418 597 500 672 iique
523 597 718 672 probabilius
742 598 837 656 multe
862 601 931 656 ante
949 597 1125 655 Kireherum
1143 597 1293 656 hominem
1313 596 1444 656 musicae
1464 598 1609 672 antiquae

332 685 412 743 haud
435 685 609 761 imperitum
633 706 699 745 eam
722 690 922 745 commentum
946 704 1008 745 esse
1032 688 1145 760 putent.

420 874 550 959 Χρυσεά
574 875 733 960 φόρμιγξ,
754 874 959 951 ’Λπόλλωνος
981 874 1036 939 καί
1061 875 1271 959 ἰοπλοκάμων
1372 880 1452 959 Στρ.
1477 874 1518 940 α’.

419 982 580 1046 σύνδικον
604 987 739 1047 Μοισᾶν
762 981 912 1047 κτέανον·

463 1098 522 1166 τᾶς
544 1088 656 1154 ἀκούει
679 1086 740 1173 μὲν
762 1090 874 1172 βάσις,
897 1088 1035 1172 ἀγλαίας
1057 1088 1156 1173 ἀρχά,

418 1198 594 1261 πείθονται
618 1194 650 1259 δ’
676 1194 785 1261 ἀοιδοὶ
809 1196 966 1279 σάμασιν,

419 1301 628 1386 ἁγησιχόρων
651 1302 776 1367 ὁπόταν
798 1306 984 1386 προοιμίων

464 1408 610 1492 ἀμβολάς
632 1409 749 1493 τεύχῃς
772 1406 985 1492 ἐλελιζομένα.

419 1513 474 1579 καὶ
498 1516 556 1579 τὸν
580 1516 742 1599 αἰχματὰν
764 1516 928 1599 κεραυνὸν
951 1516 1122 1598 σβεννύεις

420 1621 541 1686 ἀενάου
564 1625 682 1706 πυρός·
705 1621 758 1686 εὕ-

464 1727 514 1792 ὃει
538 1725 569 1791 δ’
595 1727 658 1792 ἀνά
682 1728 814 1815 σκάπτῳ
837 1729 921 1805 Διὸς
943 1730 1067 1812 αἰετός,
1090 1728 1181 1792 ὠκεῖ-

464 1858 506 1897 αν
529 1832 665 1919 πτέρυγ’
690 1833 881 1919 ἀμφοτέρω·
896 1841 960 1899 θεν
982 1835 1137 1918 χαλάξαις

419 2028 520 2114 ἀρχὸς
543 2030 688 2112 οἰωνῶν,
710 2033 911 2094 κελαινῶπιν
934 2027 966 2093 δ’
992 2028 1049 2094 ἐπί
1068 2036 1123 2093 tec
1146 2028 1289 2113 νεφέλαν
1368 2026 1451 2093 Ἀντ.
1475 2028 1518 2093 α’.

420 2134 552 2223 ἀγκύλῳ
576 2139 690 2221 κρατί,
713 2136 889 2221 γλεφάρων
1575 2153 1607 2200 le

464 2242 529 2307 άὸὺ
552 2247 744 2329 κλαΐστρον,
767 2243 955 2327 κατέχευας·
979 2243 996 2308 ὁ
1021 2240 1057 2308 dt
1080 2244 1239 2308 κνώσσων

403 2454 607 2490 vermescere.
644 2436 728 2489 lusor.
763 2433 868 2504 Ἱέρωνι
894 2437 1013 2508 Αἰτναίῳ
1039 2432 1258 2508 ἦΣυρακονσίφ
1285 2433 1388 2504 ἅρματι
1413 2434 1514 2488 Πύθια
1540 2435 1607 2502 Οὓς

332 2506 360 2562 P.
375 2526 433 2559 1-11
448 2524 473 2561 ee
493 2507 573 2561 deest
591 2506 619 2560 in
634 2507 669 2572 Β,
689 2524 801 2576 prorsus
821 2507 916 2561 deficit
930 2509 964 2572 A,
985 2507 1081 2575 utqui
1100 2507 1161 2560 sola
1179 2506 1304 2560 carmina
1324 2508 1354 2559 0.
1369 2525 1446 2558 1-xrr
1464 2505 1609 2560 contineat

333 2610 366 2618 —
386 2578 491 2634 Sobel:
516 2575 624 2647 ἐνίκησε
643 2577 675 2631 δὲ
695 2576 818 2645 ἀἼέρων
841 2578 892 2648 τὴν
915 2577 966 2648 μὲν
991 2577 1118 2647 εἰκοστὴν
1141 2576 1224 2646 ἕκτην
1247 2577 1386 2631 Πυθιάδα
1409 2577 1458 2630 καλ
1475 2577 1527 2646 τὴν
1547 2576 1609 2644 ἑξῆς

332 2648 432 2717 κέλητι,
451 2650 503 2718 τὴν
521 2648 552 2703 δὲ
573 2648 701 2718 εἰκοστὴν
720 2648 839 2717 ἐννάτην
859 2649 969 2719 ἅρματι,
989 2649 1028 2712 εἰς
1046 2648 1082 2718 ἣν
1097 2647 1111 2701 ὁ
1127 2646 1309 2718 ὑποκείμενος
1328 2646 1452 2710 ἐπίνικον
1469 2646 1608 2702 τέτακται.

332 2752 365 2760 -
385 2727 409 2774 6.
429 2720 552 2776 ἀεννάου
572 2720 628 2775 OD
646 2752 681 2760 —
699 2721 780 2783 ἀετὸς
799 2722 828 2775 D
848 2753 879 2760 -—
900 2725 925 2774 8.
944 2723 1080 2788 κλᾶστρον
1101 2720 1173 2774 (ι’-

405 2881 594 2916 counnnrmn.
636 2880 661 2915 v.
683 2868 777 2916 1-12.
806 2862 971 2915 obversatur
999 2861 1092 2915 animo
1120 2862 1222 2943 poetae
1249 2859 1409 2915 convivium
1438 2860 1553 2916 deorum
1579 2861 1609 2913 in

333 2933 461 3003 Olympo,
480 2933 563 3001 quale
583 2932 717 2987 describit
735 2933 871 2987 Homerus
890 2932 921 2987 ll.
936 2952 945 2984 1
960 2949 999 2987 aee
1014 2950 1058 3001 ss.‚
1078 2932 1127 2986 ubi
1146 2931 1284 2986 citharam
1298 2931 1462 2986 modulante
1477 2931 1607 3002 Apolline

331 3005 475 3058 Musarum
499 3003 599 3057 chorus
622 3004 712 3072 canit;
736 3003 770 3058 cf.
791 3004 825 3058 N.
840 3022 857 3056 v
872 3019 905 3061 ει,
928 3004 993 3058 Hes.
1013 3008 1082 3058 scut.
1102 3020 1141 3058 see
1164 3034 1199 3042 —
1224 3010 1246 3058 1.
1291 3001 1375 3073 ρυσία
1399 3003 1502 3057 dicitur
1525 3003 1607 3072 pher-

333 3076 418 3142 minx,
432 3092 486 3128 nen
502 3075 576 3143 quod
595 3092 662 3128 auro
677 3077 778 3129 ornata
792 3075 837 3143 sit,
852 3075 901 3129 sed
916 3075 992 3143 qued
1005 3092 1049 3129 res
1063 3073 1202 3145 pretiosas
1216 3025 1355 3128 Pindarus
1370 3074 1495 3143 epitheto
1511 3090 1607 3127 aurea·

334 3163 396 3200 rum
415 3162 514 3199 ornare
534 3145 618 3213 solet,
637 3146 672 3199 ef.
688 3145 719 3200 Ο.
735 3164 807 3199 vmr
828 3179 863 3186 -
882 3152 907 3201 2.
927 3147 1007 3219 βάσις
1022 3190 1027 3200 .
1045 3190 1050 3201 .
1068 3191 1073 3201 .
1088 3143 1194 3200 ἀοιδοί·
1214 3146 1269 3199 due
1283 3162 1400 3199 munera
1413 3145 1509 3199 fidium
1525 3148 1610 3215 poeta

332 3216 480 3288 particulis
507 3215 557 3285 pte
574 3261 578 3271 .
596 3261 601 3271 .
618 3260 623 3270 .
639 3215 670 3270 dl
697 3216 858 3286 distinguit,
884 3222 916 3270 ut
939 3221 968 3270 et
990 3216 1122 3271 intrantis
1144 3216 1376 3287 procedentisque
1400 3215 1478 3270 chori
1496 3233 1607 3286 gressus

331 3288 492 3342 moderetur
506 3292 534 3341 et
548 3287 660 3342 canenti
675 3289 758 3342 choro
773 3288 897 3356 accinat3
911 3287 1081 3359 principium
1097 3287 1212 3358 (ἀρχὰν)
1229 3291 1324 3341 autem
1338 3286 1504 3341 festivitatis
1519 3287 1607 3340 inces-

332 3376 394 3413 sum
404 3359 507 3431 (βάσιν)
518 3358 595 3427 dicit,
606 3375 661 3413 non
671 3360 746 3428 quod
760 3359 912 3429 praecipua
926 3377 990 3429 pars
1001 3359 1233 3414 sollemnitatium
1244 3359 1289 3426 sit,
1300 3358 1349 3412 sed
1359 3359 1434 3426 quod
1449 3357 1607 3425 cherentea,

333 3430 497 3500 priusquam
516 3446 614 3484 cauere
633 3430 780 3500 incipiant,
799 3430 928 3484 sollemni
947 3447 1044 3500 gressu
1062 3431 1174 3484 fidicine
1194 3432 1346 3500 praeeunte
1360 3430 1398 3482 ad
1411 3445 1490 3482 suam
1509 3428 1607 3483 statie-

333 3518 397 3556 ncm
415 3502 542 3556 tendunt.
578 3500 657 3554 Nihil
676 3504 771 3555 tamen
790 3504 852 3556 erat
870 3518 980 3570 causae,
1000 3519 1048 3555 cur
1066 3519 1099 3555 ex
1118 3501 1163 3554 his
1181 3501 1274 3554 serbis
1293 3503 1391 3554 auctor
1408 3499 1607 3554 Kircherianae

332 3572 480 3639 melodiae,
499 3572 669 3626 scholiastae
688 3573 775 3626 verba
794 3573 853 3640 (διὰ
872 3574 903 3627 τὸ
917 3573 967 3626 τὸν
983 3570 1137 3626 Ἀπόλλωνα
1156 3570 1362 3642 προκατάρχειν
1380 3579 1430 3625 τοῦ
1448 3579 1533 3641 χοροῦ
1552 3579 1607 3623 τῶν

331 3647 466 3713 Μουσῶν)
479 3644 553 3696 mele
573 3643 782 3714 interpretatus,
802 3644 871 3698 duos
890 3644 995 3714 primos
1013 3659 1110 3697 versus
1125 3660 1142 3696 a
1157 3643 1216 3698 solo
1231 3643 1388 3712 coryphaeo
1403 3645 1531 3696 cantatos
1546 3657 1607 3694 esse

333 3720 362 3769 et
375 3715 440 3769 inde
455 3732 473 3768 a
487 3715 571 3769 tertie
588 3731 668 3769 versu
688 3715 800 3768 demum
819 3715 934 3769 cherum
953 3731 1063 3768 omnem
1082 3713 1256 3768 concinuisse
1275 3713 1501 3768 concluderet-
1517 3718 1540 3766 3.
1560 3710 1607 3766 σά-

332 3804 429 3855 μασιν·
449 3785 540 3839 acutis
554 3784 732 3856 gravibusve,
752 3785 836 3840 lentis
851 3786 1023 3840 celeribusve
1038 3784 1123 3853 sonis,
1138 3784 1239 3854 quibus
1254 3784 1355 3838 fidicen
1369 3800 1466 3839 vocem
1481 3785 1607 3838 cantate·

332 3875 394 3910 rum
413 3859 554 3927 temperat
572 3856 738 3926 signumque
753 3857 914 3927 incipiendi,
929 3855 1102 3924 intendendi,
1117 3855 1279 3910 remittendi
1293 3872 1390 3910 vocem
1404 3856 1455 3909 dat
1469 3886 1501 3895 -
1517 3860 1541 3909 4.
1556 3855 1606 3923 ἀμ-

333 3927 430 4001 βολάς,
453 3927 593 3998 principia
625 3931 737 3997 cantus,
765 3927 918 3982 secundum
946 3927 1125 3981 Homericum
1144 3921 1205 3996 ἦτοι
1232 3927 1246 3981 d
1273 3925 1415 3997 φορμίζων
1440 3924 1607 3997 ἀνεβάλλετο

331 3999 417 4054 καλόν
436 3997 542 4053 ἀείδειν
561 4003 590 4068 (α
605 4003 663 4068 ise),
679 4002 711 4052 ut
723 3999 870 4068 genetivus
888 3996 1042 4068 προοιμίων
1060 4015 1117 4052 nen
1135 4000 1227 4052 totum
1245 3997 1392 4067 significet,
1409 3997 1488 4051 cuius
1507 3999 1601 4066 partes

332 4071 471 4142 ἀναβολαλ
491 4071 555 4138 sint,
575 4071 624 4123 sed
643 4071 782 4194 ἀναμολαλ
800 4087 843 4124 res
862 4086 921 4124 esse
941 4069 1142 4139 significentur,
1161 4086 1234 4138 quae
1248 4069 1278 4122 in
1291 4068 1442 4138 prooemiis
1461 4067 1557 4132 insint,
1577 4069 1609 4120 ut

333 4140 362 4194 in
386 4141 532 4195 notissimo
557 4139 636 4207 ίρκος
660 4141 694 4194 ed
712 4161 784 4196 ντων
807 4174 840 4181 -
864 4140 946 4208 προοί
967 4161 997 4194 ια
1021 4157 1082 4193 cum
1105 4141 1217 4210 proprie
1240 4140 1388 4210 praeludia
1413 4138 1481 4193 selis
1504 4138 1607 4192 fidibus

333 4211 474 4281 pulsanda
497 4212 601 4265 luerint
622 4216 658 4279 (v.
673 4212 744 4266 rhet.
759 4230 798 4282 gr.
815 4229 886 4280 rear,
902 4229 927 4266 re
942 4161 988 4281 ἔρ.
1003 4210 1104 4280 κυρίως
1122 4209 1256 4282 προοίμια
1276 4211 1370 4280 ἔλεγον
1389 4210 1416 4264 el
1434 4210 1550 4263 nointel
1573 4209 1607 4263 τὰ

332 4291 388 4337 τῶν
407 4285 595 4355 κιθαρῳδῶν),
614 4283 733 4352 primam
752 4300 863 4352 queque
881 4285 990 4353 partem
1009 4283 1140 4336 carminis
1160 4300 1177 4336 a
1196 4284 1278 4337 chere
1298 4282 1443 4336 occinente
1462 4281 1524 4349 lyra
1543 4296 1606 4334 can-

333 4354 449 4407 tandam
469 4353 630 4422 significant
648 4386 681 4393 -
701 4360 725 4409 6.
750 4357 816 4408 ante
835 4355 930 4410 oeulos
948 4356 1033 4423 poeta
1051 4353 1152 4407 habuit
1170 4353 1244 4407 Iovis
1263 4355 1387 4406 statuam
1407 4357 1559 4421 sceptrum,
1578 4351 1606 4403 in

333 4429 412 4478 cuius
436 4424 556 4477 culmine
580 4425 677 4493 aquila
700 4425 830 4493 sedebat,
853 4442 939 4479 manu
962 4425 1096 4491 tenentis,
1116 4425 1150 4477 cf.
1166 4424 1250 4493 Seph.
1265 4425 1297 4477 fr.
1313 4441 1351 4478 roa
1369 4423 1385 4478 ό
1404 4421 1608 4496 σκηπτοβάμων

333 4496 519 4559 cristescirce
539 4493 613 4558 Διός.
650 4496 797 4551 Praeclare
821 4501 915 4550 autem
937 4500 1023 4566 poeta
1046 4495 1075 4548 in
1098 4494 1222 4565 imagine
1246 4494 1358 4564 aquilae
1382 4494 1458 4548 senis
1482 4494 1607 4547 citharae

335 4567 497 4637 consopitae
513 4567 698 4621 describenda
712 4568 824 4637 longius
838 4568 1011 4634 immoratur,
1026 4570 1058 4619 ut
1072 4566 1214 4620 contraria
1232 4565 1270 4620 sit
1283 4582 1317 4620 ea
1331 4565 1450 4637 imagini
1465 4563 1607 4634 Typhonis

332 4643 423 4692 terrae
437 4637 545 4692 viscera
560 4638 768 4694 commoventis.
797 4638 874 4694 Geni.
888 4640 986 4694 Horat
1002 4637 1029 4692 C.
1045 4657 1065 4690 11
1081 4654 1113 4706 re,
1129 4655 1166 4692 ae:
1186 4639 1355 4692 cerinieibas
1367 4645 1478 4706 stupens
1492 4637 1608 4689 desciuit

333 4717 409 4765 atrae
427 4712 505 4765 belae
532 4713 664 4779 centiceps
689 4728 769 4765 eures
793 4743 824 4751 -
850 4716 873 4765 7.
900 4709 984 4780 ἀρχὸς
1007 4709 1125 4764 οἰωνῶν·
1150 4708 1185 4762 de
1207 4708 1319 4762 nomine
1343 4725 1406 4761 cum
1429 4705 1556 4774 emphasi
1578 4705 1608 4758 in

332 4781 500 4853 principium
527 4798 616 4836 novae
641 4782 772 4851 strophae
795 4784 886 4836 traete
909 4779 1084 4836 v.P.11117
1107 4812 1142 4820 -
1165 4779 1212 4834 ol.
1230 4777 1354 4847 ..κρατί
1377 4781 1468 4867 te*
1491 4780 1520 4831 et
1542 4794 1607 4847 pars
