3406 5378
773 333 921 384 PINDARI
940 331 1106 383 nrrnlcln.

393 498 494 583 φαντὶ
517 496 549 562 δ’
576 497 767 579 ἀνθρώπων
789 493 926 560 παλαιαὶ
1530 508 1580 554 100

306 654 329 669 ..
394 608 519 690 ῥήσιες,
543 606 634 668 οὔπω
659 604 712 668 ὅτε
735 605 843 686 χθόνα
867 600 1022 666 δατέοντο
1049 601 1132 676 Ζεύς
1155 623 1188 663 τε
1211 597 1265 663 καὶ
1289 598 1466 680 ἀθάνατοι,

392 710 603 795 φανερὰν-ἐν
625 710 758 791 πελάγει
777 707 890 772 Ῥόδον
914 710 1013 792 ἔμμεν
1036 710 1175 793 ποντίῳ,

393 819 553 904 ἁλμυροῖς
575 815 606 881 δ’
633 815 669 881 ἐν
691 815 849 900 βένθεσιν
872 824 975 879 νᾶσον
998 815 1195 898 κεκρύφθαι.
1531 829 1580 876 105

1346 1014 1396 1072 Στ
1420 1060 1425 1070 .
1450 1007 1492 1072 δ’.

396 1104 555 1180 ἀπεόντος
578 1100 610 1166 δ’
636 1102 727 1178 οὔτις
750 1100 893 1178 ἔνδειξεν
916 1100 1014 1183 λάχος
1035 1097 1174 1164 Ἀελίου·
1397 1033 1416 1093 ρ

394 1214 451 1275 καί
472 1209 514 1294 ῥά
538 1234 593 1275 νιν
616 1209 724 1294 χώρας
747 1206 939 1292 ἀκλάρωτον
963 1209 1074 1289 λίπον,

396 1317 499 1399 ἁγνὸν
522 1319 613 1381 θεόν.

395 1422 578 1508 μνασθέντι
602 1419 637 1487 δὲ
664 1423 747 1498 Ζεὺς
770 1420 815 1504 ἀμ
837 1420 944 1511 πάλον
966 1419 1083 1504 μέλλεν
1102 1419 1212 1503 θέμεν.
1248 1419 1330 1483 ἀλλά
1353 1443 1409 1483 νιν
1432 1418 1492 1482 οὐκ
1531 1434 1582 1481 110

943 1533 1067 1610 είασεν,
1090 1525 1158 1591 ἐπεὶ
1181 1532 1298 1602 πολιᾶς

393 1632 465 1702 εἶπί
486 1635 549 1700 τιν’
576 1636 674 1711 αὐτὸς
698 1635 780 1718 ὁρᾶν
804 1635 902 1699 ἔνδον
924 1634 1096 1710 θαλάσσας
1119 1630 1303 1718 αὐξομέναν
1325 1635 1470 1697 πεδόθεν

395 1746 604 1827 πολύβοσκον
627 1753 726 1825 γαῖαν
749 1740 958 1826 ἀνθρώποισι
982 1738 1036 1804 καὶ
1060 1741 1209 1825 εὔφρονα
1232 1741 1356 1823 μήλοις.
1533 1749 1603 1803 115⁴

1340 1934 1425 2000 Ἀντ.
1450 1936 1470 1998 δ
1476 1934 1493 1998 ’.

394 2028 563 2094 ἐκέλευσεν
586 2026 617 2092 δ’
644 2026 763 2091 αὐτίκα
786 2025 1004 2111 χρυσάμπυκα
1027 2021 1088 2110 μὲν
1112 2024 1256 2108 Λάχεσιν

316 2172 322 2197 ι
397 2147 508 2220 χεῖρας
530 2135 692 2214 ἀντεῖναι,
715 2139 807 2197 θεῶν
830 2128 862 2194 δ’
888 2130 987 2215 ὅρκον
1010 2130 1113 2215 μέγαν

395 2244 439 2327 νὴ
462 2241 653 2325 συνίμεν,

398 2349 479 2413 ἀλλά
511 2351 643 2433 Κρόνου
675 2349 739 2410 σὺν
768 2343 863 2409 παιδὶ
894 2353 1023 2428 νεῦσαι,
1053 2348 1201 2436 φαεννὸν
1231 2344 1264 2421 ἐς
1293 2344 1414 2431 αίθίρα
1441 2369 1496 2409 νιν

949 2459 1160 2536 πεμφθεῖσαν
1184 2450 1221 2540 ἑᾷ
1245 2457 1372 2540 κεφαλᾷ

379 2653 420 2702 ῠό.
442 2645 559 2717 ε”μμεναι
577 2647 605 2701 Α
624 2678 657 2687 -
678 2652 720 2699 57.
741 2645 887 2716 ἁλμοροῑσι
905 2645 994 2700 BOD
1013 2679 1046 2686 —
1066 2652 1107 2701 58.
1128 2644 1244 2713 ἔκρινεν
1263 2644 1335 2699 coni.
1355 2644 1450 2698 Nuber
1469 2647 1498 2699 et
1517 2645 1585 2698 Her-

305 2719 418 2773 wcrdcn
433 2752 466 2759 —
483 2725 525 2772 59.
541 2722 647 2787 χλωρᾶς
661 2719 687 2770 Α
703 2749 737 2757 -
752 2721 849 2771 λεῖπον
863 2718 890 2771 Α
906 2750 938 2756 —
955 2721 997 2770 61.
1017 2715 1056 2787 ἀμ
1069 2717 1159 2772 πάλον
1174 2715 1299 2771 Boeckh:
1319 2715 1449 2786 ἄμπαλον
1463 2717 1586 2771 ABCD

307 2825 340 2832 -
361 2796 403 2844 67.
422 2789 531 2859 φαενὸν
552 2791 619 2858 0⁸⁰,
639 2787 733 2855 φανὸν
751 2788 894 2842 Hermann
913 2820 947 2827 -—

308 2933 354 3001 sit,
367 2932 493 3000 sequenti
509 2930 607 2984 sabula
622 2929 787 3000 illustratur,
798 2948 854 2999 qua
869 2931 961 2986 Solem
976 2948 1040 2984 suos
1054 2930 1127 2984 filios
1141 2947 1251 2984 summa
1266 2948 1297 2983 sa
1318 2930 1406 2985 ientia
1421 2930 1586 2986 instruxisse

307 3004 380 3058 dicit
397 3022 423 3059 v.
439 3020 472 3058 rs.
501 3004 629 3056 Ceterum
648 3019 681 3056 ex
700 3019 745 3070 e0,
766 3003 840 3071 quod
864 3002 978 3056 Polemo
1001 3002 1031 3054 in
1054 3001 1169 3056 scholiis
1192 3002 1269 3071 apud
1310 3001 1371 3056 hios
1392 3002 1503 3073 signum
1521 3003 1585 3057 Dio-

308 3074 398 3144 nysii,
417 3074 493 3143 apud
512 3073 680 3141 Erythraeos
699 3073 791 3126 basim
817 3073 925 3127 Dianae
951 3072 1001 3126 alli
1023 3075 1100 3126 atam
1126 3072 1213 3127 fuisse
1238 3073 1345 3142 prodit,
1365 3074 1530 3128 Eustathius
1550 3075 1586 3127 ad

309 3145 438 3215 Dionysii
453 3144 558 3215 perieg.
572 3161 614 3199 τοι
627 3148 800 3199 commentus
820 3147 870 3212 est,
890 3143 965 3213 apud
984 3092 1108 3199 Bliodios
1123 3161 1233 3213 quoque
1248 3144 1352 3198 multas
1368 3148 1476 3199 statuas
1491 3145 1586 3213 fuisso,

311 3233 385 3285 quae
403 3233 438 3270 ne
458 3216 632 3286 aufugerent,
652 3214 814 3284 alligandae
833 3214 944 3269 fuerint.

384 3294 426 3342 54.
456 3286 531 3341 saltu
551 3286 621 3341 satis
641 3287 742 3341 audaci
761 3291 846 3358 poeta
868 3286 971 3339 transit
990 3286 1026 3339 ud
1045 3287 1158 3341 tertiam
1178 3287 1305 3341 fabulam
1324 3287 1358 3340 de
1378 3285 1441 3340 Sole
1460 3287 1588 3340 Rhodum

313 3359 434 3413 insulam
456 3358 569 3426 sortito;
590 3359 645 3411 duo
661 3363 755 3412 sautem
770 3359 839 3411 haec
854 3356 951 3410 subula
966 3374 1029 3410 cum
1044 3357 1153 3412 duabus
1168 3358 1307 3427 prioribus
1321 3356 1480 3411 communia
1494 3357 1588 3423 habet,

314 3431 390 3512 quod
410 3433 439 3485 et
457 3446 553 3484 omnes
573 3429 608 3482 ad
627 3429 757 3483 Rhodum
776 3427 897 3482 insulam
917 3427 1058 3498 pertinent
1077 3433 1105 3482 et
1124 3430 1199 3497 quod
1218 3430 1248 3483 in
1267 3428 1395 3482 omnibus
1415 3427 1522 3496 aliquid
1542 3429 1588 3482 de-

310 3502 410 3556 lictum
436 3505 464 3555 et
488 3504 634 3570 peceatum
661 3504 712 3555 est.
750 3499 946 3554 oeconomiam
973 3516 1038 3554 vero
1065 3500 1195 3554 carminis
1221 3501 1262 3555 ita
1287 3502 1371 3569 poeta
1396 3498 1533 3566 instituit,
1557 3503 1589 3553 ut

311 3573 411 3628 fabula
429 3572 492 3643 ipsa
512 3590 529 3626 a
547 3589 620 3625 nova
639 3571 772 3641 pericopa
792 3575 827 3639 (v.
842 3574 879 3639 os)
900 3569 1044 3640 inciperet,
1063 3571 1235 3627 introductio
1252 3574 1347 3626 autem
1365 3569 1425 3624 eiua
1439 3569 1468 3624 in
1483 3572 1587 3624 calcem

312 3643 506 3698 antecedentis
534 3643 682 3713 pericopae
710 3642 874 3708 temeratum
901 3657 974 3711 quae
1001 3640 1074 3696 ratio
1100 3643 1200 3697 similis
1226 3647 1269 3698 est
1291 3641 1423 3697 carminis
1441 3642 1471 3697 P.
1487 3663 1496 3694 1
1510 3659 1536 3697 os
1555 3675 1587 3683 -

316 3717 434 3769 notarat
456 3711 560 3782 ῥήσιες
581 3732 614 3768 ex
632 3713 791 3768 rumoribus
810 3730 923 3782 perora
938 3712 1081 3766 hominum
1096 3714 1200 3783 sparsis
1214 3715 1283 3768 haec
1299 3731 1328 3768 se
1343 3713 1493 3783 sumpsisse
1507 3718 1592 3783 pocta

314 3789 450 3852 testatur,
470 3785 603 3872 quoniam
623 3802 640 3838 a
659 3784 800 3839 veteribus
819 3783 910 3854 poetis
929 3783 987 3838 tale
1010 3801 1148 3853 nusquam
1171 3785 1307 3838 traditum
1330 3785 1447 3839 invenit.
1486 3785 1590 3841 Schol.:

313 3857 370 3926 πρὸ
390 3859 537 3924 Πινδάρου
557 3855 588 3910 δὲ
607 3865 689 3911 τοῦτο
709 3857 759 3925 οὐχ
778 3853 913 3924 ἱστόρητο.
941 3855 982 3908 De
1001 3855 1078 3908 cultu
1099 3855 1171 3910 Solis
1191 3856 1265 3936 apud
1284 3854 1408 3909 Rhodios
1427 3856 1491 3910 ride
1511 3857 1592 3926 llapp

311 3929 340 3983 in
357 3927 492 3982 Roscheri
507 3928 560 3982 lex.
575 3928 664 3996 myth.
678 3947 687 3979 1
703 3943 754 3981 εοκι
770 3946 790 3980 s.
806 3957 839 3967 -
855 3930 898 3981 58.
914 3925 1048 3992 ἔνδειξεν·
1064 3930 1243 3993 commonuit,
1258 3928 1290 3978 ut-
1304 3926 1428 3980 absentis
1444 3927 1516 3982 Solis
1532 3946 1590 3981 sors

311 4017 401 4053 urnae
416 4000 567 4053 iniceretur
581 4031 614 4040 —-
635 4004 676 4052 59.
697 3995 858 4065 ἀκλάρωτον
873 3994 966 4051 λίπον
986 3998 1049 4051 huis
1064 3997 1178 4052 tabulae
1192 3996 1314 4066 vestigia
1328 3997 1424 4067 legens
1439 3999 1590 4055 Schillerus

310 4075 408 4125 noster
423 4071 452 4124 in
467 4069 654 4140 pulcherrimo
669 4067 792 4122 carmine
812 4068 875 4122 ‘Die
889 4067 1029 4139 Theilung
1043 4070 1093 4123 der
1106 4069 1190 4123 Erde’
1211 4072 1324 4139 poetam
1340 4069 1423 4122 sortis
1438 4069 1589 4125 immunem

309 4142 440 4196 relictum
459 4157 520 4196 esse
539 4143 711 4194 commentus
732 4143 775 4193 est
798 4172 832 4179 —
856 4145 898 4194 60.
922 4139 1010 4209 ἁγνὸν
1032 4138 1104 4195 θεόν
1127 4141 1210 4200 dicit,
1229 4140 1304 4209 quod
1323 4140 1402 4194 clara
1420 4140 1482 4195 luce
1501 4142 1591 4211 fulget

309 4217 338 4268 ct
366 4213 403 4266 im
426 4231 478 4266 ura
505 4211 599 4266 omniu
623 4215 732 4265 remota
754 4211 853 4280 habet,
878 4211 952 4265 unde
976 4214 1073 4267 auctor
1097 4212 1182 4282 Orph.
1202 4211 1453 4279 hymn.s,1aeum
1477 4214 1591 4267 invocat

309 4287 433 4354 άιθαλης
447 4281 564 4354 ἀμίαντε
583 4314 617 4323 -
638 4288 670 4335 62
686 4302 706 4337 s.
726 4281 777 4336 hos
797 4299 893 4336 versus
913 4282 1064 4352 respiciens
1084 4283 1158 4336 ludit
1176 4283 1326 4352 Antipater
1344 4283 1403 4338 ΑΡ.
1419 4303 1448 4336 nr
1463 4301 1512 4339 ns:
1533 4295 1590 4345 πῶς

312 4353 467 4415 eluserint
487 4357 591 4424 μᾶλλον
611 4351 771 4422 &medopam
790 4351 820 4417 ὃς
838 4352 889 4421 μὲν
909 4353 1014 4419 ἔδειξεν
1034 4354 1062 4419 ἐξ
1081 4352 1155 4420 ἁλός,
1174 4352 1297 4423 (Ἥλιος),
1317 4352 1347 4418 ὃς
1365 4353 1393 4409 δ’
1414 4355 1466 4423 ήδη
1487 4352 1589 4421 βήσατο

307 4425 451 4497 δυομένήν
466 4423 589 4493 (Νέρων)
608 4457 640 4464 -
661 4430 702 4478 64.
722 4425 858 4496 Λάχεσιν·
878 4424 1017 4478 extribus
1036 4425 1132 4479 Parcis
1151 4425 1203 4481 hoc
1222 4426 1293 4494 loco,
1313 4443 1368 4494 quo
1388 4427 1422 4480 de
1447 4425 1588 4480 sortiendo

308 4496 402 4567 (λάχος
417 4516 441 4552 v.
457 4501 492 4563 σε)
508 4495 610 4563 agitur,
627 4495 772 4565 Lachesin,
787 4499 819 4549 ut
833 4513 905 4565 quae
921 4495 1043 4550 sortibus
1057 4497 1172 4566 praesit,
1188 4496 1276 4567 eligit.
1292 4530 1325 4538 —
1341 4504 1383 4552 65.
1403 4496 1590 4566 ἀρκουμένων

309 4567 451 4639 intellegit
465 4566 658 4620 iusiurandum
673 4568 796 4635 deorum,
811 4567 890 4622 euius
904 4567 1054 4621 formulam
1068 4585 1132 4622 cum
1146 4569 1282 4623 Homerus
1297 4569 1328 4622 ll.
1343 4587 1378 4622 xv
1392 4585 1425 4622 ιο.
1442 4567 1492 4621 cd.
1508 4586 1525 4619 v
1543 4584 1588 4631 ιει,

309 4642 370 4693 tum
394 4643 492 4693 auctor
516 4638 613 4707 hymni
627 4640 678 4708 Ap.
693 4638 753 4693 Del.
768 4657 793 4694 ss
808 4639 902 4693 affert:
921 4638 986 4692 ἴστω
1011 4647 1063 4693 νῦν
1086 4638 1152 4694 τάδε
1180 4645 1254 4695 Γαῖα
1280 4641 1327 4693 καλ
1353 4638 1480 4706 Οὐρανὸς
1502 4638 1588 4708 ,εὐρὺς

310 4709 446 4778 ῧπερθεν,
464 4714 467 4779 l
484 4711 532 4764 acl
550 4709 582 4764 τὸ
601 4707 800 4783 κατειβόμενον
819 4709 927 4778 Στυγὸς
945 4707 1029 4779 ὕδωρ,
1049 4709 1109 4766 ὅστε
1129 4712 1254 4782 μέγιστος
1270 4714 1273 4780 Ι
1291 4710 1372 4778 ’ὅρκος
1385 4705 1545 4771 δεινότατός
1559 4729 1587 4762 τε

309 4781 386 4838 πέλει
401 4780 557 4852 μακάρεσσι
571 4786 681 4836 θεοῖσιν
696 4813 729 4822 -
745 4787 786 4836 67.
802 4785 996 4851 πεμφθεῖσαν·
1015 4781 1073 4836 rim
1091 4783 1178 4837 futuri
1198 4781 1290 4838 exacti
1308 4780 1403 4850 habet,
1418 4782 1451 4833 at
1465 4796 1508 4849 ap.
1525 4781 1588 4834 Eur.
