3406 5378
207 338 272 402 336
680 341 828 392 umnam
847 341 1013 394 semrom.

259 502 321 566 τάν
344 501 540 586 Ξενοκράτει
564 502 761 566 Ποσειδάων
784 501 937 584 ὀπάσαις,

209 625 241 671 1ο
261 613 405 692 Δωρίων
428 608 518 696 αὐτῷ
541 610 739 693 στεφάνωμα
762 610 847 695 κόμα

260 712 386 800 πέμπεν
409 714 606 780 ἀναδεῖσθαι
631 718 787 798 σελίνων,

261 911 448 996 εὐάρματον
471 912 577 996 άνδρα
601 914 780 997 γεραίρων,
802 909 1066 997 Ἀκραγαντίνων
1089 910 1183 993 φάος.
1288 914 1374 996 Στρ.
1395 909 1445 994 β’.
1465 927 1499 975 ab

261 1018 298 1083 ἐν
320 1022 430 1106 Κρίσᾳ
454 1017 485 1084 δ’
510 1019 716 1105 εὐρυσθενὴς

304 1120 366 1190 εἶδ’
390 1123 556 1191 Ἀπόλλων
579 1149 635 1190 νιν
656 1127 738 1211 πόρε
761 1122 788 1188 τ’
815 1123 956 1206 ἀγλαΐαν

261 1230 316 1296 καὶ
339 1235 430 1297 τόθι·
453 1236 598 1308 κλειναῖς
621 1229 653 1294 δ’
674 1229 888 1315 Ἐρεχθειδᾶν
911 1234 1099 1316 χαρίτεσσιν
1123 1231 1253 1318 ἀραρὼς

280 1449 321 1498 lt.
346 1445 434 1516 αὑτῷι
458 1438 529 1497 αὖον
549 1459 623 1512 susp.
638 1441 731 1513 Bergk
752 1474 784 1481 -
804 1439 876 1516 κόμᾳ
896 1440 1021 1497 Boeckh:
1045 1439 1118 1512 κόμα
1136 1443 1214 1511 BD,
1238 1439 1331 1513 κόμαν
1350 1440 1429 1496 coni.
1445 1440 1497 1495 Ce·

208 1514 323 1586 porinus
344 1547 375 1555 —
397 1521 438 1569 16.
457 1515 539 1568 άναδ.
556 1513 683 1569 Schmid:
703 1513 765 1568 άνδ.
780 1514 847 1568 BD
867 1545 900 1554 —
920 1518 961 1567 18.
982 1513 1154 1583 εὐρυσθενὴς
1171 1513 1260 1583 codd.¹
1280 1513 1401 1583 εὔφρων
1421 1512 1498 1579 ἄναξ

208 1587 454 1681 ἕκγεετίεοιιλιιι
479 1584 632 1676 ροιεμλιικ·
650 1584 738 1675 ἐκδὲ
759 1592 792 1655 τῇ
817 1582 906 1666 Ιίρίσᾳ
932 1585 1053 1692 εὐμενῶς
1076 1584 1091 1638 δ
1110 1581 1246 1639 Ἀπόλλων
1270 1580 1419 1640 ἐθεάσατο
1445 1584 1499 1638 τδν

207 1663 504 1784 ζειείοο,διίδδλτεηίίαλῖδιδθιΟ
514 1656 1016 1798 ἰδλλδδῖῗίιςιςδιαλῗιδιγλδιΐῃδνῌιῗάδῖδίδι
1025 1654 1338 1794 κλιεῐδνοιξςΙδθίΕδώδδδδ,
1349 1672 1451 1797 ἓξὲξ
1463 1759 1496 1768 -

211 1874 243 1925 ut
268 1871 417 1942 intellegas
442 1868 512 1924 mihi
538 1885 649 1938 quoque
676 1867 848 1938 temporibus
875 1868 1125 1939 obtemperandum
1152 1886 1226 1938 esse,
1254 1871 1286 1924 ut
1312 1886 1371 1924 non
1401 1870 1497 1940 gratis

210 1943 308 1998 Musae
322 1942 397 1997 lusui
410 1958 517 2010 vacem,
532 1940 582 1994 sed
595 1939 752 1994 mercedem
767 1939 899 1994 carminis
914 1946 1072 2011 exspectem
1088 1940 1242 2012 opiparam.
1271 1939 1377 2011 ἄγνωτ’
1396 1946 1497 1995 utrum

209 2030 243 2068 ex
262 2014 374 2084 ἄγνωτα
393 2031 430 2067 an
449 2029 483 2066 ex
502 2012 606 2081 ἀγνῶτι
626 2010 727 2067 elisum
746 2010 796 2078 sit,
821 2011 874 2065 viri
895 2011 970 2067 docti
989 2011 1137 2067 dissident.
1174 2014 1266 2081 Atque
1285 2012 1411 2067 alterum
1430 2011 1496 2082 qui·

208 2086 284 2154 dem,
306 2085 374 2139 licet
396 2086 493 2139 contra
516 2099 616 2153 praece
637 2086 668 2137 ta
686 2081 866 2136 metricorum
883 2086 981 2153 peccet
999 2088 1028 2138 et
1046 2101 1101 2138 uno
1120 2084 1247 2154 exemplo
1266 2087 1296 2139 et
1319 2083 1384 2154 ipso
1404 2084 1496 2138 dubio

208 2155 369 2226 νωμάσαντι
395 2154 483 2210 ἐθέλω
502 2154 522 2208 Ι.
542 2174 553 2206 1
573 2172 597 2209 ιι
616 2101 796 2222 defendatur,
822 2154 934 2224 egregie
960 2158 1055 2209 tamen
1080 2154 1313 2226 praecedentibus
1339 2154 1438 2210 verbis
1465 2158 1498 2209 et

208 2227 411 2282 sententiarum
430 2244 501 2282 nexu
522 2226 746 2280 commendatur:
766 2241 795 2278 es
814 2225 889 2279 enim
909 2226 1033 2296 sapiens,
1052 2225 1304 2297 neque'ignoranti
1324 2243 1425 2281 curam
1444 2243 1496 2297 pe·

208 2298 276 2352 culii
294 2302 395 2369 poetae
414 2314 524 2367 quoque
544 2296 704 2351 habendam
723 2313 797 2365 esse,
816 2296 869 2351 hoc
888 2297 1040 2366 epinicium
1058 2298 1209 2352 Isthmicae
1227 2297 1364 2352 victoriae
1384 2314 1495 2368 pango,

208 2369 332 2425 Priorem
351 2369 612 2440 interpretationem
631 2368 679 2436 qui
698 2367 831 2437 amplecti
850 2368 971 2438 malunt,
997 2369 1033 2422 ad
1059 2368 1166 2424 scholia
1190 2372 1359 2439 provocant,
1385 2369 1495 2438 quibua

209 2442 282 2495 banc
304 2441 437 2496 vitoriam
459 2441 518 2495 iam
541 2443 626 2494 antea
644 2457 662 2493 a
681 2439 823 2494 Simonide
841 2439 1034 2509 praedicatam
1052 2456 1112 2494 esse
1132 2441 1329 2511 comperimus:
1354 2436 1441 2504 οὗτος
1461 2440 1494 2495 δὲ

209 2512 224 2566 ὁ
244 2511 422 2582 Ξενοκράτης
441 2513 473 2567 οὐ
492 2509 580 2582 μόνον
593 2509 708 2580 Ἴσθμια
726 2508 873 2580 νενίκηκεν
891 2509 995 2578 ἵπποις,
1016 2511 1084 2565 ἀλλὰ
1103 2513 1152 2566 καλ
1168 2512 1268 2566 Πύθια
1286 2511 1338 2580 τὴν
1358 2512 1495 2582 εἰκοστὴν

208 2586 343 2654 τετάρτην
357 2583 505 2650 Πυθιάδα,
524 2585 560 2647 ὡς
576 2580 757 2651 Ἀριστοτέλης
773 2583 945 2651 ἀναγράφει·
965 2585 1011 2636 καὶ
1028 2581 1186 2653 Σιμωνίδης
1205 2582 1235 2638 δὲ
1256 2582 1382 2638 ἐπαινῶν
1402 2585 1496 2639 αὑτὸν

209 2654 370 2725 ἀμφοτέρας
385 2657 472 2710 αὐτοῦ
486 2654 536 2717 τὰς
551 2651 631 2715 νίκας
645 2652 820 2708 κατατάσσει.
842 2657 880 2707 At
893 2653 965 2707 nihil
979 2655 1016 2707 ad
1031 2670 1089 2708 rem
1104 2655 1245 2709 attinebat
1259 2654 1323 2709 ideo
1337 2654 1494 2710 victoriam

209 2744 265 2781 non
288 2727 462 2798 incognitam
487 2725 591 2792 dicere,
615 2724 671 2778 nisi
693 2724 764 2777 forte
784 2741 802 2777 a
819 2724 941 2779 Pindaro
965 2726 1107 2779 aemulum
1131 2743 1259 2794 ararum,
1284 2725 1333 2795 qui
1351 2744 1494 2797 magnam

208 2799 365 2853 mercedem
388 2796 502 2868 epinicii
525 2795 696 2867 poposcerit,
720 2797 794 2849 tecte
817 2795 895 2865 carpi
919 2795 1083 2865 suspicaris;
1109 2798 1158 2852 sed
1182 2797 1206 2850 si
1229 2813 1296 2852 vera
1319 2799 1396 2851 esset
1419 2797 1494 2853 haee

209 2869 344 2940 suspicio,
374 2868 494 2923 obscura
523 2867 649 2937 profecto
680 2868 709 2919 et
738 2866 928 2937 aenigmatica
960 2868 1086 2922 oratione
1117 2872 1229 2938 praeter
1256 2869 1495 2924 consuetudinem

209 2958 289 2995 suam
307 2943 392 3011 poeta
410 2943 506 2994 noster
524 2955 590 2992 usus
609 2940 684 2991 esset
703 2969 735 2976 —
757 2942 797 2992 13.
817 2936 958 3007 Ἰσθμίαν·
978 2938 1140 2993 lstbmicam
1154 2940 1319 2995 Xenocratis
1338 2939 1494 2995 victoriam

208 3011 297 3082 primo
321 3011 383 3066 loco
406 3014 491 3081 poeta
514 3008 672 3079 praedicat,
699 3026 755 3063 non
778 3009 852 3078 quod
875 3026 965 3080 nuper
989 3013 1018 3065 et
1043 3015 1107 3081 post
1131 3014 1252 3078 ceteras,
1278 3028 1351 3080 quae
1378 3011 1410 3065 in
1435 3011 1493 3066 hoc

209 3081 331 3137 carmine
350 3084 610 3146 commemorantur,
625 3080 759 3134 victorias
777 3083 861 3150 parta
879 3087 947 3136 erat.
977 3081 1050 3136 Nam
1069 3099 1132 3137 eam
1150 3083 1208 3136 iam
1227 3086 1293 3137 ante
1308 3081 1492 3153 Olympicum

209 3154 269 3207 eius
287 3153 435 3208 victoriam
454 3162 508 3222 (vv.
523 3168 549 3207 rs
564 3156 611 3220 ss.)
630 3153 802 3221 reportatam
821 3168 881 3206 esse
900 3157 1018 3223 apparet
1036 3170 1070 3207 ex
1089 3154 1144 3208 oda
1163 3153 1194 3209 Ο.
1213 3173 1247 3222 ιι,
1271 3156 1303 3207 ut
1326 3170 1401 3223 quae
1424 3171 1493 3209 cum

209 3225 239 3278 in
256 3225 390 3279 honorem
409 3222 572 3294 Olympicae
591 3222 726 3277 victoriae
749 3223 827 3277 sacta
849 3223 899 3291 sit,
923 3224 1085 3278 lstbmicam
1108 3243 1133 3280 v.
1153 3242 1179 3280 so
1197 3224 1255 3279 iam
1278 3228 1490 3281 commemoret

211 3295 273 3362 Qua
290 3297 326 3351 de
345 3312 431 3350 causa
449 3293 601 3350 verisimile
621 3296 680 3375 esta
696 3293 732 3348 ab
751 3294 885 3376 lsthmica
903 3295 1023 3377 victoria
1041 3296 1094 3350 hoc
1113 3296 1143 3351 in
1161 3295 1285 3350 carmine
1303 3300 1419 3366 poetam
1438 3314 1490 3351 au·

208 3365 826 3507 statuebant„actitat:
840 3367 1293 3493 {sttatlsattuctt
1310 3368 1491 3493 taath

209 3510 264 3563 fuit
283 3542 316 3551 —
337 3516 377 3564 1o.
399 3507 515 3577 Δωρίων
535 3506 657 3574 σελίνων,
674 3508 743 3576 quia
756 3507 805 3576 qui
819 3512 880 3561 tum
894 3526 1025 3563 coronam
1039 3510 1201 3565 Isthmicum
1216 3511 1332 3577 dabant,
1347 3509 1490 3565 Corinthii

209 3582 295 3636 Dores
315 3584 408 3648 erant,
429 3581 459 3635 id
498 3581 554 3634 uod
572 3579 783 3634 commemorari
802 3583 915 3649 gratum
932 3580 1126 3650 Agrigentinis
1145 3582 1200 3635 fuit
1219 3585 1248 3636 et
1266 3581 1334 3650 ipsis
1353 3580 1490 3635 Doricam

209 3652 346 3721 originem
364 3600 551 3717 iactantibus3
571 3651 605 3705 cf.
620 3651 652 3706 0.
668 3669 717 3704 vm
731 3668 764 3705 so.
784 3649 805 3706 Ι,
819 3670 868 3703 vrn
882 3669 908 3706 ει
923 3684 955 3691 -
972 3658 1013 3706 16.
1030 3652 1139 3723 πέμπεν
1157 3653 1214 3706 vim
1234 3652 1332 3707 aoristi
1350 3651 1406 3707 hoc
1423 3652 1489 3708 loco

208 3724 302 3792 habet,
323 3726 354 3777 ut
372 3724 447 3778 idem
466 3724 582 3778 verbum
601 3723 630 3777 P.
650 3741 678 3775 ru
698 3739 743 3777 ιιι.
764 3739 810 3776 ιιι.
835 3722 868 3777 Ν.
888 3741 898 3774 ι
917 3740 951 3778 ιο.
971 3723 1057 3778 Thoe.
1077 3744 1086 3776 1
1105 3742 1138 3793 ιο,
1159 3724 1241 3794 ἔφερε
1261 3723 1292 3778 0.
1312 3743 1339 3777 rx
1358 3740 1394 3779 aa.
1414 3743 1432 3776 x
1450 3740 1486 3779 ει.

208 3796 237 3849 Ρ.
257 3814 285 3851 ιτ
304 3812 351 3863 ιιι,
372 3795 440 3865 ἄγεν
458 3796 488 3850 Ρ.
507 3815 538 3847 ιιι
557 3810 591 3849 ar.
611 3812 628 3847 v
646 3810 679 3848 ιε.
700 3813 726 3846 rx
747 3809 792 3848 raa.
812 3793 832 3848 l.
852 3812 880 3846 vr
898 3812 932 3862 aa,
952 3796 1066 3867 βάλλετο
1085 3796 1114 3851 P.
1129 3815 1157 3849 ιν
1173 3814 1219 3865 ras,
1239 3795 1335 3850 ἔντυεν
1355 3794 1387 3850 0.
1402 3814 1435 3848 ιιι
1453 3811 1488 3851 aa.

207 3867 237 3920 P.
252 3886 280 3919 ιν
295 3883 341 3935 rar,
360 3867 463 3921 τάνυεν
487 3868 516 3921 Ρ,
536 3885 563 3919 1v
584 3882 621 3920 128
658 3865 762 3919 κώλυεν
788 3865 817 3919 Ρ.
837 3883 865 3917 ιτ
882 3883 920 3933 aa,
945 3864 1073 3921 δείκνυεν
1096 3868 1169 3923 P.1v
1188 3884 1239 3936 aso,
1263 3864 1336 3921 τίκτε
1356 3866 1432 3921 O.v1
1451 3884 1488 3921 ιι.

207 3938 237 3992 P.
256 3958 284 3991 ιτ
302 3955 337 3993 ιο.
357 3958 385 3991 rx
406 3955 430 3993 ro
454 3970 487 3977 -
512 3942 553 3991 18.
578 3940 680 4009 Κριοᾳ,
704 3953 754 4006 pro
777 3936 889 4007 vulgari
914 3940 1003 4012 Κίρρᾳ
1021 3938 1103 3992 metri
1122 3954 1220 4006 causa;
1244 3940 1317 3992 hanc
1335 3936 1488 3993 victoriam

208 4009 346 4063 Pindarus
366 4010 426 4079 ipse
445 4007 621 4079 praedicavit
639 4008 668 4061 P.
684 4026 719 4076 τι,
735 4007 911 4076 Thrasybulo
925 4010 983 4063 filio
998 4010 1162 4065 Xenocratis
1181 4014 1210 4064 et
1228 4008 1330 4064 rectori
1349 4025 1487 4078 equorum

209 4080 369 4150 gratulatus
394 4113 426 4119 —
453 4086 493 4134 19.
518 4081 563 4133 καί
588 4077 655 4132 τάδε
677 4079 713 4131 ad
738 4079 937 4148 praecedentia
959 4081 1054 4150 potius
1076 4080 1133 4137 levi
1158 4081 1281 4136 admissa
1304 4079 1488 4151 neglegentia

208 4156 321 4276 poetam
349 4151 492 4206 rettulisse
520 4168 604 4219 quam
628 4149 666 4203 ad
688 4150 836 4218 sequentia
858 4151 1002 4219 existimo,
1027 4153 1159 4222 quoniam
1188 4152 1297 4222 Pythiis
1325 4152 1401 4206 ludis
1427 4169 1487 4206 non

237 4223 408 4288 momachus,
438 4223 487 4277 sed
513 4220 705 4290 Thrasybulus
732 4222 812 4275 frena
836 4221 940 4276 rexisse
966 4224 1128 4292 perhibetur
1154 4224 1182 4279 P.
1202 4244 1229 4277 ur
1250 4243 1275 4278 ιο
1290 4241 1325 4279 ss.
1363 4222 1425 4288 Qua
1451 4223 1488 4277 de

209 4311 295 4348 causa
322 4294 462 4363 Heynium
490 4294 589 4346 ducem
613 4295 724 4346 occutus
747 4291 917 4363 particulam
940 4293 971 4348 δὲ·
995 4295 1068 4349 inter
1094 4301 1216 4359 κλειναῖς
1244 4299 1273 4349 et
1298 4294 1487 4367 Ἐρεχθειδᾶν

208 4364 386 4419 inserendam
405 4365 509 4433 curavi,
529 4381 700 4433 quamquam
718 4364 775 4418 iam
794 4367 903 4419 veteres
924 4367 1122 4435 grammaticos
1144 4385 1207 4420 cum
1225 4367 1298 4420 hanc
1315 4366 1488 4437 particulam

208 4436 322 4490 insuia
347 4436 427 4491 libris
453 4453 509 4491 non
535 4435 720 4504 invenissent,
747 4438 812 4490 ante
835 4453 892 4490 non
911 4440 975 4507 post
998 4440 1043 4492 acl
1067 4436 1134 4493 τόθι
1158 4437 1364 4509 interpunxisse
1383 4438 1488 4492 docent

208 4507 293 4561 schol.
314 4507 344 4562 P.
359 4527 386 4561 vr
406 4525 444 4563 ra:
466 4508 656 4579 Θρασύβουλε·
675 4516 775 4561 τοῦτον
794 4506 825 4561 δὲ
846 4509 882 4571 ὡς
901 4509 1076 4578 φιλοπάτορα
1095 4511 1143 4564 καλ
1161 4518 1321 4578 προεστῶτα
1339 4516 1388 4578 τῆς
1407 4508 1487 4563 irrua-

208 4587 259 4648 κῆς
284 4578 408 4647 ἐπαινεῖ,
435 4580 497 4649 οὐχ,
524 4578 560 4642 ὥς
584 4597 658 4641 τινες
684 4578 891 4651 ἐβουλήθησαν,
918 4578 1045 4671 η’νίογον·
1072 4580 1087 4635 ὁ
1112 4581 1166 4651 γὰρ
1191 4582 1303 4651 ἡνίοχος
1323 4578 1489 4651 Νικόμαγδς

209 4650 296 4719 ἐστιν,
320 4651 356 4712 ὡς
382 4649 411 4704 ἐκ
432 4659 487 4704 τῶν
509 4649 704 4720 Ἰσθμιονικῶν
727 4647 813 4719 δῆλόν
837 4650 911 4706 ἐστιν
934 4685 967 4692 -
997 4655 1186 4723 Ερεχθειδᾶν
1211 4651 1425 4706 Atheniensium
1448 4651 1487 4706 ab

210 4722 364 4776 llrechtheo
379 4722 571 4789 oriundorum3
592 4722 625 4775 cf.
641 4720 713 4777 Prol.
729 4740 804 4790 τιτι,
824 4720 893 4777 clari
908 4726 1002 4778 autem
1017 4725 1188 4778 Athenarum
1204 4722 1262 4778 ludi
1279 4723 1488 4779 Panathenaici

210 4795 298 4863 erant,
319 4794 353 4848 de
372 4792 474 4864 quibus
493 4792 552 4847 dixi
571 4791 643 4847 Prol.
659 4810 756 4845 cxxxix
777 4823 808 4833 -
