3406 5378
284 363 349 425 244
754 366 902 416 PINDARI
922 366 1087 417 ammom.

286 532 493 590 Timodemum
512 532 616 591 vicisse
636 531 703 590 inde
723 532 841 609 colligo,
861 532 941 607 quod
958 535 1025 589 tum
1043 532 1103 590 iam
1120 531 1264 606 Pythium
1288 535 1437 590 certamen
1462 531 1562 590 subire

284 621 447 679 meditatus
471 639 533 680 esse
557 621 668 679 dieitur
692 616 732 700 (v.
753 613 792 700 9).

374 709 506 768 Carmini
525 710 622 768 forma
640 709 784 784 prooemii
800 713 852 785 est,
868 728 929 785 qua
942 712 1032 785 poeta
1046 709 1133 786 cives,
1148 713 1183 766 ut
1198 709 1404 768 Timodemum
1418 711 1562 769 victorem

285 799 478 857 aNemeaeis
501 798 580 856 ludis
604 798 778 857 redeuntem
797 798 1011 876 gratulabundi
1030 799 1189 875 accipiant,
1208 799 1388 857 cohortatur.
1427 799 1461 857 ln
1480 800 1561 876 prin·

285 888 363 963 cipio
388 887 594 946 Timodemum
619 888 663 945 ait
686 887 825 946 similiter
848 891 938 964 atque
962 887 1138 948 Homeridas
1161 907 1179 945 a
1202 887 1285 964 Iove,
1309 887 1389 963 quod
1411 888 1562 948 Nemeaea

284 976 364 1035 lovis
388 995 472 1036 sacra
495 976 608 1052 vicerit,
632 975 754 1035 initium
777 995 881 1052 capere
905 969 1013 1057 (1-5).
1059 976 1131 1036 lude
1154 975 1264 1035 bonam
1287 996 1369 1052 spem
1393 995 1468 1055 esse,
1498 979 1560 1037 fore

283 1067 319 1122 ut
341 1086 410 1124 mox
433 1066 508 1124 alias
528 1084 647 1142 quoque
666 1065 807 1125 victorias
825 1065 983 1125 Isthmieas
1002 1068 1033 1125 et
1050 1065 1175 1141 Pythias
1194 1070 1403 1143 consequatur,
1427 1066 1561 1143 quando-

283 1154 404 1230 quidem
427 1154 543 1230 patriac
567 1154 639 1231 eius,
664 1158 694 1213 et
721 1154 864 1231 adoptiva
887 1157 918 1216 et
939 1155 1079 1232 genuina,
1102 1155 1235 1213 virmum
1258 1154 1383 1213 sortium
1406 1159 1498 1232 atque
1522 1157 1561 1214 ad

283 1244 433 1319 pancratii
454 1243 570 1302 labores
585 1243 773 1304 sustinendos
787 1243 937 1303 factorum
951 1244 1071 1303 altrices
1086 1244 1154 1321 sint,
1174 1246 1205 1302 et
1217 1244 1330 1302 multas
1344 1245 1404 1302 iam
1418 1244 1560 1304 victorias

283 1333 409 1392 maiores
442 1333 506 1391 eius
539 1333 662 1408 Delphis
691 1332 826 1392 Corinthi
854 1333 983 1391 Nemeae
1011 1333 1138 1392 Athenis
1170 1333 1388 1409 repo1taverint
1416 1325 1445 1411 (6
1458 1367 1490 1375 -
1503 1326 1561 1415 ῆι).

283 1422 397 1491 Quibus
426 1422 559 1481 victoriis
589 1422 767 1497 praedicatis
796 1422 834 1480 ad
861 1426 1047 1497 praesentem
1071 1422 1226 1482 victoriam
1255 1422 1334 1480 redit
1355 1422 1434 1482 cives
1457 1425 1559 1482 cohor·

284 1513 376 1587 tatus,
399 1514 435 1568 ut
457 1511 600 1570 victorem
624 1511 761 1569 reducem
783 1530 893 1586 pompa
917 1514 948 1569 et
970 1511 1050 1569 dulci
1074 1514 1165 1569 cantu
1189 1511 1338 1587 excipiant
1361 1503 1514 1593 (al—25).

371 1600 519 1658 Prooemii
543 1599 671 1674 speciem
694 1601 763 1658 huic
787 1600 910 1658 carmini
935 1618 996 1659 esse
1021 1599 1081 1658 dixi
1106 1600 1243 1658 similiter
1266 1604 1357 1677 atque
1381 1600 1454 1660 odae
1475 1600 1508 1661 Ο.
1529 1621 1560 1659 x1

283 1692 314 1747 et
336 1688 454 1747 Horatii
484 1689 607 1746 carmini
631 1707 662 1746 iv
686 1701 709 1746 6.
757 1688 815 1747 Sed
844 1689 911 1747 inde
940 1689 1114 1748 concludere
1143 1709 1202 1748 uon
1232 1690 1302 1748 licet
1329 1689 1412 1747 aliud
1439 1690 1560 1768 longius

283 1797 413 1853 carmen,
452 1777 532 1852 quod
564 1778 637 1834 iusti
670 1777 789 1852 epinicii
822 1777 961 1836 carminis
992 1782 1093 1853 partes
1125 1778 1298 1856 sustineret,
1327 1780 1463 1837 secutum
1487 1799 1558 1839 esse.

282 1867 384 1944 Longe
412 1866 491 1924 enim
519 1866 580 1923 alia
607 1870 716 1924 natura
743 1867 887 1942 prooemii
910 1866 1069 1925 Horatiani
1092 1872 1150 1943 est,
1179 1887 1238 1943 quo
1262 1871 1351 1942 poeta
1374 1868 1497 1927 chorum
1521 1870 1560 1928 ad

282 1959 404 2014 cantum
428 1955 622 2014 exercendum
644 1955 759 2031 incitat,
783 1958 874 2030 atque
897 1955 986 2013 huius
1005 1956 1149 2031 prooemii
1169 1956 1327 2032 Pindarici,
1351 1975 1410 2031 quo
1430 1958 1560 2018 virtutes

283 2048 313 2102 et
336 2043 440 2103 laudes
463 2044 584 2104 victoris
608 2044 689 2120 ipsae
713 2045 773 2101 iam
797 2048 992 2119 exponuntur.
1035 2045 1139 2120 Neque
1164 2045 1253 2121 Leop.
1278 2045 1434 2103 Schmidtii
1459 2041 1558 2129 (Pind.

283 2133 351 2193 Leb.
375 2153 402 2208 p.
423 2126 489 2214 517)
513 2133 661 2192 sententia
682 2134 738 2194 hoo
761 2133 887 2208 epinicio
911 2134 1021 2209 hymno
1045 2134 1092 2192 dei
1111 2134 1247 2210 praeludi
1267 2133 1465 2193 existimantis
1484 2137 1558 2194 mihi

281 2222 439 2299 probatur,
468 2223 611 2298 quoniam
638 2223 691 2282 deo
720 2222 833 2298 primae
857 2242 915 2283 non
939 2224 1085 2282 secundae
1115 2226 1216 2299 partes
1239 2222 1332 2281 tribui
1355 2223 1492 2283 solebant
1516 2219 1557 2306 (v.

283 2309 315 2370 Ο.
332 2330 363 2370 vr
377 2304 435 2391 88).
466 2310 579 2371 Ceteris
594 2312 689 2390 igitur
703 2311 903 2370 festivitatum
917 2312 1083 2390 generibus,
1098 2313 1183 2371 velut
1197 2312 1412 2372 consecrationi
1431 2333 1557 2374 coronae

282 2404 312 2459 et
339 2401 448 2477 epuliS,
477 2402 532 2460 hoc
560 2418 678 2460 carmen
706 2401 845 2477 pompale
872 2402 1066 2476 praecessisse
1094 2401 1210 2460 ultimis
1239 2401 1373 2461 versibus
1396 2402 1558 2480 significari

281 2492 368 2565 puto,
392 2490 465 2547 nihil
491 2491 579 2548 ultra.

826 2571 870 2637 De
893 2574 1015 2638 metris.

370 2667 496 2727 Carmen
527 2667 582 2728 hoc
620 2668 825 2746 logaocdicum
858 2674 945 2746 grata
978 2669 1108 2744 quadam
1141 2668 1333 2745 simplicitate
1366 2689 1557 2730 numerorum

281 2756 396 2835 insigne
420 2760 473 2833 est,
498 2759 577 2833 quod
601 2776 669 2815 cum
690 2757 720 2814 in
739 2776 848 2832 pompa
868 2776 886 2814 a
905 2758 994 2815 choro
1014 2757 1167 2834 gradiente
1187 2762 1351 2832 caneretur,
1371 2759 1402 2816 in
1421 2758 1557 2834 dipodias

280 2846 327 2905 vel
351 2844 445 2916 πόδας
469 2843 633 2922 §garomna
656 2845 749 2904 dividi
772 2844 875 2903 debuit
898 2849 929 2904 et
951 2846 1038 2905 facile
1062 2847 1170 2922 potuit.
1209 2846 1356 2916 Quartum
1380 2866 1499 2906 versum
1522 2869 1558 2908 ex

280 2936 377 2993 trihus
396 2933 535 2993 membris
555 2938 689 2994 constare
709 2936 802 3010 patet,
826 2934 875 2992 sed
897 2937 1000 2993 utrum
1019 2936 1164 3013 glyconea
1183 2955 1218 2994 ea
1237 2937 1305 3013 sint,
1329 2956 1367 2995 an
1391 2937 1557 2996 ionicorum

280 3025 340 3081 ritu
366 3025 394 3081 in
419 3023 494 3082 duas
518 3024 623 3101 longas
646 3025 805 3082 excurrant
827 3024 883 3082 hoc
905 3024 1006 3084 modo:

510 3132 1326 3185 ooo·oo.oi‘--0.²oo-or'--0².ool-sr

280 3241 325 3296 est
349 3237 428 3313 quod
452 3236 577 3295 dubites.
614 3236 711 3295 Priori
734 3236 813 3295 enim
836 3236 1018 3312 percussioni
1042 3238 1206 3298 similitudo
1226 3239 1424 3299 membrorum
1448 3240 1557 3316 prioris

279 3326 374 3401 partis
398 3327 536 3402 strophae
560 3332 591 3384 et
613 3326 695 3384 iusta
713 3326 856 3385 catalexis
874 3327 996 3404 periodi,
1021 3328 1108 3387 alteri
1127 3328 1300 3388 colometria
1319 3329 1453 3388 codicum
1472 3330 1556 3389 scho-

279 3415 447 3491 liorumque
467 3415 657 3474 metricorum
677 3419 707 3474 et
726 3434 865 3475 caesurae
884 3417 966 3476 sedes
986 3417 1017 3474 in
1035 3417 1147 3476 maiore
1162 3436 1284 3477 nurnero
1298 3436 1439 3476 versuum
1453 3418 1554 3478 favere

279 3504 426 3563 videntur.
473 3503 620 3580 Equidem
644 3506 803 3581 utramque
827 3505 907 3564 viam
930 3506 1089 3566 scandendi
1112 3506 1174 3583 inii,
1198 3506 1328 3582 priorem
1351 3507 1381 3564 in
1405 3508 1554 3567 schemate

279 3593 403 3652 carmini
427 3593 603 3669 praemisso,
632 3595 757 3653 alteram
781 3594 812 3652 iu
834 3594 913 3653 Prol.
937 3614 1007 3654 nvn.
1055 3594 1194 3654 Ceterum
1221 3596 1353 3655 conferre
1382 3596 1468 3655 iuvat
1491 3616 1555 3656 oar-

280 3682 359 3740 mina
379 3682 526 3741 similibus
545 3683 647 3742 metris
666 3684 831 3759 composita
850 3683 938 3743 O.1x.
963 3684 1073 3742 P.v111.
1097 3684 1133 3741 N.
1148 3702 1187 3742 xv.
1211 3684 1235 3742 Ι.
1250 3703 1300 3741 v11.
1320 3703 1383 3743 vm.
1415 3685 1555 3764 Pompae,

279 3791 338 3846 qua
356 3771 453 3830 victor
471 3773 563 3831 redux
586 3772 705 3832 domum
725 3772 926 3831 deducebatur
944 3767 986 3853 (v.
1002 3765 1059 3851 aa),
1078 3773 1317 3849 monostrophica
1336 3794 1456 3850 quoque
1476 3796 1554 3836 com-

278 3860 387 3935 positio
411 3861 634 3920 accommodata
657 3864 710 3937 est,
734 3864 770 3918 ut
793 3861 916 3936 exposui
939 3862 969 3919 in
994 3881 1055 3939 arg.
1076 3862 1215 3920 carminis
1239 3860 1271 3919 P.
1291 3881 1342 3921 xu.

324 4030 487 4117 Ὅθευπερ
510 4031 565 4097 καὶ
584 4031 755 4117 Ὁμηρίδαι
1354 4040 1433 4119 Στρ.
1457 4034 1500 4100 α’.

333 4141 466 4223 ῥαπτῶν
490 4139 594 4204 ἐπέων
617 4139 751 4205 ταπόλλ’
777 4138 886 4204 ἀοιδοὶ

350 4333 428 4366 varim
451 4333 551 4368 inciso.
590 4316 673 4369 Inscr.
694 4333 746 4371 om.
766 4316 793 4369 B
812 4320 841 4370 et
860 4313 959 4381 schol.;
979 4335 1032 4384 τιμ.
1052 4317 1100 4370 dd.
1121 4317 1240 4386 ἀχαρνεῑ
1258 4326 1412 4386 παγκρατεῑ
1429 4318 1460 4373 D
1480 4349 1512 4357 -

350 4475 537 4510 ‹founasmma
572 4477 595 4510 v.
619 4464 678 4511 lss.
712 4462 744 4512 ut
768 4475 785 4511 a
808 4459 949 4528 prooemio
974 4458 1047 4512 lovis
1066 4459 1233 4514 Homeridae
1257 4460 1450 4530 auspicantur,
1476 4459 1516 4513 sie
1536 4478 1552 4512 a

277 4527 351 4581 lovis¹
371 4527 444 4580 ludis
464 4527 611 4582 Nemeaeis
631 4529 809 4584 Timodemns
827 4529 1028 4599 pancratiaste.
1062 4531 1231 4600 Rhapsodiis
1250 4531 1404 4585 Homericis
1422 4531 1551 4600 hymnos,

276 4598 378 4666 quibus
399 4598 463 4651 iude
482 4616 583 4653 nomen
601 4599 755 4669 προοιμίων
774 4600 828 4654 luit
846 4604 881 4670 (v.
901 4618 914 4655 a
933 4606 962 4655 et
980 4601 1065 4656 Thuc.
1086 4606 1187 4669 a,1m),
1211 4602 1355 4671 praemitti
1374 4601 1472 4656 solitos
1491 4619 1551 4656 esse

276 4669 350 4723 inter
373 4688 467 4723 omues
491 4675 615 4737 constat;
645 4671 745 4724 mirum
769 4671 852 4739 illud,
882 4671 957 4741 quod
976 4672 1113 4727 Pindarus
1139 4673 1184 4726 hie
1204 4679 1233 4727 et
1252 4675 1285 4727 N.
1305 4694 1321 4727 v
1340 4691 1365 4728 es
1388 4673 1552 4744 plerumque

275 4742 320 4809 (rh
340 4742 435 4808 πολλά,
456 4743 489 4795 cf.
509 4742 540 4797 ll.
560 4761 616 4795 xvn
630 4762 678 4796 4:50.
698 4742 769 4798 Plat.
785 4744 860 4800 Prot.
876 4747 944 4813 auu)
964 4744 1036 4798 Iovis
1056 4744 1142 4798 fuisse
1164 4745 1232 4799 illos
1252 4745 1368 4814 hymnos
1388 4745 1469 4814 dicit,
1496 4746 1553 4799 Ho-

275 4813 370 4867 merici
392 4819 484 4867 nutem
504 4814 600 4884 hymni
625 4813 751 4884 plerique
771 4815 889 4868 aliorum
909 4815 1022 4869 deorum
1044 4821 1108 4868 sunt
1128 4818 1156 4869 ct
1175 4833 1246 4868 rinus
1266 4816 1340 4870 solus
1361 4817 1398 4886 (h.
1419 4822 1453 4886 aa)
1472 4816 1552 4884 isque
