3406 5378
287 303 353 368 270
757 305 906 356 ernusnr
925 304 1091 356 sermon.

286 474 397 533 dicium
421 475 532 549 exstet3
554 473 646 532 immo
671 471 893 548 comparatione
919 491 988 531 cum
1013 471 1102 532 choro
1128 471 1296 548 Musarum,
1320 470 1351 528 in
1378 489 1437 546 quo
1465 469 1562 529 medio

286 563 395 640 Apollo
414 563 487 622 deus
510 565 592 621 stans
612 562 759 621 citharam
777 562 890 637 plectro
910 562 1020 637 pulsat,
1039 560 1173 619 versibus
1193 572 1306 618 ‘za—24
1327 560 1467 618 instituta
1486 559 1563 618 effici

286 651 406 710 videtur
427 651 458 709 in
481 651 537 711 hoc
565 670 684 726 quoque
712 650 843 710 carmine
871 650 959 710 choro
987 650 1108 709 canenti
1135 648 1386 725 poetam-fidibus
1410 649 1453 707 ita
1476 667 1562 724 prae-

288 741 424 816 cinuisse,
447 743 482 798 ut
504 759 565 800 uno
589 740 654 799 loco
678 739 753 798 fixus
777 741 912 798 maneret
934 758 1031 814 neque
1054 739 1176 798 choreas
1200 738 1330 797 duceret.

342 895 413 959 Οὐκ
436 894 711 979 ἀνδριαντοποιός
734 892 810 977 εἰμ’,
1366 897 1445 977 Στρ.
1466 890 1508 957 α’.

387 1000 463 1066 ὥστ’
492 999 686 1066 ἐλινύσοντα
708 1000 927 1084 ίεργάζεσθαι
951 998 1107 1084 ἀγάλματ’
1136 998 1186 1064 ἐπ’
1212 1000 1313 1074 αὐτᾶς
1335 1001 1502 1083 βαθμίδος

341 1106 482 1173 ἑσταότ’·
506 1107 576 1173 ἀλλ’
605 1106 657 1173 ε’πί
680 1108 787 1184 πάσας
809 1107 950 1183 ὁλκάδος
973 1110 1009 1171 ἰν
1033 1104 1059 1170 τ’
1088 1106 1211 1194 ἀκάτω,
1235 1104 1361 1188 γλυκεῖ’
1388 1105 1500 1188 άοιόά,
1547 1123 1562 1168 5

342 1214 441 1300 στεῖχ’
469 1213 524 1280 ἀπ’
551 1219 706 1298 Αἰγίνας,
729 1212 962 1296 ὀιαγγὲλλοισ’,
986 1214 1036 1278 ὄτι

341 1323 527 1407 Λάμπωνος
549 1324 622 1398 υίὸς
646 1319 784 1396 Πυθέας
807 1319 1012 1403 εὐρυσθενὴς

306 1446 321 1491 ο
340 1432 415 1510 νίκη
440 1432 595 1512 Νεμείοις
618 1429 820 1510 παγκρατίου
845 1426 1025 1510 στέφανον,

341 1537 433 1599 οὔπω
457 1534 573 1618 γένυσι
597 1538 728 1618 φαίνων
751 1532 901 1616 τέρειναν
923 1530 1036 1616 ματέρ’
1062 1532 1223 1609 οἰνάνθας
1246 1532 1395 1620 ὀπώραν,
1530 1553 1562 1598 10

341 1713 375 1778 ἐκ
398 1710 434 1776 dl
458 1715 593 1797 Κρόνου
616 1710 670 1776 καί
696 1713 803 1794 Ζηνὸς
825 1711 860 1793 ἥ·
1363 1710 1445 1778 Ἁντ.
1465 1711 1507 1777 α’.

385 1843 473 1904 ρωας
495 1820 654 1903 αἰχματὰς
677 1816 905 1902 φυτευθέντας
927 1814 982 1881 καί
1005 1816 1069 1882 άπὸ
1092 1826 1236 1903 χρυσεᾶν
1259 1820 1442 1901 Νηρηίδων

335 1927 496 2002 Αἰακίδας
519 1924 674 2010 ἐγέραιρεν
696 1926 899 2009 ματρόπολίν
922 1946 970 2005 τε,
995 1927 1098 2008 φίλων
1121 1924 1225 2001 ξένων
1247 1926 1407 2010 ἄρουραν·
1530 1944 1561 1989 15

357 2139 437 2173 vanis
456 2137 559 2173 necaro.
597 2118 680 2171 Inscr.
700 2115 802 2190 Πυθίᾳ
821 2117 902 2170 παιδὶ
922 2116 994 2185 (fort.
1015 2115 1172 2187 Λάμπωνος
1190 2119 1282 2186 παιδὶ)
1302 2117 1432 2189 Αἰγινήτῃ
1452 2119 1509 2186 ὠὸή
1530 2120 1558 2172 ε’

289 2192 324 2258 Β,
343 2191 446 2245 Πυθέα
464 2190 515 2245 ote
534 2189 690 2259 Λάμπωνος
708 2196 917 2259 παγκρατιαστῇ
933 2188 962 2242 D
982 2220 1014 2227 —
1031 2196 1052 2242 1.
1076 2188 1192 2242 ἰλινύοο.
1209 2190 1238 2242 D
1252 2221 1285 2228 -
1300 2197 1324 2243 ⁶2.
1347 2189 1377 2243 in
1390 2207 1478 2260 marg.
1495 2189 1560 2243 add.

287 2263 317 2317 D
335 2295 368 2302 -
387 2246 480 2325 πάσας
498 2246 593 2315 Τείως
617 2259 708 2328 πάσης
731 2260 797 2314 BD
817 2292 849 2300 —
870 2266 894 2314 λι.
918 2258 982 2328 νίκη
1004 2259 1114 2328 Heyne:
1137 2268 1202 2329 νικη
1225 2260 1301 2327 BD,
1326 2270 1391 2331 νιιιῇ
1415 2260 1508 2331 Bergk
1527 2293 1560 2301 -

287 2342 311 2389 6.
331 2332 409 2403 γένυι
428 2333 498 2387 coni.
518 2333 660 2387 Hermann
684 2363 717 2371 -
742 2329 884 2385 οἰνάνθαν
907 2330 1019 2399 ὀπώρας
1042 2331 1113 2385 coni.
1132 2332 1218 2384 Panw
1236 2364 1271 2371 —
1291 2336 1314 2384 7.
1339 2333 1476 2401 νηρεΐὸων
1495 2333 1562 2386 BD

289 2437 321 2444 —
341 2411 364 2459 8.
386 2402 510 2475 ἐγέραιρε
529 2404 606 2458 BD:
626 2399 738 2472 ἐγέραρε
759 2402 800 2456 ed.
820 2402 898 2456 Rom.
919 2434 951 2441 -

357 2564 545 2599 consensisti.
582 2564 607 2599 v.
625 2552 638 2598 1
654 2563 689 2598 ss.
715 2544 832 2598 Carmen
855 2543 1005 2614 epinicium
1024 2547 1120 2598 statua
1138 2544 1232 2614 potius
1256 2561 1316 2599 esse
1340 2545 1466 2615 exponit,
1486 2545 1561 2613 quod

286 2636 341 2671 non
360 2616 461 2671 utillo
484 2617 581 2671 eodem
608 2616 669 2671 loco
695 2617 779 2669 fixum
804 2618 931 2684 maneat,
957 2616 1006 2669 sad
1032 2620 1177 2684 tamquam
1200 2615 1346 2685 navigium
1365 2634 1397 2669 su
1419 2633 1448 2670 er
1466 2616 1561 2670 omnia

286 2689 376 2742 maria
394 2688 500 2742 lamam
514 2687 628 2742 victoris
643 2687 792 2740 diffundat.
820 2686 909 2740 Huius
928 2703 992 2740 vero
1012 2685 1229 2756 comparationis
1248 2685 1380 2756 lepidam,
1398 2635 1467 2742 licet
1486 2704 1560 2741 com-

285 2759 460 2825 menticiam,
484 2776 599 2813 causam
622 2757 729 2813 scholia
753 2756 874 2812 afferunt
896 2757 981 2813 hanc:
1007 2757 1160 2811 Pindarum
1179 2757 1311 2812 carminis
1329 2758 1486 2813 mercedem
1504 2757 1561 2812 tria

287 2830 365 2885 milia
385 2831 580 2885 drachmarum
599 2829 767 2900 poposcisse,
782 2829 856 2897 quod
871 2829 992 2899 primum
1005 2844 1148 2883 recusasse
1162 2828 1283 2900 gentiles
1298 2829 1422 2899 Pytheae
1437 2830 1560 2898 victoris,

286 2902 398 2971 quando
422 2901 533 2972 signum
557 2918 674 2955 aeneum
698 2903 780 2953 tanta
802 2899 922 2969 pecunia
941 2900 1097 2982 comparari
1125 2903 1233 2970 posset,
1252 2904 1352 2971 postea
1370 2905 1477 2970 autem,
1497 2919 1561 2957 cum

288 2973 410 3027 carmine
430 2973 521 3043 magis
540 2989 625 3040 quam
644 2971 724 3041 signo
743 2972 849 3024 famam
866 2970 988 3025 hominis
1006 2971 1144 3025 illustrari
1163 2972 1369 3043 cognovissent,
1384 2990 1440 3027 non
1457 2973 1561 3027 invitos

287 3044 406 3098 dedisse.
435 3043 609 3097 Sententiam
628 3042 743 3096 Pindari
757 3042 852 3096 reddit
865 3041 998 3097 Horatius
1018 3042 1176 3110 C.1va,1s:
1197 3046 1253 3099 sice
1272 3061 1338 3114 qnos
1357 3045 1432 3100 Ελια
1451 3046 1560 3099 domum

288 3117 394 3170 reducit
410 3116 523 3184 Ιγαίνια
547 3116 669 3169 caelestes
688 3115 811 3185 pugilem
833 3132 960 3238 (Ρηιιιινιοτ
976 3118 981 3183 Ι
996 3115 1065 3169 dicit
1082 3122 1107 3169 et
1126 3122 1233 3170 ceratam
1253 3117 1360 3196 potiore
1377 3118 1465 3187 είςκίε
1478 3118 1559 3240 ρεπιι-

287 3204 350 3242 nere
369 3188 460 3241 dorent.
500 3184 539 3238 De
559 3185 660 3239 statuis
679 3183 815 3239 victorum
858 3185 950 3239 mdari
968 3186 1063 3239 aetate
1082 3185 1181 3255 positis
1201 3202 1312 3256 copiose
1333 3186 1461 3256 disputat
1496 3187 1560 3254 abb,

284 3256 401 3311 Journal
413 3255 526 3311 ofHell.
538 3256 653 3311 studui
668 3272 706 3310 ns
721 3274 755 3310 ss.
769 3289 799 3296 —
816 3257 903 3320 αὐτᾶς
913 3283 946 3301 =
957 3265 1006 3319 τας
1016 3256 1111 3319 αὐτᾶς,
1126 3257 1200 3326 quod
1216 3256 1327 3311 dicendi
1342 3274 1430 3327 genus
1444 3257 1560 3311 Pindari

285 3332 314 3384 et
336 3327 450 3383 Homeri
473 3344 534 3383 esse
558 3330 721 3381 constat-
745 3332 770 3382 2.
795 3331 860 3397 apte
886 3331 970 3397 poeta
996 3327 1031 3381 de
1054 3327 1160 3382 maiore
1182 3328 1250 3382 navi
1273 3328 1481 3399 praepositione
1506 3327 1560 3397 ἐπί,

284 3401 319 3454 de
337 3416 425 3470 parva
451 3399 534 3453 lintre
559 3397 765 3469 praepositione
792 3397 823 3453 ἐν
847 3416 914 3452 usus
940 3403 998 3467 est3
1024 3398 1095 3453 bene
1119 3398 1195 3454 idem
1218 3400 1247 3452 in
1266 3399 1359 3454 insula
1382 3403 1558 3455 mercaturae

284 3472 412 3525 studiosa
430 3470 553 3542 imagine
573 3468 762 3542 navigationis
782 3468 1004 3540 divulgationem
1027 3469 1120 3524 famae
1143 3469 1348 3525 illustravit-
1368 3477 1392 3527 ὁ.
1417 3468 1481 3540 νίκη
1501 3468 1558 3525 cre'·

286 3562 387 3611 φανον,
408 3545 573 3596 consecutus
592 3545 635 3595 est
651 3539 771 3595 victoria
790 3557 933 3608 coronam,
958 3540 997 3595 sic
1016 3549 1099 3595 νικᾶν
1123 3539 1226 3610 χαλκόν
1249 3541 1283 3596 N.
1303 3562 1320 3594 x
1339 3558 1377 3612 re,
1402 3551 1486 3597 νικᾶν
1505 3540 1560 3610 τρί-

284 3616 359 3667 ποδα
378 3614 497 3683 append.
513 3613 599 3683 epigr.
615 3629 689 3666 το-
704 3618 727 3666 6.
767 3609 843 3680 ατέρ’
861 3611 999 3674 οἰνάνθας
1018 3612 1132 3679 ὀπώραν
1154 3612 1177 3665 si
1198 3616 1272 3666 recte
1292 3629 1320 3666 se
1339 3613 1454 3682 habent,
1473 3617 1560 3682 poeta

284 3684 398 3752 ὀπώραν
420 3701 477 3738 non
502 3690 679 3751 autumnum,
706 3700 734 3738 se
780 3683 898 3738 aestatis
924 3683 1046 3737 calorem
1070 3682 1222 3753 intellexit,
1249 3701 1334 3752 quam
1361 3684 1483 3739 similem
1501 3685 1558 3739 vim

282 3755 348 3810 huic
374 3755 512 3811 vocabulo
538 3760 622 3825 poeta
648 3754 749 3809 tribuit
773 3755 878 3823 1.11⁵;
905 3754 939 3808 de
965 3754 1174 3824 comparatione
1199 3755 1341 3824 lanuginis
1366 3757 1471 3810 barbae
1496 3774 1558 3810 cum

283 3827 359 3881 viteo
377 3827 502 3897 germine
522 3827 616 3882 confer
635 3827 697 3880 Eur.
713 3825 817 3880 Phoen.
833 3842 884 3880 neo
898 3826 1021 3880 οἰνωπὸν
1034 3823 1119 3894 γένυν
1136 3858 1167 3867 -
1184 3833 1206 3882 7.
1227 3826 1326 3881 schol:
1346 3826 1376 3880 ἐκ
1396 3825 1427 3880 di
1448 3825 1559 3894 Κρόνον

283 3899 331 3953 καί
353 3897 452 3967 Ζηνός·
475 3901 606 3968 Τελαμὼν
625 3899 672 3952 καί
692 3896 808 3966 Πηλεύς,
827 3896 875 3965 qui
894 3896 946 3950 filii
966 3896 1058 3964 Aeaci,
1078 3895 1130 3950 filii
1149 3897 1234 3965 Jovis,
1254 3901 1283 3951 et
1301 3896 1447 3967 Endeidis,
1465 3899 1560 3990 neptis

284 3970 406 4036 Saturni,
425 3973 518 4036 erant;
543 3969 640 4024 schol:
665 3966 776 4036 Κρόνον
798 3966 922 4038 μὲνγὰρ
941 3970 1049 4034 Χείρων
1068 3968 1116 4022 καὶ
1136 3969 1267 4037 Φιλύρας,
1291 3967 1431 4038 Χείρωνος
1449 3969 1480 4025 δὲ
1505 3973 1559 4024 Εν·

284 4042 353 4110 deig,
371 4039 519 4109 Ἐνδηίδος
537 4039 568 4093 δὲ
585 4042 717 4110 Τελαμὼν
733 4041 781 4093 καί
795 4041 903 4107 Πηλεὺς
923 4038 951 4105 ἐξ
965 4039 1078 4093 Αἰακοῦ.
1107 4041 1199 4107 Atque
1218 4039 1271 4094 hoc
1285 4039 1399 4108 quidem
1419 4041 1479 4095 loco
1494 4040 1559 4095 Pin-

283 4112 368 4166 darus
386 4129 416 4166 re
435 4128 501 4165 vera
520 4110 676 4165 Endaidem
698 4128 748 4180 pro
768 4110 896 4165 Chironis
919 4109 978 4163 lilia
997 4109 1165 4179 Saturnique
1184 4115 1268 4181 nepte
1287 4111 1420 4166 habuisse
1439 4112 1559 4180 videtur,

303 4200 434 4251 uamqam
460 4182 525 4236 aliis
551 4181 620 4236 locis
646 4181 804 4249 Chironem,
831 4181 934 4250 quipe
960 4198 1042 4250 quem
1061 4180 1178 4235 Achillis
1202 4187 1231 4236 et
1257 4182 1364 4237 Iasonis
1391 4183 1558 4253 magistrum

283 4202 393 4319 dixerit,
407 4254 543 4307 minorem
557 4256 625 4307 natu
640 4270 724 4321 quam
738 4255 860 4306 Aeacum
875 4201 961 4306 iirisse
977 4252 1076 4306 statuit
1090 4256 1119 4306 et
1133 4252 1183 4306 alii
1198 4253 1346 4324 scriptores
1361 4256 1396 4318 (v.
1407 4254 1480 4309 Prol.
1495 4260 1558 4321 cxx)

283 4325 438 4379 Endaidem
462 4342 518 4378 non
537 4324 676 4389 Chironis,
700 4324 750 4378 sed
773 4323 896 4378 Scironis
920 4323 1008 4377 filiam
1031 4323 1117 4377 fuisse
1136 4324 1330 4393 perhibebant.
1368 4325 1508 4380 Nimirum
1527 4330 1556 4380 in

282 4395 448 4464 permutatis
473 4395 517 4449 his
543 4395 701 4450 nominibus
727 4394 866 4465 (Chironis
886 4398 915 4448 et
933 4394 1064 4463 Scironis)
1090 4395 1226 4450 historiae
1251 4396 1388 4450 fabularis
1415 4397 1558 4452 scintillae

283 4466 437 4521 simultatis
454 4467 664 4522 Atheniensium
684 4469 712 4520 et
726 4467 926 4538 Aeginetarum
944 4465 1044 4533 latent,
1063 4483 1152 4535 neque
1172 4466 1229 4521 scio
1249 4485 1286 4522 an
1305 4467 1442 4522 Pindarus
1460 4469 1490 4523 in
1503 4469 1558 4523 hac

282 4538 379 4592 fabula
398 4538 475 4593 etin
494 4556 535 4605 ea,
555 4555 639 4607 quam
659 4539 692 4591 de
712 4537 798 4592 Aeaci
817 4536 923 4591 auxilio
938 4554 955 4591 a
970 4536 1083 4591 Graecis
1104 4538 1233 4592 omnibus
1253 4539 1403 4609 implorato
1418 4539 1516 4594 N.v111
1533 4559 1558 4594 ιο

282 4609 427 4681 exposuit,
447 4616 544 4664 auctor
562 4609 748 4679 interpolatae
767 4611 796 4662 et
815 4626 894 4663 cortu
915 4611 961 4662 tae
981 4608 1082 4663 veteris
1102 4609 1263 4663 traditionis
1283 4609 1424 4665 exstiterit
1444 4643 1476 4651 -
1498 4613 1557 4680 Νη-

283 4683 399 4751 ρηΐδων·
424 4700 458 4735 er
481 4681 582 4750 quibus
606 4683 635 4734 et
652 4681 760 4733 Phocus
780 4680 866 4734 Aeaci
884 4627 959 4733 filins
978 4682 1007 4733 et
1025 4679 1148 4733 Achilles
1167 4680 1245 4734 Pelei
1263 4682 1337 4735 filius
1356 4683 1418 4735 nati
1438 4686 1504 4736 sunt
1524 4715 1556 4722 -

283 4761 307 4809 8.
327 4752 509 4825 ματρόπολιν·
529 4752 576 4807 hic
594 4752 692 4806 matris
712 4751 808 4805 urbem
827 4751 886 4805 eisc
906 4751 1089 4805 Aeacidarum
1109 4752 1229 4821 patriam
1249 4754 1294 4820 (cf.
1315 4753 1398 4823 Soph.
1420 4755 1483 4810 Ant.
1506 4771 1556 4808 ires
