3406 5378
713 386 837 436 NEMEA
857 386 905 437 lIl.
1380 386 1445 449 249

167 550 278 610 Melissi
308 550 443 610 Tbebani
470 544 507 632 (I.
529 544 577 633 ιι)
607 551 826 627 comprobatur.
873 553 917 611 De
948 555 1080 628 tempore
1108 553 1248 612 carminis
1282 554 1354 611 nihil
1384 575 1444 613 me·

167 639 278 700 moriae
301 640 454 715 proditum
477 644 531 718 est,
554 642 605 701 sed
629 661 664 699 ex
687 644 752 700 tota
776 642 874 701 indole
898 642 1038 702 carminis
1061 643 1158 701 elucet
1180 644 1310 701 nondum
1335 644 1446 703 fractas

169 731 235 788 turn
255 727 347 788 luisse
367 748 437 807 opes
456 730 680 808 Aeginetarum.
717 731 761 789 Ex
781 750 890 809 magno
909 734 1011 791 autem
1031 751 1153 790 numero
1173 733 1316 809 locorum,
1335 732 1445 809 quibus

167 818 223 878 hoo
251 836 369 879 carmen
398 837 467 878 curn
495 819 677 878 carminibus
701 817 772 879 0.1.
797 839 828 878 ιι,
853 839 895 881 ιιι.
928 821 961 879 P.
986 839 1008 877 ιι
1033 821 1193 879 concordat
1224 813 1276 887 (cf.
1300 841 1446 881 commen·

169 907 314 967 tadonem
343 928 455 985 meam,
486 909 545 967 Zur
573 908 769 987 Chronologie
794 909 878 968 Pind.
903 910 1147 987 Siegesgestnge,
1180 910 1258 970 Stzb.
1282 911 1309 968 d.
1334 913 1366 969 B.
1390 910 1447 971 Ak.

174 998 255 1056 1889
280 1017 308 1073 p.
328 1009 361 1056 62
383 992 428 1077 ff.)
451 999 591 1076 colligere
615 1016 707 1055 ausus
730 1017 810 1075 sum,
834 1019 893 1058 non
917 999 1047 1056 multum
1071 999 1126 1059 hoc
1150 1019 1267 1059 carmen
1292 1020 1310 1057 a
1334 1003 1446 1076 tempo-

169 1085 251 1145 ribus
284 1085 404 1146 illorum
437 1086 603 1147 carminum
635 1087 759 1164 distare,
791 1088 870 1146 unde
903 1088 980 1147 circa
1008 1108 1034 1147 a.
1059 1090 1122 1148 469
1152 1087 1183 1146 id
1212 1089 1356 1164 scriptum
1384 1107 1448 1149 esse

169 1175 271 1235 videri.
308 1176 413 1252 Neque
433 1196 510 1253 quae
531 1176 749 1236 aFracearolio
769 1177 927 1237 observata
945 1180 992 1236 est
1005 1177 1171 1237 similitudo
1187 1178 1266 1236 inter
1279 1178 1315 1236 N.
1331 1197 1365 1235 ιιι
1382 1189 1414 1237 72
1425 1198 1446 1238 s.

170 1267 201 1323 et
219 1264 251 1323 P.
266 1283 298 1323 ιι
317 1275 366 1324 281
380 1285 401 1325 s.
421 1266 606 1325 intercedens
625 1266 663 1324 ad
681 1286 777 1325 meam
796 1265 976 1325 sententiam
995 1265 1186 1325 refutandam
1205 1267 1294 1343 valet,
1315 1268 1448 1343 quando·

171 1353 291 1430 quidem
323 1355 413 1415 unius
445 1355 650 1414 similitudinis
682 1375 741 1415 non
771 1355 873 1414 vradem
904 1358 995 1431 atque
1026 1356 1190 1414 multarum
1222 1356 1268 1415 vis
1295 1359 1348 1415 est.
1399 1356 1448 1415 Sic

172 1446 273 1503 autem
296 1443 321 1501 si
345 1445 461 1503 natales
485 1445 624 1504 carminis
649 1445 832 1521 ordinamus,
858 1444 996 1503 idoneam
1020 1464 1139 1522 quoque
1163 1464 1285 1504 causam
1308 1445 1449 1505 carminis

170 1551 234 1592 sero
262 1532 345 1592 missi
373 1523 414 1613 (v.
438 1530 486 1595 80)
516 1534 721 1593 nanciscimur.
769 1534 801 1591 Si
828 1534 906 1592 enim
933 1534 1083 1594 Nemeaea
1111 1534 1237 1594 victoria
1261 1554 1287 1592 a.
1312 1536 1375 1593 473
1399 1535 1446 1594 vel

171 1624 231 1680 471
252 1622 289 1681 ab
309 1622 486 1682 Aristoclide
506 1626 593 1699 parta
613 1626 665 1699 est,
689 1626 752 1681 turn
772 1623 913 1698 temporis
932 1623 1089 1700 PindaruS,
1113 1624 1199 1683 cuius
1217 1624 1335 1682 Musam
1354 1623 1446 1703 Aegi-

171 1714 257 1770 netae
286 1711 420 1788 inprimis
448 1712 615 1788 ambibunt,
644 1713 672 1769 in
698 1712 800 1771 Sicilia
828 1712 1080 1790 commorabatur,
1108 1713 1186 1772 unde
1209 1714 1303 1772 redux
1326 1714 1444 1772 demum

171 1799 208 1859 ab
231 1800 336 1859 itinere
361 1801 548 1876 Syracusano
572 1802 675 1860 amicis
699 1801 881 1877 Aeginetiois
904 1822 1017 1861 morem
1040 1821 1141 1880 gerere
1164 1801 1273 1878 potuit.

258 1890 294 1948 In
313 1890 432 1950 exordio
451 1894 541 1967 poeta
559 1891 676 1949 Musam
695 1891 823 1966 invocat,
847 1894 882 1949 ut
904 1890 935 1948 in
956 1892 1098 1951 honorem
1117 1890 1283 1951 Nemeaeae
1302 1891 1445 1951 victoriae

172 1997 288 2038 carmen
317 1982 407 2037 canat
433 1980 485 2038 diu
509 1980 569 2038 iam
596 1980 774 2055 promissum
805 1983 836 2039 et
863 1983 1068 2055 exspectatum
1096 1972 1217 2059 (1-5);
1250 1981 1445 2040 certaminum

171 2068 250 2127 enim
280 2068 396 2127 coronis
426 2068 590 2127 carminum
620 2069 811 2145 praeconium
841 2068 968 2127 maxime
998 2068 1159 2146 postulari,
1195 2088 1256 2145 qua
1290 2070 1325 2128 de
1356 2088 1447 2129 causa

172 2157 233 2217 iam
251 2157 407 2233 Aeginam,
431 2162 527 2217 terrac
551 2159 649 2235 decus,
673 2178 702 2215 se
726 2158 949 2217 illustraturum
973 2176 1035 2217 esse
1059 2161 1089 2217 et
1112 2177 1258 2217 unacum
1278 2158 1445 2218 eaAristo·

172 2245 290 2322 clidem,
315 2248 367 2322 qui
395 2247 643 2323 Myrmidonibus,
672 2247 776 2323 priscis
800 2247 904 2305 incolis
932 2247 1060 2325 insulae,
1089 2248 1244 2323 pancratio
1268 2248 1393 2327 dignum
1416 2265 1446 2306 se

172 2335 368 2412 praest‘te-rit,
396 2341 431 2394 ut
454 2337 591 2396 Herculis
619 2337 773 2396 columnas
801 2336 860 2394 iarn
888 2339 1042 2396 assecutus
1065 2354 1126 2395 esse
1150 2337 1288 2395 videatur
1311 2328 1446 2416 (6—21).

173 2424 384 2484 Columnarum
412 2426 550 2485 Herculis
583 2425 730 2485 mentione
759 2426 840 2483 facta
867 2444 935 2483 cum
962 2430 1052 2501 poeta
1082 2426 1120 2484 ad
1147 2444 1206 2503 rea,
1235 2445 1310 2502 quas
1337 2426 1388 2485 ille
1415 2425 1447 2483 in

173 2515 378 2574 remotissimis
405 2514 514 2574 finibus
544 2519 691 2574 terrarum
721 2518 751 2573 et
780 2514 906 2573 marium
935 2515 1087 2591 gessisset,
1115 2515 1278 2573 narrandas
1307 2514 1447 2590 abreptus

173 2605 264 2680 esset,
296 2604 364 2662 inde
389 2623 418 2662 se
448 2607 570 2664 revocat
600 2605 637 2662 ad
667 2604 843 2663 domesticas
872 2604 975 2662 laudes
1006 2603 1204 2663 Aeacidarum
1232 2604 1446 2679 praedicandas

174 2683 316 2773 (ta—32).
360 2694 393 2751 In
418 2694 575 2769 principali
600 2694 694 2770 igitur
712 2696 796 2769 parte
820 2692 959 2752 carminis
978 2694 1102 2751 Peleum
1126 2693 1237 2767 lauda-t,
1262 2693 1314 2769 qui
1334 2693 1445 2751 Iolcum

174 2783 390 2860 expugnaverit
408 2786 437 2841 et
457 2784 612 2841 Thetidem
632 2782 789 2859 coniugem
809 2785 914 2842 nactus
934 2783 981 2858 sit,
1005 2783 1204 2859 Telamonem,
1228 2782 1279 2858 qui
1300 2801 1447 2840 unacum

174 2872 257 2931 Iolao
273 2872 504 2931 Laomedontem
519 2876 550 2930 et
564 2873 731 2930 Amazonas
745 2871 896 2948 devicerit,
912 2872 1067 2948 Achillem,
1081 2872 1133 2947 qui
1149 2871 1208 2929 iam
1223 2891 1299 2947 puer
1312 2870 1449 2930 miranda

174 2960 307 3019 facinora
323 2961 449 3020 ediderit
466 2964 496 3019 et
514 2962 560 3020 vir
579 2963 677 3020 factus
697 2962 726 3019 in
748 2962 825 3019 bello
846 2961 974 3019 Troiano
994 2961 1115 3037 agmina
1131 2961 1290 3035 Lyciorum
1310 2964 1341 3018 et
1355 2960 1448 3038 Phry-

175 3070 248 3127 gum
271 3051 467 3126 prostraverit
491 3052 736 3126 Memnonemque
760 3051 864 3109 ducem
888 3050 1070 3125 Aethiopum
1094 3049 1278 3109 interemerit
1306 3041 1449 3130 (ae-63).

176 3141 203 3197 A
227 3138 338 3199 fabulis
362 3139 400 3197 ad
423 3158 469 3198 res
493 3144 663 3215 praesentes
681 3140 857 3198 dexterrime
876 3142 966 3215 poeta
989 3139 1033 3196 ita
1052 3138 1138 3215 redit,
1161 3141 1197 3197 ut
1215 3158 1283 3198 cum
1302 3139 1449 3216 heroibus,

176 3228 228 3307 qui
252 3228 288 3287 de
312 3228 457 3306 sanguine
477 3229 555 3289 lovis
574 3229 714 3305 prognati
733 3229 968 3304 praeclarissime
990 3247 1035 3286 res
1054 3228 1208 3304 gesserint,
1232 3226 1450 3304 Aristoclidem,

176 3317 227 3393 qui
250 3317 330 3377 Iovis
354 3318 384 3375 in
408 3318 487 3376 ludis
510 3317 667 3376 Nemeaeis
690 3317 802 3394 vicerit,
827 3320 986 3394 componat
1013 3337 1141 3393 eumque
1170 3317 1281 3393 optimo
1305 3317 1450 3392 cuiusque

176 3406 286 3467 aetatis
310 3427 431 3465 munere
455 3408 539 3484 fungi
566 3407 668 3465 laudet
686 3400 751 3486 (64·
774 3400 829 3465 76).
868 3406 929 3465 Sub
952 3405 1039 3464 finem
1064 3405 1115 3464 ubi
1135 3426 1165 3465 se
1184 3405 1346 3483 excusavit,
1371 3406 1450 3481 quod

176 3513 240 3556 sero
268 3515 386 3554 carmen
415 3496 540 3572 miserit,
569 3496 606 3553 ad
633 3496 764 3573 Musam,
792 3496 870 3554 unde
898 3514 1018 3555 exorsus
1046 3498 1122 3572 erat,
1150 3494 1240 3554 rediit
1262 3494 1450 3554 Aristoclidis

175 3605 272 3644 rerum
297 3585 463 3644 fautricem.

266 3674 420 3751 Aeginetis
447 3674 611 3732 victoribus
638 3678 757 3749 praeter
784 3675 839 3733 hoc
866 3674 1026 3749 epinioium
1054 3673 1201 3730 Pindarus
1231 3672 1362 3748 plurima
1390 3672 1452 3748 epi·

176 3762 255 3823 nicia
278 3763 405 3839 scripsit,
430 3782 506 3838 quae
530 3765 585 3823 hoc
609 3763 711 3824 ordine
736 3763 943 3840 chronologico
968 3780 1030 3823 sese
1053 3762 1218 3837 excipiunt:
1242 3761 1279 3820 N.
1304 3780 1323 3819 v
1348 3755 1451 3841 (481,

176 3851 198 3911 I.
214 3871 245 3911 vr
262 3844 365 3931 (480),
385 3853 406 3910 l.
421 3871 477 3911 v111
492 3844 595 3930 (478),
610 3852 633 3910 I.
648 3871 667 3910 v
683 3844 786 3932 (476),
803 3853 838 3910 N.
855 3870 889 3909 111
904 3843 1008 3932 (469),
1022 3851 1059 3909 N.
1074 3869 1117 3909 ιιι
1132 3842 1236 3931 (467),
1251 3851 1287 3911 N.
1302 3870 1333 3907 ιι
1348 3845 1425 3928 (465
1443 3897 1450 3927 ,

176 3941 212 4000 Ν.
227 3960 259 4000 ιι
279 3933 383 4020 (463),
406 3941 442 3999 N.
457 3960 512 3999 vm
532 3932 635 4020 (461),
660 3940 692 4001 Ο.
708 3960 763 3999 ιιιι
783 3935 883 4021 (460),
906 3932 1131 4020 P.v111(450).
1169 3938 1260 3999 Vides
1283 3940 1371 4015 plura
1389 3958 1452 3999 car-

178 4031 259 4088 mina
274 4030 437 4089 Nemeaeus
453 4034 483 4088 et
492 4030 649 4089 Isthmicas
665 4051 755 4106 quam
767 4029 939 4106 Olympicus
954 4032 984 4088 et
998 4029 1140 4105 Pythicas
1154 4028 1295 4088 victorias
1310 4032 1452 4104 spectare,

177 4120 207 4178 id
235 4119 315 4195 quod
343 4118 416 4177 satis
444 4139 478 4177 ex
507 4139 556 4195 eo,
585 4119 665 4195 quod
689 4118 850 4179 Corinthus
878 4123 908 4177 et
930 4120 1043 4179 Nemea
1071 4118 1108 4177 ab
1131 4118 1230 4176 insula
1253 4117 1369 4195 Aegina
1393 4137 1451 4177 non

177 4209 307 4268 multum
323 4208 482 4285 distabant,
498 4208 671 4283 explicatur.
706 4207 791 4279 Quod
811 4212 911 4267 autem
927 4209 1061 4267 curulem
1075 4207 1232 4267 victoriam
1246 4206 1452 4283 Aegineticum

177 4299 291 4356 nullam
315 4298 462 4356 Pindarus
488 4297 686 4375 praedicavit,
714 4299 858 4374 plurimas
882 4298 1029 4373 pancratii
1057 4299 1087 4355 et
1114 4298 1226 4367 luctae,
1254 4316 1339 4354 uerno
1363 4296 1451 4354 mira·

176 4387 267 4464 bitur,
291 4388 343 4463 qui
362 4387 508 4465 Aeginam
533 4387 661 4446 insulam
684 4387 823 4445 similiter
845 4390 936 4462 atque
955 4387 1090 4445 Ithacam
1114 4386 1198 4462 equis
1218 4385 1331 4443 alendis
1350 4377 1453 4465 (ἵππο-

176 4475 327 4552 τροῳίαις)
357 4477 456 4535 minus
484 4476 620 4534 idoneam
649 4477 739 4535 l'uissc
767 4477 960 4552 reputaverit.
1011 4476 1122 4535 Luctae
1151 4494 1219 4534 vero
1248 4478 1277 4531 et
1304 4474 1453 4549 pancratii

178 4565 278 4624 studia
302 4565 464 4642 Aeginetae
492 4565 619 4623 maxime
647 4565 834 4641 exercebant,
863 4565 942 4642 quod
971 4566 1008 4623 iis
1036 4565 1148 4640 optime
1177 4564 1299 4622 iuvenes
1322 4562 1360 4620 ad
1383 4562 1454 4622 belli

177 4655 310 4731 pericula
334 4654 470 4713 obeunda
494 4654 612 4712 institui
635 4654 792 4731 putabant,
816 4655 894 4713 unde
918 4654 1010 4713 etiam
1029 4654 1150 4712 Peleum
1174 4653 1359 4711 inventorem
1382 4672 1453 4728 pen·

178 4744 267 4802 tathli
291 4743 383 4803 fuisse
406 4742 600 4819 perhibebant
626 4735 667 4822 (v.
687 4744 776 4802 schol.
797 4744 833 4803 N.
853 4762 895 4801 vn
915 4755 944 4820 93
969 4743 1004 4803 cf.
1029 4742 1117 4801 Paus.
1137 4761 1157 4801 v
1177 4754 1219 4818 17,
1240 4752 1280 4799 10.
1313 4740 1453 4800 Philostr.

177 4853 276 4911 gymn.
296 4827 335 4914 3).
386 4832 421 4891 In
449 4830 630 4891 carminibus
658 4833 759 4892 autem
787 4832 969 4911 Aegineticis
1001 4832 1087 4909 quasi
1115 4832 1255 4892 sollemne
1289 4829 1349 4887 suit
1378 4833 1410 4888 et
1437 4850 1455 4887 a
