3406 5378
655 372 812 422 OLYMPIA
832 373 906 425 VIII.

227 531 461 616 Ἀλκιμέδοντα
485 530 521 596 δὲ
544 554 609 616 παρ
635 535 769 617 Κρόνου
793 535 885 619 λόφῳ

231 647 335 723 θῆκεν
356 637 619 723 Ὀλυμπιονίκαν.

231 742 272 829 ἦν
296 744 327 810 δ’
354 745 474 830 έσορᾶν
496 747 608 828 καλός,
633 748 717 832 ἔργῳ
742 745 771 809 τ’
797 746 838 811 οὐ
860 747 942 810 κατὰ
964 746 1075 820 ίεῐδος
1099 744 1241 829 ἐλέγχων
1386 765 1419 810 aa

233 853 359 930 ἐξένεπε
382 852 531 935 κρατέων
553 853 640 938 πάλᾳ
663 854 899 936 δολιχήρετμον
924 858 1068 933 Αἴγιναν
1091 853 1233 934 πάτραν·

232 964 316 1025 ἔνθα
341 958 414 1045 Eni-
438 982 528 1040 τειρα
553 962 636 1034 Διὸς
658 959 767 1037 ξενίου

230 1067 395 1151 πάρεδρος
418 1065 562 1131 ἀσκεῖται
589 1065 689 1150 Θέμις

1192 1178 1218 1211 v
1313 1172 1320 1190 ι

232 1262 313 1347 ἔξοχ’
342 1262 541 1348 ἀνθρώπων.
587 1262 605 1325 ὅ
629 1286 660 1326 χχ
684 1263 746 1348 7⁶²9
770 1264 856 1327 πολὺ
880 1260 935 1326 καὶ
958 1266 1063 1346 πολλᾷ
1086 1197 1263 1346 &wurte-
1286 1177 1329 1256 β.

232 1369 321 1455 ὀρθᾷ
344 1370 528 1455 διακρίνειν
552 1367 651 1451 φρενὶ
673 1371 717 1454 μὴ
741 1371 829 1453 παρὰ
853 1372 985 1452 καιρόν,

144 1494 177 1540 ‘25
233 1474 406 1556 δυσπαλές,
426 1477 548 1559 τεθμὸς
563 1475 603 1539 δέ
618 1499 667 1552 τις
681 1475 860 1540 ἀθανάτων
874 1474 928 1540 καὶ
943 1473 1035 1539 τάνδ’
1054 1474 1203 1561 ἁλιερκέα
1218 1476 1331 1559 χώραν

230 1584 492 1648 παντοδαποῖσιν
515 1581 676 1646 ὑπέστασε
699 1567 805 1659 ξένοις
1386 1600 1419 1646 eo

231 1693 326 1754 κίονα
350 1690 539 1772 δαιμονίαν·

234 1795 252 1860 δ
276 1794 307 1858 δ’
333 1793 540 1859 ἐπαντέλλων
562 1798 681 1880 χρόνος

234 1910 331 1966 τοῦτο
354 1901 513 1984 πράσσων
536 1902 579 1984 μὴ
603 1901 714 1984 κάμοι·

1173 2006 1264 2073 Ἀντ.
1315 2008 1331 2073 '.

146 2116 180 2162 30
235 2103 363 2182 Δωριεῖ
385 2101 452 2183 λαῷ
478 2095 716 2180 ταμιευομέναν
740 2096 771 2173 ἐξ
796 2099 936 2161 Αίακοῦ·
1288 2014 1309 2092 β
1386 2117 1420 2162 40

232 2206 290 2268 τὸν
312 2216 390 2279 παῖς
413 2203 431 2267 ὁ
457 2207 587 2279 Λατοῦς
610 2201 802 2287 εὐρυμέδων
826 2227 859 2267 τε
883 2206 1066 2285 Ποσειδᾶν,

145 2396 171 2450 α’
192 2397 222 2449 ἐν
240 2395 291 2465 μὲν
310 2395 435 2450 Boeckh:
455 2394 483 2448 οὶ
503 2394 554 2465 μὲν
574 2395 605 2449 έν
623 2395 694 2461 (sine
713 2392 752 2463 ὃς)
774 2398 842 2465 AB,
862 2394 892 2458 ὃς
911 2396 940 2449 ot
961 2395 1012 2466 μὲν
1034 2397 1064 2450 ἐν
1086 2397 1141 2451 OD
1162 2398 1191 2449 et
1213 2399 1240 2451 A
1262 2416 1297 2451 m.
1313 2414 1365 2451 rec.
1388 2430 1413 2435 --

143 2468 292 2536 πρόφατον
310 2467 409 2521 'l'riclz
431 2464 598 2534 πρόφαντον
617 2466 751 2533 AROD,
775 2476 909 2536 προφανῆ
928 2467 1134 2533 Schneidewin,
1159 2466 1189 2529 ὓς
1208 2467 1237 2521 σὲ
1256 2466 1421 2537 πρόσφατον

146 2539 176 2592 ἐν
195 2538 291 2612 Νεμέᾳ
311 2538 461 2605 Hermann,
480 2556 505 2592 v.
522 2555 585 2591 ann.
602 2536 635 2590 cl.
652 2536 720 2606 phil.
738 2554 775 2590 reu
789 2542 880 2627 (1882)
896 2555 934 2593 150
998 2544 1038 2591 17.
1057 2538 1116 2606 πὰρ
1131 2540 1172 2593 B:
1191 2539 1269 2606 παρὰ
1284 2541 1373 2594 Aul>
1390 2573 1421 2577 ---

147 2613 188 2663 18.
209 2609 313 2677 ἔθηκεν
327 2610 355 2662 A
371 2640 403 2648 -
419 2615 460 2664 20.
481 2607 567 2674 ἐξένν.
583 2609 643 2662 AB
663 2640 696 2647 -
715 2614 757 2663 ⁶23.
778 2606 845 2664 dn:
865 2613 915 2663 οθι
934 2627 1005 2662 unus
1024 2626 1057 2663 er
1077 2608 1246 2677 scholiastis‚
1265 2614 1298 2664 ut
1310 2610 1423 2664 videtur

145 2713 178 2720 -
192 2685 280 2753 πολλᾷ
295 2681 334 2735 B:
353 2679 442 2733 πολλὰ
456 2680 546 2735 AOD
565 2712 598 2719 —
617 2675 687 2770 ῥέπχ
707 2679 812 2749 Bergk:
832 2677 912 2749 όέποι
932 2681 1062 2748 ABGD,
1081 2677 1158 2747 (λέπει
1174 2683 1242 2751 Bya.
1259 2698 1281 2734 c.
1297 2681 1366 2735 dett.
1386 2713 1419 2721 -

144 2757 186 2806 24.
206 2754 349 2819 διακρῖναι
368 2753 395 2805 A
415 2783 448 2790 —
468 2756 509 2804 25.
530 2752 575 2805 καὶ
596 2748 667 2804 τάνδ
686 2775 692 2804 :
713 2751 832 2804 fortasse
852 2753 898 2805 nal
917 2752 970 2807 τὰν
989 2785 1021 2791 -
1042 2757 1083 2806 26.
1102 2754 1296 2815 παντοδαποῖς
1311 2752 1372 2807 BD
1387 2785 1420 2792 -

145 2893 298 2965 genitalem
321 2893 416 2948 Iovem
439 2893 524 2959 dixit,
550 2910 604 2946 uon
628 2895 686 2947 tarn
710 2894 785 2961 quod
809 2895 991 2949 nascentibus
1014 2894 1054 2948 eis
1079 2894 1159 2948 savos
1178 2894 1251 2948 loris
1270 2894 1420 2964 obtigerat,

145 2964 688 3104 etitesteteaethitae
702 2964 1039 3091 drittttetlss³¹¹⁰t
1053 2965 1345 3101 tttttttttti
1365 2983 1422 3090 ss

144 3108 241 3176 dispar
259 3106 316 3174 illi,
335 3107 370 3162 de
389 3125 443 3176 quo
461 3107 598 3174 Tyrtaeus
614 3126 621 3158 ι
636 3128 648 3159 o
664 3106 734 3159 dicit
752 3107 824 3161 κατὰ
842 3106 871 3162 δ’
892 3109 998 3177 άχλαδν
1018 3105 1092 3171 εἶδος
1111 3107 1222 3178 ἐλέγχει,
1241 3125 1292 3178 par
1311 3059 1419 3162 aditor-

145 3178 220 3232 nelio
240 3177 372 3248 Scipioni,
387 3179 466 3232 cuius
485 3178 515 3231 in
533 3177 677 3247 epItaphio
697 3177 905 3247 scriptumest:
927 3181 1025 3249 psoius
1041 3183 1131 3247 forma
1148 3183 1262 3234 ¹ra'rtatci
1275 3182 1420 3249 parientes

145 3252 202 3317 suit
222 3281 253 3291 -
273 3248 346 3303 κατὰ
361 3292 367 3304 .
383 3291 389 3303 .
406 3292 411 3303 .
427 3247 557 3318 ἐλέγχων·
577 3249 668 3319 figura
685 3249 808 3318 τμήσεως
826 3250 1020 3320 praeverbium
1036 3251 1108 3304 κατὰ
1123 3269 1140 3303 a
1155 3268 1205 3304 suo
1219 3251 1304 3304 verbo
1320 3247 1423 3320 ἐλέγχει

146 3319 320 3375 disiunctum
337 3324 389 3387 est,
408 3324 440 3373 ut
458 3336 542 3389 saepe
561 3337 618 3372 nou
636 3318 725 3373 solnm
745 3321 820 3389 apud
840 3322 999 3389 Homerum,
1019 3322 1068 3375 sed
1087 3322 1173 3375 etiam
1192 3322 1345 3375 Pindarum
1365 3320 1422 3374 sac·

145 3394 206 3445 tum
228 3396 272 3446 est
291 3424 324 3431 -
344 3398 386 3445 22.
405 3390 545 3460 πάρεδρος
569 3390 643 3444 Iovis
669 3391 830 3460 hospitalis,
857 3393 936 3446 cuius
963 3394 1021 3446 iure
1048 3394 1173 3446 advenae
1199 3396 1228 3445 et
1254 3395 1421 3446 mercatores

146 3464 221 3532 apud
240 3463 392 3533 Aeginetae
411 3463 576 3516 fruebantur
595 3462 639 3530 (cf.
654 3462 688 3517 N.
704 3482 732 3514 rr
746 3466 789 3532 ιι),
809 3464 922 3517 IustitIa
941 3482 959 3517 a
977 3464 1099 3518 Pindaro
1118 3463 1164 3517 hic
1184 3467 1213 3518 et
1230 3463 1264 3517 N.
1280 3480 1334 3517 xrs
1354 3463 1421 3516 dici-

145 3538 199 3602 tur,
218 3537 250 3587 nt
268 3531 341 3603 Δλιιη
360 3533 433 3587 Iovis
453 3534 489 3587 ab
508 3533 631 3587 Hesiodo
650 3549 714 3603 opp.
729 3550 767 3589 aar
787 3537 816 3588 et
834 3554 851 3587 a
870 3535 1007 3604 Sophocle
1026 3534 1078 3589 OC.
1095 3551 1154 3589 isse.
1180 3534 1259 3600 Quod
1278 3533 1421 3602 πάρεδρον

148 3602 235 3675 Θέμιν
249 3605 326 3672 dicit,
341 3604 439 3657 divina
458 3621 577 3674 persona
595 3621 657 3658 eam
676 3605 776 3672 induit,
796 3607 870 3673 quod
890 3611 985 3660 autem
1004 3606 1086 3659 addit
1103 3607 1238 3671 ἀσκεῖται,
1257 3606 1286 3658 id
1306 3605 1421 3675 perinde

145 3676 251 3730 dictum
270 3679 313 3731 est
332 3692 365 3729 ac
384 3675 409 3729 si
428 3694 484 3729 non
507 3676 561 3729 dea
587 3679 661 3729 esset
687 3676 735 3729 sed
761 3676 850 3730 virtus
877 3710 911 3716 --
936 3684 979 3732 23.
1006 3677 1045 3730 ότι
1064 3721 1089 3731 ..
1109 3674 1214 3748 ,ῥέπῃΙ
1242 3677 1420 3731 conium-tivo

146 3746 177 3800 in
194 3747 374 3819 generalibus
392 3747 539 3801 sententiis
559 3746 685 3801 relativis
704 3748 764 3801 sine
789 3748 929 3817 particula
948 3746 985 3802 ἂν
1004 3748 1039 3801 ad
1060 3748 1218 3817 exemplum
1236 3749 1350 3801 Homeri
1369 3748 1421 3801 Ire-

147 3822 264 3887 quenter
281 3818 420 3872 Pindarus
439 3819 539 3884 utitur,
559 3820 591 3871 ut
610 3819 641 3873 0.
657 3838 688 3870 rn
703 3835 735 3873 ιι.
756 3838 784 3871 vr
798 3836 836 3886 ιιι;
855 3819 1027 3888 multiplices
1055 3823 1149 3872 autem
1175 3824 1204 3872 et
1230 3820 1306 3872 varie
1330 3818 1421 3888 impli-

147 3894 227 3944 catae
242 3906 344 3943 causae
359 3894 388 3943 et
402 3889 466 3943 lites
481 3894 667 3943 mercatorum
681 3906 742 3943 esse
757 3889 849 3944 solent
863 3923 898 3930 -
912 3897 954 3944 25.
971 3892 1018 3944 καὶ.
1028 3889 1125 3944 τάνδε·
1141 3890 1165 3942 si
1179 3893 1253 3943 recte
1264 3890 1421 3943 Boeckhius

146 3960 219 4015 hanc
237 3962 321 4016 odam
340 3960 488 4030 Olympiae
507 3964 650 4014 cantatam
674 3978 735 4014 esso
758 3962 873 4029 statuit,
895 3961 980 4016 τάνδε
1000 3961 1110 4014 nonde
1130 3978 1158 4014 re
1177 3961 1318 4030 praesenti
1338 3963 1370 4013 ut
1388 3960 1422 4017 N.

144 4050 176 4084 111
190 4049 224 4087 oe.
240 4051 276 4086 ιιι
291 4050 330 4100 ss,
350 4032 398 4085 sed
418 4032 452 4085 de
471 4049 500 4085 re
520 4036 605 4086 antea
623 4031 750 4086 iudicata
769 4032 845 4085 etin
864 4050 920 4100 qua
939 4033 1104 4103 exponenda
1122 4033 1212 4086 oratio
1232 4034 1371 4098 versatur,
1391 4035 1424 4084 ut

146 4102 180 4157 N.
196 4122 233 4157 vn
248 4120 274 4159 so
288 4107 317 4156 et
332 4103 359 4158 P.
375 4122 394 4155 11
410 4121 444 4172 er,
459 4103 654 4173 accipiendum
667 4107 718 4178 est.
747 4098 892 4157 Particnla
905 4106 953 4158 καὶ
968 4105 1067 4158 addita
1080 4103 1192 4174 Aegina
1206 4121 1268 4157 cum
1283 4102 1422 4190 Olympia,

146 4191 231 4243 quam
251 4178 280 4228 et
298 4174 389 4243 ipsam
407 4174 637 4241 πολοξενωτάταν
657 4174 686 4228 Ο.
702 4194 712 4226 1
727 4192 753 4229 eo
772 4174 856 4244 dixit,
881 4177 1058 4245 componItur
1080 4208 1113 4214 —
1138 4182 1180 4229 28.
1206 4175 1221 4228 ό
1240 4173 1268 4229 δ’
1290 4219 1317 4230 .,
1338 4194 1422 4243 ταμοι

145 4246 240 4299 media
262 4244 411 4300 interiecta
434 4251 511 4314 eunt,
537 4249 568 4300 ut
591 4246 664 4299 infra
688 4264 712 4299 v.
731 4263 758 4300 ιε
781 4244 817 4308 ὣς
837 4289 842 4300 .
863 4291 869 4301 .
890 4246 958 4310 Διός
980 4280 1015 4287 —
1042 4252 1083 4302 30.
1113 4254 1217 4315 Δωριεῖ
1237 4250 1294 4319 λαῷ
1315 4288 1320 4300 .
1341 4290 1347 4301 .
1367 4290 1373 4300 .
1394 4247 1422 4312 ἐξ

145 4317 263 4371 Αἰακοῦ·
287 4318 357 4371 haec
382 4335 445 4372 cum
469 4319 588 4372 historia
614 4319 643 4370 et
667 4334 758 4370 rerum
784 4318 905 4372 veritate
930 4321 1071 4389 puguant,
1096 4318 1234 4386 siquidem
1260 4318 1368 4371 Aeaeus
1394 4322 1424 4371 et

147 4390 254 4443 veteres
280 4388 389 4442 incolae
414 4388 524 4443 insulae
549 4388 656 4443 Achaei
681 4391 762 4442 erant
787 4391 816 4442 ct
840 4390 928 4443 Dores
954 4391 1042 4444 multo
1061 4391 1126 4459 post
1143 4389 1267 4442 Aeaeum
1285 4389 1423 4460 Aeginam

146 4459 312 4515 invaserunt
324 4463 360 4528 (v.
376 4460 461 4516 schol.
477 4479 502 4515 a.
518 4461 544 4514 h.
560 4460 588 4527 1.,
603 4460 635 4513 Ir.
651 4477 672 4527 r,
685 4459 768 4515 Paus.
784 4479 803 4512 11
818 4478 852 4529 νο,
866 4464 902 4530 sl:
918 4462 966 4514 sed
982 4461 1105 4530 politicis
1120 4461 1276 4515 rationibus
1290 4461 1348 4514 iam
1362 4465 1421 4513 tum

147 4530 282 4585 historiae
296 4532 379 4586 fidem
394 4532 617 4600 corrumpebant.
647 4531 785 4584 Nimirum
800 4549 855 4600 qno
870 4536 994 4602 tempore
1009 4534 1090 4587 lones
1103 4532 1288 4586 Athenienses
1303 4532 1422 4602 Aegine-

146 4607 239 4656 tarum
253 4619 321 4671 opes
336 4602 465 4672 frangere
478 4602 639 4672 cupiebant,
649 4602 813 4726 Aeginetae,
829 4621 892 4657 cum
906 4605 1010 4657 Dorum
1029 4603 1134 4658 auxilio
1149 4607 1178 4657 et
1192 4604 1327 4657 societate
1343 4620 1423 4656 suam

147 4672 308 4728 libertatem
328 4675 399 4727 tueri
420 4677 595 4741 conarentur,
614 4672 669 4742 ipsi
714 4690 775 4728 ores
794 4692 877 4743 puros
898 4692 926 4729 se
947 4675 1144 4743 venditabant,
1164 4674 1232 4728 licet
1250 4691 1283 4727 ex
1303 4675 1423 4728 Achaeis

148 4747 177 4799 et
194 4744 316 4799 Dorihus
335 4745 415 4798 mixti
435 4745 551 4811 suerint3
571 4745 605 4799 cf.
621 4745 654 4799 N.
670 4763 700 4797 111
714 4765 735 4800 s.

218 4822 261 4872 81.
280 4816 382 4886 incipit
400 4816 537 4870 fabularis
556 4834 621 4885 pars
641 4816 785 4885 carminis,
804 4817 918 4872 fabulae
938 4836 1076 4873 summam
1095 4835 1128 4873 ex
1147 4818 1267 4872 Homero
1284 4816 1422 4871 Pindarus
