3406 5378
290 324 352 389 194
759 326 906 380 cinnam
926 326 1091 382 ammom.

287 514 417 571 quarum
439 515 639 573 unaquaeque
663 494 842 555 sententiam
860 495 891 553 in
911 513 941 555 se
961 496 1131 555 conclusam
1151 495 1291 571 continet,
1309 494 1368 553 nisi
1386 495 1466 570 quod
1485 494 1562 570 peri·

286 604 377 661 copae
409 586 539 644 secunda
568 587 599 643 et
628 585 718 644 tertia
748 586 839 661 paulo
870 585 982 644 arctius
1012 585 1091 643 inter
1120 603 1151 643 se
1181 585 1348 643 cohaerent.
1394 584 1561 643 Perfectum

286 677 388 733 autem
417 674 494 733 hanc
524 674 747 750 compositionis
776 676 903 734 formam
933 673 1093 752 Pindarus,
1123 677 1160 731 ut
1189 692 1280 750 supra
1310 674 1348 731 ad
1378 671 1411 732 Ο.
1435 692 1490 730 11111
1514 694 1561 733 ex·

285 763 449 841 posuimus,
472 766 613 839 provecta
636 766 735 823 aetate
759 763 897 823 excoluit.

830 916 874 982 Ds
898 917 1020 983 notris.

375 1030 523 1090 Carminis
545 1031 635 1089 huius
659 1029 829 1089 suavissimi
852 1030 970 1088 numeri
992 1032 1064 1089 sunt
1086 1030 1264 1108 logaoedici‚
1295 1030 1406 1089 similes
1429 1031 1474 1088 illi
1498 1051 1560 1089 ear-

285 1120 400 1179 minum
423 1120 460 1180 N.
479 1139 510 1179 11.
529 1138 569 1178 rv.
595 1118 627 1180 Ο.
647 1138 687 1179 rx.
733 1119 901 1195 Principale
929 1123 1059 1178 metrum
1086 1123 1132 1178 cst
1159 1119 1357 1197 Glyconeum,
1386 1121 1465 1197 quod
1493 1139 1560 1180 cum

284 1229 320 1268 ex
347 1209 477 1284 dipodiis
506 1208 623 1268 duabus
651 1211 786 1267 constare
814 1211 930 1267 certum
957 1209 1011 1285 sit,
1034 1208 1165 1283 reliquos
1190 1227 1309 1284 quoque
1333 1228 1436 1268 versus
1460 1209 1490 1267 in
1515 1210 1560 1267 di-

284 1299 389 1374 podias
418 1298 480 1358 sive
507 1295 602 1368 πόδας
624 1295 787 1374 ἕξασήμονς
815 1297 860 1356 ita
887 1296 1061 1357 dividendos
1088 1298 1204 1374 curavi,
1227 1301 1264 1355 ut
1286 1298 1424 1374 tripodiis
1448 1298 1506 1356 nisi
1529 1299 1560 1356 in

283 1387 340 1445 fine
370 1406 512 1446 versuum
539 1388 638 1446 locum
669 1406 728 1446 non
756 1386 953 1445 concederem.
1000 1386 1064 1446 Hoc
1087 1390 1190 1446 autem
1213 1407 1247 1448 so
1271 1388 1367 1465 magis
1390 1388 1559 1446 faciendum

284 1494 346 1535 esse
370 1476 450 1552 duri,
474 1477 555 1552 quod
578 1494 696 1535 carmon
715 1495 734 1533 a
752 1475 911 1534 comitibus
929 1474 1127 1535 Aristomenis
1145 1477 1268 1536 victoris
1290 1477 1323 1535 in
1345 1496 1463 1554 pompa,
1488 1476 1560 1535 dum

282 1566 322 1623 ad
350 1565 455 1624 fanum
485 1566 533 1624 vel
563 1584 646 1623 aram
678 1564 844 1640 Hesychiae
880 1564 1068 1642 accederent,
1100 1569 1257 1625 cantatum
1291 1583 1353 1625 esse
1386 1565 1559 1642 perhibetur

282 1647 344 1735 (vv.
364 1666 441 1712 1-5.
466 1667 507 1712 ro.
533 1646 589 1734 lli.)
635 1654 740 1729 Neque
768 1654 807 1712 ad
836 1654 1036 1713 restituendos
1063 1652 1158 1726 πόδας
1186 1652 1350 1733 ἕξασήμονς
1378 1654 1558 1713 immanibus

282 1743 427 1802 machinis
451 1762 527 1819 opus
550 1747 608 1819 est,
638 1743 725 1801 modo
749 1746 784 1800 tu
807 1746 942 1818 tempora
965 1742 1078 1820 inania,
1102 1763 1178 1819 quae
1202 1744 1233 1802 in
1257 1744 1466 1820 Prol.p.1rvrr
1489 1743 1559 1802 defi-

281 1833 344 1890 nire
369 1850 459 1890 ausus
483 1851 558 1909 sum,
582 1832 744 1890 adsciscere
763 1831 911 1890 sustineas
935 1834 967 1891 et
989 1833 1086 1910 magis
1109 1834 1234 1909 pedibus
1256 1833 1429 1908 compositis
1453 1852 1558 1892 senum

282 1924 451 1997 temporum
475 1941 567 1997 quam
591 1920 730 1980 membris
753 1940 894 1979 versuum
918 1920 1084 1980 dividendis
1108 1942 1228 1997 operam
1254 1923 1401 1981 advertas.
1448 1922 1556 1992 Quam-

283 2029 374 2086 quam
397 2010 515 2069 facilior
537 2009 644 2069 divisio
664 2009 864 2068 membrorum
887 2008 978 2087 fieret,
1003 2010 1028 2069 si
1046 2011 1170 2069 tertium
1189 2030 1308 2071 versum
1327 2011 1414 2087 spodi
1433 2011 1463 2068 in
1483 2012 1558 2070 duos

281 2118 385 2158 versus
408 2099 572 2175 dispescerc
596 2104 627 2158 et
649 2099 680 2156 in
704 2098 801 2174 priore
826 2098 891 2157 eius
913 2103 999 2175 parte
1023 2099 1155 2159 ordinem
1177 2101 1379 2176 rhythmicum
1395 2119 1412 2157 a
1427 2101 1556 2160 secundo

281 2189 355 2264 pede
378 2188 508 2264 incipere
532 2189 656 2247 auderes
680 2188 735 2247 hoo
758 2188 859 2247 modo:

741 2307 990 2358 -O.²vu.u;
1061 2350 1078 2358 -

813 2420 918 2446 ..UUss
973 2439 989 2446 ..

281 2509 515 2586 Responsionem
534 2529 602 2569 vero
623 2510 814 2585 stropharum
827 2511 863 2566 ut
881 2509 1078 2568 severioribus
1097 2509 1215 2586 legibus
1234 2510 1439 2589 adstringeret,
1460 2531 1556 2570 omen·

282 2598 372 2657 dandi
396 2599 476 2657 viam
500 2599 573 2657 satis
597 2599 740 2657 audacem
765 2597 799 2656 G.
817 2598 1007 2656 Hermannus
1032 2617 1130 2674 opusc.
1151 2618 1193 2657 vu
1214 2610 1263 2657 158
1285 2618 1322 2658 sa.
1342 2600 1411 2657 iniit
1435 2593 1474 2679 (v.
1495 2606 1556 2659 not.

282 2688 347 2747 crit.
368 2688 405 2745 ad
429 2709 475 2746 vv.
495 2700 537 2747 lo.
558 2700 599 2746 σε).
621 2679 695 2767 100),
741 2686 856 2744 Harum
885 2686 1126 2746 emendationum
1149 2688 1276 2746 maxime
1301 2708 1336 2747 sa
1359 2690 1470 2766 placet,
1495 2709 1556 2766 que

282 2796 369 2836 versu
393 2788 426 2834 45
451 2780 581 2835 correcto
606 2775 743 2834 omnihus
767 2775 797 2833 in
822 2776 951 2851 strophis
974 2794 1127 2835 caesuram
1155 2782 1225 2852 post
1247 2777 1395 2852 syllabam
1419 2778 1555 2854 quintam

282 2884 385 2925 versus
409 2865 556 2941 1·estituit;
580 2865 677 2924 nescio
702 2868 801 2923 tamen
825 2884 862 2922 an
887 2865 962 2923 duas
985 2866 1040 2924 has
1062 2867 1173 2925 formas
1196 2885 1299 2926 versus

636 3001 1192 3051 -υ.-Λ1.’-υ-υυ.υ-

634 3090 1195 3140 .υυ-Λ-υ-υ.υυ-υ-

281 3185 338 3244 sibi
370 3185 547 3261 respondere
579 3189 669 3261 poeta
699 3186 837 3247 voluerit.
865 3218 909 3227 —
932 3186 1037 3245 Verbis
1065 3190 1176 3266 Δωριεῖ
1199 3185 1287 3272 κώμῳ
1315 3180 1356 3265 (v.
1376 3182 1424 3267 20)
1452 3194 1555 3246 utrum

281 3278 370 3350 poeta
399 3275 496 3333 solum
525 3274 738 3353 significaverit
765 3295 800 3333 ex
828 3276 959 3335 Doribus
986 3275 1059 3334 viris
1088 3277 1209 3336 chorum
1238 3280 1373 3335 constare
1402 3296 1439 3335 an
1464 3277 1555 3336 etiam

277 3364 418 3423 Doricam
442 3382 505 3422 esse
528 3365 684 3423 modorum
707 3364 894 3425 harmoniam
918 3364 1170 3442 adsignificaverit
1193 3365 1318 3424 dubium
1341 3369 1393 3424 est.
1429 3366 1555 3426 Doricae

280 3454 400 3530 quidem
424 3453 597 3513 harmoniae
621 3453 778 3529 aptissima
801 3458 846 3513 est
870 3455 943 3531 lyra,
967 3455 1053 3514 cuius
1073 3453 1181 3514 fidibus
1200 3456 1266 3514 voci
1285 3457 1440 3515 cantorum
1460 3456 1555 3515 accini

278 3562 366 3601 versu
390 3554 421 3600 31
447 3542 595 3601 docemur.

494 3737 668 3817 Φιλόφρον
687 3731 842 3817 Ἡσυχία,
867 3738 972 3810 Δίκας
1194 3738 1274 3818 Στρ.
1298 3733 1340 3798 α’.

491 3837 517 3905 ὦ
541 3844 751 3924 μεγιστόπολι
775 3842 937 3923 θύγατερ,

348 4089 428 4123 vania
449 4089 550 4122 suerro.
580 4069 663 4123 lusor.
690 4066 870 4138 Ἀριστομένει
890 4067 1020 4140 Αἰγινήτῃ
1040 4072 1179 4139 παλαιστῇ
1198 4067 1345 4136 νικήσαντι
1360 4070 1400 4123 λε’
1422 4070 1460 4124 ὀὶ.
1476 4071 1505 4124 1)
1520 4102 1552 4110 -

277 4141 382 4196 schol:
406 4139 558 4228 piperinus.
580 4140 594 4209 ἡ
614 4139 672 4215 ᾠὸν]
690 4139 869 4210 Ἀριστομένει
889 4139 1019 4210 Αἰγινήτῃ
1039 4144 1178 4210 παλαιστῇ
1197 4141 1343 4208 νικήσαντι
1364 4141 1415 4210 τὴν
1435 4142 1475 4194 λε’
1497 4145 1553 4194 llo-

275 4212 380 4267 θιιέδα
401 4214 433 4283 λβ
465 4215 541 4265 llos.
562 4229 631 4264 corr.
651 4212 702 4266 cd.
721 4212 849 4279 Mueller,
867 4211 995 4280 Aeginst.
1015 4230 1040 4280 p.
1062 4228 1109 4275 111,
1134 4213 1179 4264 λα’
1200 4211 1324 4282 Krucgcr
1349 4213 1427 4267 Stnd.
1443 4213 1509 4267 hist.
1525 4216 1553 4266 ct

276 4283 344 4354 phil.
362 4301 399 4336 mo
418 4286 447 4335 et
465 4282 613 4350 Luebbcrt,
634 4282 673 4336 De
693 4283 771 4337 Pind.
789 4300 872 4339 carm.
887 4282 1060 4353 Aegineticis
1079 4281 1172 4337 Kiliae
1193 4288 1260 4336 1879
1279 4303 1304 4353 p.
1323 4302 1354 4337 11.
1377 4316 1408 4323 -

349 4442 537 4480 conusnrsrur.
574 4442 599 4476 v.
623 4432 643 4477 1.
670 4422 799 4495 Ἡσυχία·
823 4424 935 4479 collatis
955 4424 1094 4479 similibus
1119 4425 1201 4493 locis,
1225 4426 1327 4495 quibus
1348 4428 1416 4480 deus
1436 4426 1480 4481 vel
1500 4427 1554 4480 dea

276 4512 409 4551 coronam
423 4497 452 4548 ct
466 4495 693 4549 comissationem
708 4496 835 4567 accipere
849 4499 965 4567 rogatur
977 4498 1019 4566 (Ο.
1036 4516 1063 4549 rr
1078 4515 1097 4550 r.
1113 4517 1129 4550 v
1145 4515 1165 4553 a.
1180 4517 1230 4550 vm
1246 4517 1278 4553 ιο,
1293 4499 1323 4552 Ρ.
1339 4517 1376 4550 rm
1391 4514 1410 4553 a.
1426 4498 1460 4551 N.
1476 4518 1492 4551 11
1509 4501 1552 4564 ra),

276 4565 423 4637 probabile
442 4568 481 4634 fit,
502 4566 658 4634 Hesychiac
678 4571 823 4636 tamquam
842 4568 923 4636 desc,
948 4569 980 4621 ut
999 4567 1063 4622 aliis
1083 4569 1233 4623 abstractis
1254 4568 1414 4623 numinibus
1434 4569 1553 4623 Athenis

276 4637 483 4707 qv.Paus.11r‚
502 4642 529 4704 1),
551 4655 628 4690 aram
647 4638 773 4708 Aeginae
793 4642 963 4693 exstructam
982 4639 1077 4705 fuisse,
1097 4640 1125 4694 in
1144 4658 1200 4709 qua
1220 4657 1351 4694 coronam
1365 4640 1475 4708 l'ythiis
1489 4657 1552 4710 par-

275 4713 336 4763 tam
355 4709 544 4763 Aristomenes
565 4710 717 4779 deponeret
736 4743 768 4750 —
789 4709 939 4779 φιλόφρον·
960 4712 995 4766 cf.
1011 4711 1151 4782 Aristoph.
1168 4729 1211 4767 ar.
1227 4729 1278 4766 1111
1293 4720 1343 4774 τας
1357 4710 1554 4781 ἀγανόφρονος

272 4780 404 4851 Ἡσυχίας
419 4780 556 4851 εὐαμερον
570 4780 731 4849 πρόσωπον·
747 4782 825 4835 Pind.
838 4783 870 4836 fr.
882 4800 920 4837 roo
980 4786 1080 4845 Δίκας·
1096 4783 1217 4851 Iustitia,
1232 4799 1304 4851 quae
1319 4783 1371 4836 hoc
1386 4782 1447 4837 loco
1463 4787 1553 4838 mater
