3406 5378
474 1251 1046 1349 ΝΕΜΕΟΝΙΚΑΙΣ.

741 1459 781 1515 A'.

601 1623 913 1710 XPOMIsa

691 1821 834 1873 ΙΠΠΟΙΣ.

641 3572 882 3653 Argumentum.

212 3704 369 3763 Chromius
392 3702 681 3780 Agosidaurifili11S‚
709 3702 758 3760 cui
781 3703 835 3762 hoo
859 3721 977 3761 carmon
1001 3706 1032 3761 at
1060 3704 1139 3779 quod
1163 3704 1243 3761 infra
1265 3703 1403 3778 sequitur

123 3793 159 3852 N.
179 3812 211 3852 lx
234 3794 381 3852 Pindarus
405 3792 536 3868 scripsit,
561 3791 638 3850 inter
661 3791 860 3851 nobilissimos
883 3792 973 3851 ducos
997 3792 1199 3868 Syracusanos
1223 3792 1290 3854 fuit.
1336 3792 1401 3851 Iam

123 3882 296 3942 adulescens
321 3882 426 3941 Geloni
451 3881 489 3939 ad
512 3881 657 3940 Helorum
677 3880 881 3957 Syracusanos
904 3882 1041 3940 fundenti
1066 3901 1153 3940 suum
1176 3882 1268 3941 robur
1291 3884 1322 3940 ct
1344 3881 1402 3940 vir-

123 3974 219 4031 tutem
251 3971 391 4048 probavit
422 3968 471 4051 (N
496 3989 527 4029 ux
551 3972 613 4046 42),
641 3970 719 4030 undo
752 3971 816 4049 ille,
848 3990 916 4028 cum
948 3971 1131 4047 Hippocrate
1163 3973 1282 4029 mortuo
1307 3964 1400 4049 (491)

123 4061 254 4138 primurn
274 4061 373 4139 Gelae,
399 4060 503 4120 deindo
524 4052 618 4140 (484)
638 4061 729 4118 ctiam
750 4060 966 4137 Syracusarum
985 4060 1110 4136 irnperio
1129 4060 1245 4136 potitus
1264 4063 1350 4135 osset,
1373 4059 1401 4118 ai

124 4168 255 4210 sororem
279 4169 365 4209 suani
389 4151 419 4208 in
444 4149 668 4208 matrimonium
691 4150 773 4209 dedit
796 4153 827 4209 ct
850 4150 978 4209 moriens
1001 4150 1066 4208 eius
1090 4153 1120 4207 ct
1142 4149 1276 4225 Polyzeli
1299 4148 1401 4208 fratris

124 4239 237 4298 tutelae
269 4240 396 4299 filiolum
429 4258 517 4298 suum
550 4239 711 4315 commisit3
744 4240 780 4299 cl.
812 4239 968 4299 'limacum
998 4239 1029 4297 in
1058 4239 1148 4298 schol.
1176 4239 1215 4297 ad
1242 4238 1279 4297 N.
1303 4249 1401 4297 1195.

122 4329 222 4386 Etiam
242 4328 395 4408 Hieronis,
420 4329 471 4405 qui
492 4328 597 4387 Geloni
620 4348 646 4386 a.
662 4332 724 4388 477
751 4329 781 4386 in
804 4348 896 4406 regno
917 4328 1104 4404 Syracusano
1128 4327 1279 4405 successit,
1302 4327 1402 4405 gratia

123 4421 214 4495 atqua
238 4419 445 4478 familiaritate
465 4436 537 4476 usus
556 4418 654 4476 multa
673 4418 728 4476 sub
748 4418 812 4477 eius
835 4417 977 4493 auspiciis
996 4417 1147 4493 praeclara
1165 4419 1247 4476 tarra
1265 4416 1402 4493 marique

122 4507 228 4585 gessit3
256 4528 283 4567 v.
307 4509 343 4569 N.
367 4527 399 4567 ux
423 4519 465 4565 34.
489 4518 555 4564 lus.
584 4511 615 4566 ot
639 4508 728 4567 schol.
752 4507 784 4568 P.
807 4526 831 4565 11
855 4519 897 4566 31.
944 4506 1022 4576 Quin
1051 4507 1142 4565 etiam
1166 4506 1261 4566 abeo
1285 4507 1401 4566 Aetnae

122 4597 189 4656 urbi
216 4598 385 4672 praefactus
413 4615 475 4655 esso
504 4596 601 4654 fertur
627 4616 645 4654 a
674 4597 836 4655 scholiasta
863 4596 901 4654 ad
924 4596 959 4654 N.
983 4615 1015 4654 ux
1039 4596 1125 4656 inscr.
1172 4595 1226 4655 Rei
1255 4595 1402 4672 equestria

123 4706 191 4745 aum
224 4687 360 4763 inprimis
388 4686 503 4762 peritus
532 4687 622 4762 essct,
654 4685 793 4745 Hieronis
821 4685 922 4744 studia
952 4686 1070 4744 curulia
1098 4703 1153 4744 sua
1183 4704 1257 4745 cura
1285 4685 1403 4743 adiuvit

124 4769 374 4857 (Hofmarsohall)
400 4779 431 4835 et
453 4775 516 4851 ipsc
535 4773 621 4850 aquis
640 4774 671 4832 in
690 4778 840 4834 cantamen
859 4775 1017 4834 descendit.
1050 4775 1135 4833 Duas
1154 4775 1233 4834 onim
1252 4773 1402 4850 uictorias,
