3406 5378
698 365 845 416 PINDARI
864 363 1031 416 EPINICIA.

360 550 394 598 oo
440 534 498 597 τὸν
522 528 586 595 αιέὶ
609 551 717 613 μενοι-
728 536 797 590 νῶν
819 530 964 609 κεφαλᾶς
986 526 1100 606 βαλεῖν

484 636 694 722 εὐφροσύνας
718 633 843 697 ἀλᾶται.

442 887 507 968 ἔχει
530 880 561 946 θ’
587 881 760 966 ἀπάλαμον
783 884 859 965 βίον

487 997 607 1054 τοῦτον
630 987 895 1072 ἐμπεδόμοχθον,

443 1097 523 1180 μετὰ
546 1106 649 1178 τριῶν
671 1094 783 1180 τέταρ-

488 1226 547 1267 τον
569 1205 689 1284 πόνον,
713 1200 893 1266 ἀθανάτων
916 1199 966 1265 ὅτι
989 1195 1124 1273 κλέύαις

443 1310 589 1373 ἁλίκεσσι
613 1310 796 1391 συμπόταις

443 1413 561 1499 νέκταρ
584 1413 768 1498 ἀμβροσίαν
791 1434 825 1475 τε

446 1522 564 1601 δῶκεν,
588 1511 638 1594 οἷς
660 1542 715 1582 νιν
738 1519 885 1600 ἀφθιτον

443 1624 579 1690 θέσσαν.
626 1625 656 1688 εἰ
678 1620 714 1687 δὲ
737 1623 819 1686 θεὸν
843 1620 927 1705 ἀνήρ
951 1645 1001 1696 τις

488 1735 616 1796 ἔλπεται
640 1727 822 1811 λελαθέμεν
845 1730 896 1813 ἔρ·
920 1729 1004 1811 όων,
1028 1727 1216 1813 ἁμαρτάνει.

443 1839 582 1903 τούνεκα
604 1844 753 1921 προῆκαν
775 1835 852 1898 υἱὸν
875 1833 1127 1898 ἀθάνατοί-λοι
1150 1835 1250 1900 πάλιν
1332 1851 1382 1901 105

443 1943 523 2028 μετὰ
546 1943 582 2006 τὸ
606 1941 814 2024 ταχύποτμον
838 1936 931 2017 αὖτις
954 1939 1083 2026 ἀνέρων
1107 1945 1216 2018 ἔθνος.

443 2051 525 2134 πρὸς
549 2047 736 2130 εὐάνθεμον
759 2045 791 2111 δ’
818 2048 870 2112 ὅτε
893 2048 985 2132 φυάν

368 2175 400 2222 70
446 2155 562 2238 λάχναι
585 2177 641 2218 νιν
662 2151 764 2237 μέλαν
787 2152 916 2237 γένειον
939 2157 1075 2239 ἔρεφον,

445 2259 576 2344 ἑτοῖμον
600 2259 838 2345 ἀνεφρόντισεν
861 2261 983 2346 γάμον,

1146 2420 1228 2486 Ἀντ.
1253 2420 1295 2504 γ’.

446 2509 576 2574 Πισάτα
598 2511 687 2593 παρὰ
709 2512 832 2595 πατρὸς
855 2511 907 2575 εύ-

490 2612 589 2690 όοξον
607 2613 839 2699 Ἱπποδάμειαν

445 2719 614 2804 σχεθέμεν.
661 2720 758 2803 ἐγγὺς
780 2720 830 2787 έλ-

490 2828 564 2891 θὼν
586 2831 704 2903 πολιάς
726 2827 804 2904 ἁλὸς
827 2823 897 2904 οἷος
920 2827 956 2892 έν
979 2831 1089 2915 ὄρφνᾳ
1334 2845 1383 2894 115

306 3028 348 3077 60.
368 3023 413 3075 ἀεὶ
428 3021 524 3086 soz),
544 3019 627 3074 etsie
642 3019 747 3090 passim
762 3020 851 3087 codd„
870 3020 945 3089 quod
960 3038 1016 3074 non
1030 3020 1088 3074 iam
1102 3021 1224 3075 enotabo
1242 3053 1278 3062 -
1297 3028 1338 3076 sl.
1358 3020 1509 3092 ἀπάλαμον

234 3096 316 3166 Βμι.ι
336 3091 503 3161 ἀπάλαμνον
521 3091 611 3145 AUD
637 3123 668 3131 -
693 3096 734 3145 63.
755 3087 796 3155 οἷς
815 3112 860 3145 νιν
879 3092 949 3147 coni.
970 3092 1006 3146 M.
1027 3091 1168 3148 Schmidt:
1188 3089 1261 3146 οἶσιν
1279 3093 1354 3161 AD,
1374 3089 1415 3155 ολς
1435 3093 1458 3148 0
1475 3125 1506 3132 —

235 3171 276 3219 66.
296 3164 403 3218 θέσοαν
422 3165 505 3233 Βμι.ι
528 3160 619 3216 θέσαν
638 3163 724 3216 αὐτὸν
743 3163 845 3229 AGD,
864 3163 918 3217 θέν
938 3184 983 3217 νιν
1001 3163 1169 3230 Mommsen;
1189 3163 1222 3216 of.
1242 3163 1277 3218 N.
1292 3181 1310 3216 v
1324 3180 1350 3218 ιο
1368 3163 1509 3219 θέσσαντο

234 3269 269 3278 —
287 3232 441 3303 λελαθέμεν
460 3234 625 3288 Mommsen:
653 3233 777 3303 λαθέμεν
795 3234 861 3300 ΔΟ,
882 3233 1036 3304 ληθέμεναι
1054 3234 1091 3301 1),
1111 3255 1137 3288 τι
1155 3232 1272 3304 λαοέμεν
1291 3235 1373 3305 Βμι.;
1400 3234 1463 3288 fort.
1482 3255 1509 3289 τι

234 3305 315 3364 ftis.
335 3302 490 3374 λελαθέμεν
509 3336 541 3344 -
562 3310 604 3359 67,
624 3303 654 3358 οἶ
670 3305 744 3372 quod
763 3304 793 3356 in
811 3309 879 3359 vett.
899 3305 979 3360 codd.
999 3309 1063 3374 post
1081 3305 1201 3359 τούνεκα
1220 3305 1332 3375 legitur,
1350 3310 1416 3395 post
1434 3306 1508 3360 ἀθά-

236 3396 315 3433 νατοι
333 3381 470 3446 transpos.
490 3375 573 3430 Triol.
602 3407 634 3415 —
664 3381 706 3429 68.
736 3372 821 3439 αὖθις
842 3377 865 3430 0
890 3408 922 3416 —
951 3382 992 3432 69.
1020 3375 1048 3430 θ’
1069 3393 1113 3429 οιιι
1136 3377 1173 3430 0¹
1202 3408 1235 3415 -
1264 3382 1306 3431 70.
1330 3380 1432 3446 λαχναι
1449 3397 1508 3432 νινε

237 3448 335 3519 λάχνιν
354 3447 383 3500 D
403 3478 433 3486 -
456 3452 497 3501 73.
518 3446 598 3516 ἐγγύς
616 3446 721 3515 Bergk:
741 3446 821 3516 ἐγγὺς
839 3445 867 3500 δ’
888 3447 1170 3516 ABODetsch01.,
1190 3446 1255 3517 ἄγχι
1272 3445 1300 3501 δ’
1317 3448 1419 3520 RBys.
1441 3480 1472 3488 -

236 3605 364 3644 amovere
387 3590 494 3661 (βαλεῖν
513 3615 546 3633 =
565 3589 727 3661 ἀποβαλεῖν,
751 3590 785 3642 ol'.
811 3594 842 3644 0.
863 3608 910 3642 vm
928 3592 965 3657 ιο)
989 3587 1133 3656 moliatnr;
1156 3589 1272 3644 Pindari
1295 3590 1417 3659 vestigia
1439 3590 1511 3661 legit

235 3659 383 3729 Euripides
403 3662 491 3714 Oreat.
507 3675 527 3713 o.
548 3691 580 3699 -
605 3666 646 3714 62.
667 3659 766 3714 schol:
787 3657 803 3727 ἢ
819 3659 861 3714 ὅτι
880 3659 910 3715 ἐν
929 3657 1001 3734 ᾅδου
1019 3660 1088 3728 μετὰ
1107 3670 1192 3729 τριῶν
1209 3660 1339 3729 τέταρτος
1357 3660 1510 3729 κολάζεται,

235 3730 365 3799 Σισύφου
384 3734 486 3785 Τιτυοῦ
503 3728 624 3796 Ἰξίονος,
645 3729 661 3799 ἢ
680 3730 722 3785 ὅτι
741 3730 809 3800 μετὰ
827 3740 920 3799 τριῶν,
939 3739 988 3785 τοῦ
1007 3740 1108 3800 πεινῆν
1127 3735 1216 3802 διψῆν
1235 3731 1358 3800 ἑστάναι,
1376 3729 1509 3802 τέταρτον

235 3800 324 3857 πόνον
342 3809 442 3856 τοῦτον
462 3801 517 3872 ἔχει
536 3802 568 3856 τὸ
586 3807 622 3872 τῷ
639 3805 711 3874 λίθῳ
730 3801 906 3867 κολάζεσθαι.
934 3802 1060 3856 Alteram
1078 3802 1292 3885 explicationem
1311 3802 1361 3871 qui
1379 3804 1509 3874 probant,

237 3871 418 3928 obscuritatis
436 3872 506 3927 vitio
525 3872 618 3927 locum
637 3876 779 3942 premunt;
798 3891 863 3927 nam
884 3891 946 3927 oum
965 3877 1049 3943 poeta
1067 3892 1116 3943 qm
1137 3879 1194 3929 tres
1213 3874 1256 3928 illi
1271 3874 1381 3929 labores
1396 3875 1508 3943 fuerint,
1616 3890 1619 3895 ·

236 3961 291 3998 non
312 3943 426 4011 dixerit,
444 3944 498 4013 ipsi
517 3943 547 3997 in
565 3943 757 3997 diversissima
781 3943 936 3998 discedunt.
974 3943 1077 3999 Contra
1101 3948 1199 4015 aperta
1217 3949 1261 4000 est
1278 3945 1326 3999 via
1344 3945 1445 4015 prioris
1464 3963 1509 4001 ex-

235 4012 410 4087 plicationis,
437 4033 521 4082 quam
544 4019 592 4084 qni
616 4014 823 4083 ingrediuntur,
847 4032 904 4069 non
932 4019 975 4070 est
1002 4033 1051 4069 our
1079 4033 1141 4070 cum
1169 4015 1284 4071 Panwio
1307 4014 1437 4085 τέταρτος
1458 4034 1509 4099 pro

235 4084 368 4152 τέταρτον
386 4085 558 4156 interpolent
576 4119 608 4126 —
628 4092 670 4141 63.
690 4083 813 4141 ἁλίκεσσι
827 4084 987 4157 συμπόταις,
1003 4088 1051 4155 qui
1066 4087 1198 4141 contrarii
1213 4092 1293 4142 erant
1310 4087 1366 4141 diis
1385 4087 1510 4143 eonvlvis

237 4188 270 4198 —
293 4160 336 4210 66.
360 4155 480 4225 θὲσσαν,
504 4158 690 4225 immortales;
713 4158 804 4211 forma
826 4158 904 4212 verbi
928 4174 961 4211 ex
984 4157 1058 4211 falsa
1081 4159 1215 4229 analogia
1238 4158 1316 4213 verbi
1340 4157 1425 4214 ἔσσαν
1443 4160 1510 4214 fieta

237 4230 291 4294 est;
316 4226 350 4279 de
375 4228 516 4282 ambrosia
539 4232 568 4283 et
589 4232 703 4282 nectare
723 4229 965 4283 immortalitatem
984 4228 1210 4298 impertientibus
1229 4230 1324 4284 confer
1341 4229 1456 4285 Thooor.
1476 4245 1510 4299 ιι,

237 4314 283 4353 108.
313 4297 392 4352 Ovid.
412 4303 477 4353 met.
499 4317 532 4368 ιι,
551 4316 589 4354 σοι
619 4331 650 4340 -
680 4305 713 4353 67
733 4318 753 4353 s.
784 4298 929 4355 ἀθάνατοι
952 4303 981 4355 et
1003 4301 1180 4372 ταχύποτμον
1204 4299 1313 4369 ἀνέρων
1337 4300 1422 4365 ἔθνος
1444 4318 1510 4357 eon-

236 4367 352 4422 trariam
371 4369 428 4421 vim
447 4370 553 4425 habent
573 4403 605 4410 —
626 4376 667 4424 70.
687 4370 772 4440 μέλαν
791 4371 945 4452 proleptice
964 4372 999 4424 de
1013 4375 1108 4426 mento
1127 4372 1261 4443 lanugine
1279 4372 1361 4443 nigro
1380 4372 1456 4426 laeto
1475 4403 1509 4412 -

239 4445 279 4493 71.
300 4437 424 4507 ἕτοιμον,
448 4441 476 4494 in
497 4459 552 4510 quo
571 4441 708 4496 vocabulo
727 4442 893 4511 explicando
912 4441 981 4495 mire
1000 4445 1107 4497 veteres
1137 4447 1166 4497 ot
1192 4445 1317 4498 recentes
1345 4443 1510 4513 interpretes

236 4510 379 4578 laborant,
404 4512 440 4565 ad
464 4513 640 4582 pubertatem
660 4516 781 4583 spectat,
805 4531 889 4581 quam
909 4513 1006 4582 Pelopi
1030 4517 1157 4568 assecuto
1182 4517 1298 4584 paratas
1317 4530 1377 4569 ease
1397 4511 1509 4583 nuptias

237 4581 317 4648 dixit,
337 4582 438 4649 quibua
458 4584 511 4637 sibi
532 4584 748 4654 Hippodamiam
766 4584 896 4653 iungeret
922 4617 946 4622 -
969 4589 1000 4636 72
1016 4601 1051 4638 ss.
1071 4584 1191 4640 similem
1210 4585 1336 4639 fabulam
1353 4586 1389 4639 de
1403 4584 1509 4655 virgine

236 4653 296 4708 filia
315 4652 351 4704 ab
371 4653 478 4708 Antaeo
498 4658 578 4726 patre
597 4655 721 4725 praemio
740 4655 900 4709 certaminis
923 4655 1068 4725 proposita
1090 4659 1175 4726 poeta
1197 4657 1282 4710 refert
1305 4657 1334 4710 P.
1355 4676 1382 4709 rx
1402 4673 1441 4713 roo
1459 4674 1509 4722 ss.;

237 4724 360 4779 conferre
389 4743 498 4794 quoque
527 4727 607 4781 iuvat
636 4726 762 4780 fabulam
785 4726 950 4795 Atalantae,
980 4742 1052 4795 quae
1081 4745 1144 4782 oum
1171 4727 1274 4781 multos
1301 4744 1401 4796 procos
1428 4745 1510 4781 cursu

238 4799 383 4864 superatos
403 4803 543 4867 necasset,
562 4797 730 4852 Melanionis
749 4797 814 4851 dolo
833 4797 909 4852 victa
925 4801 976 4853 est.
998 4830 1027 4838 -
1051 4804 1091 4852 73.
1112 4798 1217 4852 similia
1236 4799 1270 4852 de
1289 4799 1367 4853 lamo
1386 4798 1509 4869 Neptuni
