3406 5378
508 380 545 431 II.
572 380 622 430 Du
640 380 735 431 ARTE
752 381 913 432 Marruca
931 381 1087 433 PlNDARl.
1345 378 1436 433 XXXI

156 545 272 605 tarum.
318 540 441 605 Eadem
469 544 579 605 autem
606 541 672 606 iam
695 544 799 607 multo
823 541 1062 627 antiquioribus
1085 542 1289 625 temporibus
1312 543 1435 608 radices

154 669 230 712 suas
263 652 384 734 egerat.
435 645 481 711 Ut
513 648 599 712 enim
631 648 872 716 Anacreontem
905 650 1018 713 ducem
1052 653 1084 712 et
1116 649 1308 734 signifemm
1338 649 1435 715 huius

147 754 382 819 cantilenarum
411 754 501 818 lusus
530 753 631 820 fuisse
659 756 803 843 mittam,
833 756 947 840 hymni
978 776 1107 840 quoque
1134 760 1168 820 et
1195 778 1348 842 paeones,
1375 756 1431 841 qui

149 883 252 945 nuper
279 883 319 926 ex
343 861 498 926 thesauro
523 861 772 928 Atheniensium
795 861 955 948 Delphico
978 862 1013 925 in
1036 861 1141 926 lucem
1164 863 1321 946 protracti
1345 867 1431 948 sunt,

149 967 292 1032 eiusdem
312 968 363 1033 vel
381 972 469 1033 11111
489 967 606 1034 similis
624 967 767 1034 fabricae
786 973 872 1034 sunt.
902 968 1010 1045 Quid?
1029 969 1115 1053 quod
1129 969 1296 1054 Euripidis
1311 970 1432 1055 plerae-

150 1096 211 1158 que
231 1075 399 1160 strophae,
417 1075 609 1159 praesertim
629 1098 709 1159 quas
727 1081 882 1160 provecta
898 1080 1004 1152 aetate
1018 1076 1145 1161 panxit,
1163 1076 1211 1140 ita
1225 1083 1432 1162 comparatae

149 1187 238 1267 sunt,
265 1188 303 1247 ut
331 1205 458 1247 summa
486 1181 536 1246 vis
564 1182 721 1266 colorum,
749 1183 884 1248 minima
911 1205 1062 1247 versuum
1091 1187 1124 1247 11
1149 1183 1356 1266 periodorum
1380 1185 1431 1249 sit.

149 1288 235 1353 Nam
254 1311 335 1373 qnae
349 1288 622 1353 Wilamowitaius
641 1289 677 1352 in
690 1288 864 1375 Hippolyti
882 1289 1024 1354 editione
1042 1311 1145 1374 nuper
1159 1290 1304 1354 restituit
1318 1295 1431 1376 metra,

149 1418 187 1460 ea
209 1396 363 1480 pleraque
386 1418 490 1479 neque
514 1395 586 1461 cola
610 1401 686 1460 sunt
708 1418 813 1480 neque
835 1396 915 1461 iusti
938 1418 1066 1482 versus,
1089 1397 1143 1461 sed
1168 1397 1309 1464 medium
1334 1398 1432 1483 qued-

150 1504 224 1567 dam
251 1503 356 1568 invita
380 1501 527 1567 Minerva
549 1503 687 1588 factum,
716 1525 780 1588 quo
805 1503 937 1568 minime
961 1527 1013 1568 ars
1036 1503 1214 1588 Euripides
1238 1505 1431 1570 continetur.

151 1609 258 1675 Huius
285 1614 401 1693 poetae
429 1614 533 1674 artem
560 1609 595 1673 in
621 1609 732 1693 lyricis
761 1610 958 1676 carminibus
985 1609 1174 1676 factitandis
1200 1611 1343 1696 positam
1376 1613 1432 1698 qui

151 1717 313 1800 scriptura
344 1721 377 1780 et
409 1715 626 1793 distinctione,
650 1722 892 1802 repraesentare
925 1717 1025 1800 volet,
1056 1719 1085 1782 is
1116 1719 1259 1803 primum
1287 1718 1431 1784 omnium

151 1823 223 1889 cola
245 1824 287 1887 ad
305 1824 468 1908 exemplar
486 1824 625 1888 traditae
645 1824 852 1889 colometriae
871 1846 1035 1910 separare,
1057 1825 1171 1890 deinde
1190 1825 1337 1891 artificiis
1357 1827 1432 1892 scri·

152 1930 250 1995 bendi
269 1930 591 2015 comprehensionem
610 1932 755 1996 colorum
773 1931 809 1995 in
827 1931 976 2016 periodos
990 1931 1132 1997 indicare
1146 1931 1285 1997 debebit.
1309 1932 1431 1998 Verum

151 2037 235 2102 hanc
262 2059 329 2102 non
353 2038 455 2102 fuisse
478 2044 581 2103 artem
604 2039 821 2103 vetustiorum
843 2043 1014 2122 poetarum
1039 2038 1256 2124 choricornm,
1283 2061 1324 2103 ne
1346 2039 1432 2104 Atti·
1529 2022 1532 2027 ’

151 2166 263 2210 corum
288 2144 417 2228 quidem
441 2150 610 2230 poetarum
630 2144 774 2210 omnium
792 2152 905 2209 nostra
925 2144 1081 2210 memoria
1098 2146 1264 2230 praeclaro
1284 2145 1431 2211 acumine

150 2274 223 2316 cum
252 2251 389 2316 aliorum
417 2253 560 2317 virorum
588 2252 760 2318 doctorum
783 2257 853 2316 tum
876 2250 1019 2337 Augusti
1043 2250 1200 2317 Boeclrhii
1228 2252 1430 2337 exploratum

150 2363 247 2443 atque
276 2359 524 2444 comprobatum
552 2364 611 2424 est.
657 2358 763 2423 Probe
786 2359 889 2445 igitur
912 2358 1158 2444 distinguendae
1182 2357 1314 2423 suntin
1337 2359 1431 2423 resti-

150 2465 278 2531 tuendis
303 2465 501 2531 carminibus
524 2466 636 2550 lyricis
659 2470 691 2530 11
716 2469 838 2529 aetates
862 2469 1033 2548 poetarum
1052 2471 1085 2530 11
1106 2487 1225 2552 genera
1243 2466 1430 2529 carminum.

151 2571 339 2638 Carminum
367 2595 486 2660 genera
512 2573 743 2658 distinguenda
766 2571 846 2656 dixi,
874 2572 960 2654 quod
983 2572 1083 2636 ctiam
1106 2573 1210 2637 Attici
1232 2576 1361 2656 poetae,
1383 2571 1431 2635 in·

147 2680 262 2765 primis
280 2680 518 2766 Aristophanes
537 2686 571 2745 11
583 2679 780 2765 Aeschylus,
798 2683 927 2764 praeter
946 2665 1105 2763 carmina,
1124 2678 1241 2762 quibus
1259 2677 1429 2743 hominurn

148 2787 331 2872 aequalium
361 2787 543 2853 delicatulis
576 2787 710 2852 auribus
736 2786 943 2873 indulgentes
971 2784 1086 2850 molles
1115 2789 1147 2849 11
1175 2791 1288 2850 111111
1316 2786 1429 2851 modos

148 2893 359 2979 effinxerunt,
390 2894 454 2959 alia
486 2899 751 2980 composuerunt,
783 2893 819 2958 in
849 2892 967 2978 quibus
996 2896 1137 2956 veterem
1165 2892 1430 2957 consuetudinem

146 3001 270 3066 imitati
292 3002 398 3088 magis
422 3002 462 3066 ad
485 3003 689 3068 maiestatem
713 3007 745 3066 et
769 3000 976 3066 severitatem
994 2999 1102 3085 poesis
1123 2999 1271 3065 choricae
1290 3000 1431 3085 adspira-

147 3109 235 3172 bant.
285 3106 441 3173 Aetatum
474 3114 583 3174 autem
615 3114 738 3194 quanta
769 3108 818 3174 vis
851 3107 963 3193 fuerit,
999 3106 1121 3192 optime
1153 3105 1336 3192 intelleget,
1374 3108 1429 3194 qui

146 3219 283 3280 naturae
321 3219 418 3300 atque
454 3217 648 3302 proprietati
684 3216 872 3281 Pindaricae
908 3214 1021 3279 Musae
1059 3213 1203 3279 animum
1244 3215 1429 3300 adverterit,

147 3344 281 3407 eamque
306 3346 380 3388 cum
402 3324 534 3389 levitate
554 3324 866 3389 Anacreonticorum
890 3326 923 3387 11
946 3320 1114 3387 dulcedine
1132 3320 1340 3407 popularium
1363 3345 1428 3386 car-

146 3428 271 3493 minum
304 3431 488 3496 contulerit.
538 3431 697 3496 Pindarus
732 3431 817 3496 enim
845 3453 919 3496 cum
947 3451 967 3492 a
994 3428 1163 3494 lenociniis
1192 3429 1427 3494 cantilenarum

145 3534 330 3601 Ionicarum
358 3559 493 3622 prorsus
517 3538 707 3603 abhorreret
730 3543 763 3602 11
785 3537 891 3624 magis
915 3537 955 3601 ad
979 3541 1141 3600 tumorem
1165 3540 1198 3600 et
1222 3537 1428 3622 magnificen-

146 3643 226 3708 tiam
255 3665 352 3728 quam
380 3645 420 3707 ad
446 3644 646 3710 dulcedinem
670 3650 703 3710 et
727 3645 944 3730 gracilitatem
966 3643 1152 3727 inclinaret,
1174 3665 1240 3706 non
1265 3643 1369 3707 solum
1393 3643 1425 3707 in

146 3749 328 3815 elocutione
352 3756 385 3815 et
409 3753 607 3816 ornamentis
631 3752 804 3837 orationis,
827 3752 882 3817 sed
905 3751 1004 3815 etiam
1029 3749 1064 3814 in
1083 3749 1230 3815 versibus
1249 3751 1427 3836 pangendis

146 3856 342 3922 sublimitati
370 3864 403 3922 et
432 3858 609 3945 granditati
638 3881 735 3943 quam
763 3859 903 3923 maxime
932 3857 1067 3922 studuit.
1113 3856 1332 3932 Quamobrem
1356 3856 1427 3921 cola

143 3965 263 4049 pusilla
289 3988 405 4049 parum
433 3955 581 4050 curabat,
609 3987 761 4031 versuum
788 3965 948 4051 imprimis
976 3964 1084 4029 decori
1113 3969 1146 4028 et
1175 3963 1328 4050 dignitati
1357 3985 1427 4047 pro-

145 4071 317 4157 spiciebat,
349 4072 412 4138 hoc
440 4076 548 4136 autem
576 4073 697 4158 duplici
725 4073 821 4138 modo
851 4076 1018 4137 assecutus
1047 4075 1112 4156 est,
1143 4071 1230 4156 qnod
1253 4076 1286 4135 et
1308 4070 1425 4156 longos

143 4200 255 4243 versus
280 4180 481 4265 grandesque
504 4178 655 4263 periodos
680 4179 907 4262 conformavit,
930 4182 963 4243 et
986 4183 1096 4264 partes
1116 4201 1267 4244 versuum
1287 4179 1335 4242 ita
1353 4200 1426 4243 con·

143 4284 235 4349 flavit
259 4290 356 4369 atque
380 4285 632 4373 conglutinavit,
655 4293 692 4352 ut
720 4286 851 4352 difficile
876 4286 948 4351 cola
966 4285 1229 4371 disiungerentur
1247 4290 1280 4349 et
1299 4307 1426 4370 separa-

143 4396 264 4456 rentur.
309 4391 388 4458 lndc
419 4417 491 4460 raro
519 4394 615 4479 plura
636 4395 709 4460 cola
731 4395 823 4480 paria
844 4394 879 4458 in
901 4393 1034 4458 Pindari
1058 4392 1256 4458 carminibus
1281 4414 1351 4456 1111
1375 4415 1426 4456 ex-

143 4497 282 4585 cipiunt,
305 4505 338 4564 et
363 4522 526 4583 caesurae,
551 4502 668 4585 quibus
693 4501 764 4565 cola
787 4501 827 4564 ab
852 4500 972 4564 Atticis
995 4500 1101 4583 poetis
1128 4499 1263 4564 scenicis
1286 4499 1426 4584 plerum-

142 4627 213 4689 que,
232 4629 252 4672 a
269 4607 406 4672 noviciis
425 4607 531 4691 poetis
550 4607 661 4691 lyricis
680 4606 747 4671 fere
767 4629 894 4691 semper
913 4606 1190 4690 discriminantur,
1209 4629 1364 4692 persaepe
1383 4608 1423 4671 ab

142 4734 181 4778 ee
208 4713 375 4800 neglectae
401 4712 617 4778 inveniuntur.
664 4712 777 4797 Neque
801 4717 912 4777 tamen
935 4713 1046 4777 eadem
1069 4734 1167 4776 causa
1190 4714 1336 4779 omnium
1359 4737 1426 4781 car-

142 4820 268 4886 minum
291 4821 376 4885 vatis
395 4820 542 4886 Thebani
566 4826 628 4906 est,
652 4821 739 4905 quod
761 4825 798 4884 ut
820 4819 1007 4906 intellegas,
1031 4819 1177 4884 conferre
1200 4821 1291 4886 iuvat
1310 4827 1423 4887 tenues
