3406 5378
503 373 530 423 11
565 374 614 423 DE
633 373 727 424 ARTE
746 374 904 425 METRICA
923 373 1079 427 PINDARI.
1371 371 1432 426 XLI

151 533 217 598 iam
244 533 372 619 integer
404 538 437 598 et
464 534 626 618 perfectus
658 536 781 601 evadat.
826 534 879 600 En
910 534 1070 621 exempla,
1102 559 1185 621 quae
1218 535 1290 622 plus
1324 535 1433 600 valent

151 662 249 725 quam
272 640 537 708 ratiocinationes

648 795 667 834 ὑ
702 808 766 835 un
800 766 1203 855 uqu;(N.III2),

357 916 553 943 -‡W;W
587 891 624 943 [A
659 873 1195 961 sw2w2-(0.X111ep.l),

399 1027 404 1037 ·
483 981 1232 1070 -2ow2u-v.srso-so-(0.113).

152 1124 193 1188 In
219 1146 413 1208 unoquoque
441 1124 527 1188 enim
555 1123 672 1188 horum
700 1124 799 1189 trium
828 1147 979 1190 versuum
1002 1148 1068 1190 una
1093 1125 1193 1212 longa
1215 1127 1249 1190 in
1274 1126 1433 1192 ambitum

153 1232 254 1297 totius
278 1231 368 1318 pedis
392 1236 449 1295 aut
472 1230 617 1295 trochaei
637 1231 699 1316 (1-1
723 1236 780 1296 aut
803 1232 924 1317 dactyli
943 1230 1006 1315 (11)
1030 1237 1087 1297 aut
1110 1233 1242 1317 paeonis
1262 1231 1340 1319 (ω)
1363 1256 1434 1318 pro-

154 1336 250 1404 ducta
268 1360 381 1403 cursus
400 1360 608 1403 numerorum
624 1339 751 1424 integer
764 1339 957 1404 restituitur.
990 1339 1194 1424 Quamquam
1209 1340 1247 1405 de
1263 1339 1434 1427 quintupla

153 1446 264 1531 longa,
289 1467 387 1529 qnam
411 1444 572 1510 Aristides
600 1446 638 1510 de
662 1469 743 1511 mus.
767 1448 841 1511 133
870 1450 903 1510 01
929 1446 1068 1512 fortasse
1096 1447 1195 1511 etiam
1220 1447 1434 1512 Aristoxenus

57 1616 60 1621 .
154 1553 192 1617 de
210 1553 352 1637 rhythm.
372 1552 463 1617 010111.
483 1576 513 1638 p.
533 1552 779 1619 1801111111,
802 1553 966 1640 ignorant,
988 1554 1060 1618 vide
1085 1576 1166 1638 quae
1190 1555 1229 1618 ad
1249 1554 1327 1620 0.11
1351 1577 1434 1620 com·

154 1660 290 1724 mentati
314 1682 435 1724 sumus.

243 1767 354 1831 Etiam
381 1768 480 1832 latius
509 1769 610 1832 altera
638 1768 722 1833 ratio
749 1772 853 1852 patet,
885 1769 1037 1852 quoniam
1061 1768 1219 1833 Pindarus
1247 1792 1336 1834 mera
1364 1770 1436 1834 cola

153 1875 319 1939 trochaica
338 1880 371 1939 et
389 1875 538 1959 iambica,
558 1897 639 1959 quae
659 1875 762 1939 multa
780 1875 815 1939 in
834 1875 1003 1940 cantilenis
1018 1875 1233 1941 Anacreontis
1253 1882 1286 1941 et
1300 1876 1434 1942 canticis

153 1981 355 2047 scenicorum
378 1986 548 2067 poetarum
572 1988 755 2066 occurrunt,
780 1982 860 2047 adeo
884 1988 1076 2066 aspernatus
1100 1989 1159 2067 est,
1182 1989 1220 2047 ut
1242 2005 1342 2067 paene
1366 2006 1435 2048 om-

152 2088 249 2153 nibus
273 2089 307 2152 in
331 2089 479 2153 versibus
503 2089 663 2154 trochaeis
687 2089 833 2175 dactylos
857 2089 1062 2154 immisceret.
1104 2090 1175 2155 Hac
1198 2091 1284 2155 enim
1306 2112 1341 2155 re
1364 2090 1437 2175 ipsa

152 2196 254 2281 lyrica
276 2201 381 2261 metra
404 2196 445 2260 ab
470 2195 568 2280 epicis
588 2202 621 2260 et
639 2196 829 2283 vulgaribus
848 2196 975 2261 differre
994 2203 1027 2260 et
1046 2198 1216 2262 modorum
1235 2197 1435 2262 dulcedinem

154 2303 238 2368 effici
266 2308 357 2368 vates
384 2302 511 2368 Aeolici
540 2308 572 2367 et
599 2303 720 2369 chorici
749 2304 974 2389 opinabantur.
1022 2303 1135 2388 Neque
1167 2305 1230 2369 hoc
1262 2304 1436 2369 artificium

153 2411 309 2476 miscendi
333 2410 430 2496 pedes
453 2410 634 2475 trochaicus
658 2415 691 2474 01
714 2411 891 2496 dactylicos
916 2410 1091 2494 quidquam
1119 2411 1195 2475 novi
1223 2415 1279 2474 aut
1303 2411 1342 2474 ab
1367 2414 1437 2474 arte

153 2523 323 2602 poetarum
346 2516 481 2581 aliarum
505 2517 675 2581 nationum
694 2517 791 2582 alieni
814 2517 922 2610 habet.
964 2517 1113 2601 Namque
1132 2517 1289 2581 Horatius
1309 2538 1436 2601 quoque

154 2630 187 2689 et
214 2628 377 2689 nostrates
406 2629 534 2709 poetae,
567 2624 622 2707 qui
650 2648 669 2689 a
696 2623 830 2688 licentia
857 2622 919 2688 coli
947 2624 982 2688 in
1010 2624 1115 2689 medic
1143 2624 1243 2688 verbo
1269 2623 1355 2687 finiti
1383 2624 1438 2687 ab·

154 2732 302 2815 horrent,
332 2731 394 2795 hoc
422 2731 491 2795 sine
519 2731 586 2795 ulla
613 2731 815 2796 dubitatione
849 2730 912 2796 sibi
945 2731 1172 2817 permiserunt,
1203 2734 1241 2794 ut
1271 2729 1436 2814 dactylum

155 2838 326 2922 trochaeis,
348 2838 466 2903 iambis
490 2843 700 2923 anapaestum
718 2838 964 2922 praemitterent
985 2842 1041 2902 aut
1060 2837 1201 2902 medium
1219 2836 1437 2900 intericerent.

155 2943 217 3010 Sed
237 2967 311 3010 cum
328 2967 395 3009 non
413 2945 525 3010 eadem
545 2945 689 3009 omnium
707 2967 859 3009 versuum
876 2945 960 3011 10110
980 2944 1033 3029 011,
1052 2949 1084 3009 01
1103 2944 1168 3008 alia
1186 2944 1250 3009 0110
1268 2944 1303 3007 in
1318 2963 1444 3028 genere

154 3051 334 3117 carminum
360 3052 414 3118 via
439 3052 516 3118 iniri
546 3052 675 3136 debeat,
707 3051 837 3137 singula
864 3073 983 3137 genera
1008 3052 1044 3115 in
1070 3051 1131 3116 hac
1160 3051 1350 3135 quaestione
1376 3071 1437 3115 nos

156 3157 355 3245 distinguere
379 3182 438 3244 par
461 3164 519 3223 est.

244 3283 298 3347 De
323 3283 482 3368 cyclicis
511 3283 688 3370 dactylis.
728 3283 941 3369 Logaoedicis
968 3285 1004 3349 in
1031 3283 1177 3349 versibus
1206 3282 1352 3369 dactylus
1380 3283 1439 3347 im·

156 3391 276 3456 mixtus
308 3394 357 3455 est
385 3391 562 3476 1100110010,
594 3392 678 3456 uude
707 3414 780 3456 cum
808 3391 952 3456 trochaei
981 3391 1017 3455 in
1042 3390 1104 3456 hoc
1137 3412 1253 3476 genere
1285 3413 1438 3455 versuum

155 3497 363 3582 praevaleant
386 3503 419 3561 et
442 3499 590 3584 dactylus
609 3499 798 3584 plerumque
817 3519 910 3583 unus,
934 3498 962 3562 si
980 3497 1165 3583 plurimum,
1189 3499 1252 3562 duo
1275 3497 1438 3563 trochaeis

153 3604 268 3669 inserti
293 3604 375 3689 sint,
402 3627 468 3669 non
490 3607 661 3672 trochaeos
686 3605 828 3690 dactyle,
858 3606 914 3669 sed
938 3604 1103 3689 dactylum
1126 3605 1287 3670 trochaeis
1311 3604 1439 3669 adsimi-

154 3711 268 3776 landos
292 3734 361 3776 esse
384 3716 484 3796 patet.
526 3712 640 3797 Itaque
664 3711 828 3797 dactylum
857 3712 958 3776 istum
986 3712 1053 3776 fere
1080 3711 1166 3775 idem
1193 3716 1323 3795 tempus
1353 3712 1439 3795 quod

155 3818 343 3883 trochaeum
367 3818 527 3908 explere¹)
551 3820 734 3901 statuimus,
759 3819 845 3900 quod
868 3822 905 3882 ut
929 3818 1028 3882 etiam
1051 3817 1218 3882 oculorum
1241 3817 1327 3882 visui
1349 3822 1438 3901 pate-

155 3927 256 4010 fieret,
280 3927 343 3991 duo
367 3947 486 4012 genera
509 3927 712 4011 dactylorum
735 3925 786 3990 his
809 3924 897 3990 notis
921 3948 940 3990 a
962 3924 1057 3990 nobis
1082 3924 1235 3989 distincta
1259 3928 1350 3988 sunt:

371 4098 386 4120 a
413 4095 462 4151 w·
489 4053 638 4138 dactylus
662 4052 767 4115 iustus
791 4055 931 4135 quatuor
954 4055 1153 4134 temporum,

360 4205 395 4229 10
422 4202 440 4227 ο
490 4160 639 4246 dactylus
663 4157 803 4244 cyclicus
816 4158 927 4256 ,trium
951 4157 1018 4222 fere
1041 4160 1234 4241 temporum.

155 4283 302 4349 Volubili
332 4284 427 4349 alteri
459 4285 588 4370 dactylo
616 4306 736 4348 nomen
768 4282 882 4368 cyclici
914 4283 1036 4366 dactyli
1067 4281 1233 4347 Boeckhio
1267 4281 1347 4346 duco
1378 4283 1440 4348 im-

154 4393 336 4478 posuimus,
364 4393 441 4459 licet
468 4416 508 4457 nc
531 4415 591 4457 nos
620 4392 749 4476 quidem
777 4390 899 4477 fugerit
927 4395 1052 4455 veteres
1082 4387 1289 4476 scriptoresl)
1321 4412 1440 4454 nomen

245 4625 271 4690 1)
294 4640 320 4677 v.
339 4620 462 4676 Aristox.
486 4621 579 4676 Harm.
599 4641 619 4675 11
638 4641 664 4693 p.
680 4625 727 4689 34,
745 4627 777 4675 16
792 4621 844 4675 M.:
872 4628 929 4674 τῶν
956 4622 1086 4690 μεγεθῶν
1114 4614 1256 4688 μενόντων
1285 4615 1440 4688 ἀνομοίους

153 4690 304 4763 γίγνεσθαι
322 4695 388 4756 τοὺς
406 4689 503 4754 πόδας.

245 4767 272 4834 2)
291 4764 405 4833 Dionys.
429 4762 519 4818 Halic.
544 4763 579 4817 de
602 4781 690 4834 comp.
715 4762 791 4818 verb.
811 4768 883 4818 017
907 4783 933 4833 p.
950 4768 1001 4816 224
1021 4762 1096 4817 Schz
1126 4761 1153 4815 01
1180 4757 1276 4830 μέντοι
1304 4757 1439 4830 ἆοθμινοὶ

155 4831 325 4908 111111νή11
339 4836 396 4890 ἀπὸ
410 4843 466 4890 τῶν
481 4836 618 4909 βραχειῶν
632 4834 789 4906 ἀρξάμενος
805 4832 851 4889 ἐπὶ
864 4835 916 4906 τὴν
931 4834 1033 4906 ἄλογον
1053 4832 1081 4904 (i
1098 4850 1121 4888 ο.
1137 4829 1311 4907 βραχυτέραν
1326 4831 1439 4903 μακρὰν
