3406 5378
807 1172 968 1224 naulica.
988 1168 1036 1224 H'.

586 1336 863 1420 ΔΕΙΝΙΔΙ
900 1331 1268 1417 ΑΙΓΙΝΗΤΗι

849 1527 1002 1578 ΣΤΑΔΙΕΙ.

376 3402 515 3462 Dinidem
539 3404 642 3481 Megae
666 3403 760 3462 filium
784 3404 964 3483 Aeginetam
983 3423 999 3462 e
1018 3406 1107 3481 gente
1133 3402 1349 3463 Charindarum
1373 3397 1415 3484 (v.
1435 3397 1484 3483 46)
1503 3404 1565 3463 Ne-

285 3511 352 3550 mea
375 3511 464 3552 cursu
487 3493 592 3552 vicisse
616 3496 647 3552 et
669 3496 785 3569 patrem
815 3493 878 3551 eius
907 3492 1009 3552 eodem
1038 3511 1145 3570 genere
1169 3493 1365 3552 certaminum
1389 3497 1478 3552 antea
1501 3494 1565 3553 iam

284 3580 442 3640 victoriam
470 3584 637 3658 reportasse
666 3602 701 3641 ex
729 3582 859 3641 carmine
887 3583 953 3657 ipso
985 3582 1198 3660 cognoscimus.
1244 3581 1391 3658 Didymus
1423 3601 1493 3641 vero
1528 3604 1565 3642 ex

285 3669 424 3748 catalogo
447 3670 696 3730 Nemconicarum
719 3671 775 3731 hoc
798 3691 891 3730 unum
914 3670 1019 3749 refert,
1044 3671 1180 3729 neutrius
1203 3689 1310 3730 nomen
1334 3672 1413 3730 inter
1434 3671 1566 3734 victores

285 3758 381 3816 stadio
410 3778 592 3836 comparere,
620 3760 699 3818 unde
728 3779 777 3819 eos
806 3779 864 3820 non
893 3759 1004 3837 stadio,
1032 3760 1082 3819 scd
1110 3760 1223 3836 duplici
1253 3761 1350 3820 stadio
1374 3762 1435 3820 sive
1459 3760 1564 3823 diaulo

284 3847 389 3906 vicisse
413 3848 566 3923 probabile
590 3847 631 3906 fit.
678 3849 789 3907 Verum
812 3850 976 3927 aegerrime
999 3850 1131 3926 ferimus,
1155 3850 1234 3925 quod
1258 3851 1363 3910 doctus
1386 3852 1564 3928 grammati-

284 3954 336 3994 cus
366 3956 400 3995 cx
431 3937 492 3996 suis
520 3937 679 4016 catalogis,
708 3937 833 3997 fortasse
863 3938 934 4014 quia
957 3939 987 3997 in
1011 3939 1048 3997 iis
1072 3938 1146 3996 nihil
1170 3941 1289 4014 practer
1312 3940 1409 3998 stadio
1433 3940 1564 4000 victores

284 4029 422 4084 notatum
451 4027 573 4102 invenit,
599 4026 633 4085 de
657 4032 790 4102 tempore
817 4027 1011 4087 victoriarum
1039 4027 1114 4086 nihil
1145 4027 1313 4102 adnotavit3
1347 4029 1432 4105 atqui
1466 4030 1565 4090 omnis

287 4114 495 4190 interpretatio
524 4115 613 4174 huius
638 4116 777 4174 carminis
801 4135 819 4174 a
842 4119 987 4193 tempore,
1019 4136 1078 4193 quo
1103 4115 1133 4174 id
1157 4117 1302 4191 scriptum
1325 4137 1387 4177 esse
1413 4118 1564 4197 videam,

283 4204 401 4277 pendet.
439 4203 504 4263 Hoc
524 4204 643 4280 quidem
664 4225 698 4263 ex
717 4207 782 4264 toto
803 4207 903 4264 tenore
922 4206 1061 4263 carminis
1081 4205 1226 4279 suspicari
1245 4207 1323 4283 licet,
1343 4228 1442 4265 re1um
1463 4209 1565 4283 publi·

284 4311 387 4349 carum
418 4295 543 4368 statum,
567 4293 666 4369 qualis
690 4293 742 4353 illo
767 4297 899 4369 tempore
922 4294 993 4371 fuit,
1018 4294 1146 4353 Pindaro
1170 4314 1350 4372 magnopere
1375 4296 1563 4372 displicuisse

284 4380 408 4456 eiusque
438 4381 570 4440 animum
599 4402 657 4440 non
686 4383 783 4442 solum
814 4383 975 4441 senectutis
1006 4382 1239 4460 ingravescentis
1269 4385 1415 4444 molestiis
1443 4385 1481 4457 (v.
1503 4381 1566 4466 38),

285 4469 334 4527 sed
355 4469 446 4528 etiam
465 4470 565 4529 dolore
585 4475 615 4529 ct
633 4472 678 4529 ira
697 4472 734 4530 ob
758 4472 912 4530 hominum
934 4471 1127 4547 iniquitatem
1151 4477 1182 4530 et
1204 4473 1390 4550 impietatem
1414 4474 1564 4535 afflictum

285 4558 383 4617 luisse.
430 4559 512 4618 Haec
540 4564 641 4619 autem
670 4561 796 4619 trist'tia
824 4560 948 4637 optime,
976 4566 1012 4618 ut
1039 4561 1193 4620 Dissenius
1218 4564 1346 4638 monuit,
1377 4563 1507 4640 quadrat
1530 4565 1563 4623 in

285 4666 396 4706 annum
421 4651 516 4726 459βὸ
541 4668 566 4707 a.
587 4648 652 4708 Chr.
674 4643 734 4729 (01.
755 4652 805 4725 80,
827 4643 869 4729 2),
894 4668 953 4725 quo
978 4669 1055 4709 anno
1078 4653 1147 4726 post
1169 4670 1302 4729 pugnam
1328 4652 1562 4729 Uecryphalcam

283 4736 479 4796 Athenienses
502 4739 648 4816 Aeginam
680 4757 853 4817 oppugnare
883 4738 1043 4816 parabant,
1074 4739 1120 4797 vel
1151 4759 1201 4797 eos
1232 4742 1285 4816 qui
1314 4741 1446 4817 proxime
1477 4747 1563 4802 ante·
