3406 5378
721 359 852 410 suumn
870 360 918 410 111.
999 421 1003 428 ‚
1394 353 1456 419 143

235 520 305 587 ἀλλ’
334 518 533 598 ἐπεύξασθαι
556 516 618 605 μὲν
641 519 727 603 ἐγὼν
750 519 854 586 ἐθέλω
1239 516 1324 583 Ἀντ.
1349 517 1392 583 δ’.

235 632 359 713 Ματρί,
383 629 445 692 τάν
466 636 586 712 κοῦραι
608 625 686 714 παρ’
713 626 792 712 ἐμὸν
814 630 991 713 πρόθυρον
1014 629 1079 691 σὺν
1103 623 1192 690 Πανί
1216 624 1395 710 μέλπονται

1247 734 1340 818 θαμά

235 843 359 927 σεμνάν
381 843 465 907 θεὸν
489 840 646 925 ἐννύχιαι.
1409 858 1459 905 140

181 966 215 1013 80
235 952 266 1014 εί
287 946 323 1014 δέ
348 952 457 1033 λόγων
481 947 622 1034 συνέμεν
644 948 812 1033 κορυφάν,
831 946 957 1033 Ἱέρων,

280 1056 391 1142 ὀρθάν
414 1055 542 1144 ἐπίστᾳ,
566 1056 750 1141 μανθάνων
773 1051 875 1121 olous
897 1053 1081 1140 προτέρων·

234 1149 282 1228 ’ἐν’
293 1161 371 1249 παρ’
398 1162 495 1229 ἐσλὸν
517 1163 648 1248 πήματα
671 1164 799 1228 σύνδυο
822 1163 973 1227 δαίονται
996 1165 1129 1247 βροτοῖς

236 1270 413 1337 ἀθάνατοι·
432 1271 472 1335 τὰ
495 1266 555 1354 μὲν
578 1266 627 1336 ὧν

280 1377 321 1442 οὐ
344 1378 505 1442 δύνανται
528 1378 641 1459 νήπιοι
664 1380 775 1465 κόσμῳ
799 1375 929 1463 φέρειν,

235 1481 308 1548 ἀλλ’
334 1482 473 1568 ἀγαθοί,
496 1484 535 1547 τὰ
558 1483 641 1549 καλά
663 1481 842 1570 τρέψαντες
864 1481 933 1560 ἔξω.

235 1731 288 1798 τίν
311 1730 348 1798 δέ
371 1730 460 1818 μοῖρ’
485 1732 698 1817 εὐδαιμονίας
720 1731 839 1798 ἕπεται.
1246 1729 1312 1796 Ἐπ.
1337 1728 1379 1795 δ’.
1406 1747 1456 1794 1σο

182 1857 216 1904 85
236 1839 377 1923 λαγέταν
401 1839 464 1926 γάρ
487 1862 538 1904 τοι
562 1840 729 1925 τύραννον
752 1838 915 1925 δέρκεται,

234 1954 268 2012 εί
287 1945 351 2011 τιν’
377 1945 582 2033 ἀνθρώπων,
606 1946 624 2013 ὁ
646 1946 747 2032 μέγας
769 1950 901 2031 πότμος.
938 1947 1021 2012 αἰὼν
1040 1944 1072 2011 δ’
1093 1946 1244 2030 ἀσφαλὴς

256 2181 297 2230 78.
313 2175 445 2247 μέλποντι
462 2177 529 2231 0-
546 2181 587 2230 79.
607 2174 709 2257 σεμνὸν
723 2176 805 2231 12⁸0?
824 2208 859 2215 -
877 2179 952 2229 θεᾶν
966 2174 1012 2229 vel
1030 2179 1108 2229 θεῶν
1124 2176 1181 2229 0⁸⁰
1199 2205 1232 2213 -
1252 2178 1294 2228 80,
1315 2171 1458 2229 ἐπίστασαι

183 2249 286 2317 μαθών
305 2247 377 2302 coni.
392 2247 489 2302 Naber
506 2246 693 2317 prohabrhter
707 2279 739 2286 -
755 2253 797 2302 81.
818 2244 947 2302 δαίονται
961 2247 1063 2302 BCD:
1083 2243 1177 2299 δέοντι
1194 2245 1279 2299 schol.
1299 2246 1336 2299 ad
1356 2246 1459 2314 O.1or,

184 2318 257 2372 unde
277 2316 387 2374 δαίοντι
405 2318 562 2373 Mommsen
582 2351 614 2363 ν
634 2322 677 2372 86.
695 2338 739 2372 τοι
758 2335 811 2372 om.
829 2319 866 2373 0¹
886 2350 918 2359 -
938 2323 980 2373 86,
1000 2317 1026 2371 σ’
1048 2317 1062 2371 δ
1081 2317 1167 2387 μέγας
1185 2317 1256 2372 coni.
1270 2316 1363 2388 Bergk
1382 2349 1415 2358 —

254 2467 295 2517 77.
322 2460 436 2517 Graecis
459 2460 550 2516 minus
574 2478 660 2530 quam
682 2459 764 2514 nobis
788 2462 922 2530 usurpato
947 2476 1022 2514 more
1045 2461 1145 2529 poeta,
1168 2460 1244 2528 quod
1267 2459 1378 2515 medica
1397 2462 1457 2514 arte

181 2532 297 2588 Hieroni
315 2533 475 2605 aegrotanti
494 2532 629 2603 opitulari
646 2548 702 2587 non
720 2534 824 2602 posset,
842 2548 938 2601 preces
958 2548 987 2586 se
1005 2548 1055 2602 pro
1072 2531 1132 2586 eius
1147 2531 1240 2586 salute
1254 2531 1370 2586 fundere
1385 2530 1459 2585 dixit

183 2636 216 2642 —
236 2609 268 2658 77
283 2622 324 2673 sq.
344 2604 444 2660 schol:
460 2602 652 2674 Ἀριστόδημός
670 2621 758 2673 φησιν
774 2601 941 2673 Ὀλύμπιχον
959 2602 1083 2672 αὐλητὴν
1101 2600 1306 2672 διδασκόμενον
1320 2603 1375 2656 ὑπὸ
1390 2606 1458 2657 Πιν-

183 2674 272 2743 δάρου
290 2675 426 2746 γενέσθαι
444 2675 516 2730 κατὰ
534 2676 566 2730 τὸ
592 2675 669 2744 ὄρος,
693 2672 765 2730 δπου
783 2674 836 2728 τίι
853 2673 969 2744 μελέτην
988 2671 1143 2741 συνετίθει,
1166 2675 1214 2728 καί
1236 2672 1335 2744 ψόφον
1358 2674 1458 2729 ἱκανὸν

183 2747 231 2800 καί
249 2745 340 2817 φλόγα
359 2748 431 2801 ίδεῑν
450 2745 694 2818 καταφερομένην
718 2745 768 2800 τὸν
792 2694 823 2800 <ii
842 2743 988 2814 Πίνδαρον
1012 2743 1220 2815 έπαισδόμενον
1246 2748 1370 2801 συνιδεῖν
1395 2749 1457 2814 Μη-

180 2817 244 2886 τρδς
270 2822 348 2872 θεῶν
374 2818 485 2890 ἄγαλμα
511 2822 623 2874 λίθινον
646 2818 850 2888 (Meleorstein)
867 2826 925 2881 τοῖς
947 2818 1031 2872 ποσίν
1054 2815 1253 2889 ἐπερχόμενον,
1278 2816 1348 2872 ὅθεν
1371 2817 1458 2870 αύτδν

181 2889 406 2958 συνιδρύσασδαι
423 2890 494 2959 πρὸς
511 2899 545 2962 τῇ
565 2888 640 2966 οἰκία
659 2889 775 2959 Μητρὸς
788 2893 866 2944 θεῶν
884 2890 933 2944 καί
950 2889 1048 2951 Πανὸς
1066 2889 1193 2960 ἄγαλμα·
1212 2889 1277 2951 τοὺς
1295 2887 1326 2942 δὲ
1344 2885 1459 2950 πολίτας

180 2960 349 3029 πέμψαντας
367 2961 395 3024 ἐς
412 2965 484 3015 θεοῦ
502 2962 707 3018 πυνθάνεσθαι
724 2962 790 3029 περὶ
807 2969 863 3016 τῶν
882 2958 1087 3033 ἐκβησομένων
1107 2962 1157 3015 τὸν
1175 2959 1206 3015 δὲ
1226 2961 1362 3028 ἀνειπεῖν,
1382 2958 1458 3027 ίερδν

180 3033 296 3102 Μητρὸς
318 3037 396 3087 θεῶν
421 3032 606 3101 ἱδρύσασθαι·
632 3034 698 3097 τοὺς
717 3031 747 3087 δὲ
767 3031 955 3103 ἐκπλαγέντας
972 3032 1022 3087 τὸν
1040 3030 1186 3100 Πίνδαρον
1206 3030 1254 3085 διὰ
1276 3031 1308 3085 τδ
1330 3034 1457 3099 προειλη-

182 3102 268 3171 φέναι
291 3103 341 3158 τδν
364 3103 501 3175 χρησμόν,
525 3102 625 3174 ὁμοίως
641 3110 680 3178 τῷ
699 3103 834 3176 Πινδάρῳ
854 3103 939 3158 ἐκεῖσε
959 3106 1021 3174 (pro
1039 3103 1106 3172 ἐκεῖ)
1124 3112 1209 3174 τιμᾶν
1226 3102 1279 3172 τὴν
1296 3102 1368 3156 θεὸν
1386 3107 1459 3156 τελε-

181 3184 249 3238 ταῖς,
297 3175 341 3229 Ad
373 3176 445 3230 hanc
475 3176 617 3242 fabulum,
647 3193 733 3245 quam
760 3175 952 3229 Aristodemus
984 3192 1017 3229 ex
1047 3174 1255 3230 commentariis
1283 3172 1458 3227 sacerdotum

183 3244 283 3316 templi
302 3247 401 3300 matris
416 3247 486 3301 deae
501 3247 652 3316 sumpsisse
666 3246 786 3315 videtur,
800 3246 924 3316 pertinet
941 3249 1128 3301 commentum
1147 3246 1224 3300 vitae
1242 3245 1322 3299 Pind.
1336 3244 1414 3300 Vrat.
1430 3245 1460 3297 in

183 3316 257 3372 Prol.
274 3335 289 3370 c
304 3333 328 3371 ιι
344 3349 376 3358 -
393 3323 434 3372 78.
454 3319 505 3372 σὺν
523 3320 612 3372 Πανί·
632 3317 731 3372 schol:
752 3320 800 3387 σύγ
820 3316 862 3372 ὅτι
880 3318 911 3371 cl
929 3316 1011 3387 κόραι
1029 3320 1080 3372 σὺν
1097 3323 1135 3390 τῷ
1153 3318 1230 3371 Πανί
1248 3316 1393 3387 χορεύουσι
1412 3319 1460 3370 καὶ

185 3389 340 3458 ἀννμνοῦσι
359 3388 410 3457 τὴν
425 3388 517 3456 Ῥέαν,
537 3389 607 3443 ἀλλὰ
625 3390 677 3458 τὴν
692 3386 771 3442 Ῥέαν
789 3389 837 3442 καλ
856 3389 905 3443 τὸν
923 3392 1008 3442 Πᾶνα
1027 3393 1189 3459 ἀνυμνοῦσι.
1214 3388 1354 3455 πάρεδρος
1372 3387 1425 3458 γὰρ
1445 3387 1460 3441 δ

183 3459 249 3513 Πὰν
268 3467 301 3530 τῇ
318 3457 388 3534 Ῥέᾳ,
408 3463 444 3522 ὡς
463 3461 547 3523 αύτδς
566 3458 739 3529 ὐΠίνδαρος
757 3459 788 3514 έν
806 3469 864 3523 τοῖς
881 3458 1092 3530 κεχωρισμένοις
1105 3469 1161 3514 τῶν
1174 3457 1346 3526 Παρθενίαν
1360 3462 1459 3528 φησίν·

177 3524 211 3582 Ὦ
230 3530 295 3585 Πὰν
311 3529 457 3599 Ἀρκαδίας
475 3534 590 3602 μεδέων,
611 3530 662 3595 ἕως
679 3540 737 3599 τοῦ,
756 3532 873 3598 Ματρὸς
891 3533 1012 3601 μεγάλας
1030 3529 1120 3584 ὀπαδὲ
1139 3540 1247 3600 σεμνῶν
1263 3533 1394 3599 Χαρίτων
1412 3527 1458 3600 μέ-

183 3604 256 3670 λημα
270 3600 393 3670 τερπνόν
407 3602 449 3670 (fr.
465 3607 502 3670 st)
515 3634 552 3644 —
566 3603 664 3666 άλλως·
683 3603 754 3671 πρὸς
772 3611 805 3673 τῇ
825 3600 900 3677 οίκίηι
913 3611 963 3656 τοῦ
977 3602 1124 3671 Πινδάρου
1138 3602 1254 3670 Μητρδς
1267 3606 1345 3657 θεῶν
1364 3600 1459 3668 ἵδρυτο

184 3671 261 3741 ίερδν
286 3675 335 3726 καί
360 3672 470 3741 Πανός,
499 3672 567 3743 ὅπερ
594 3675 678 3739 αὐτὸς
704 3674 851 3742 ἱδρύσατο·
880 3673 913 3727 cf.
933 3673 982 3727 vit.
1002 3674 1082 3727 Pind.
1101 3674 1131 3727 in
1156 3672 1229 3726 Prol.
1248 3692 1274 3743 p.
1295 3693 1317 3727 c.
1356 3672 1460 3727 Contra

183 3742 348 3798 Welckerus
368 3745 404 3799 ad
423 3744 586 3800 Philostrat.
605 3766 632 3817 p.
647 3764 686 3802 ιιι
706 3749 735 3799 et
752 3744 907 3812 Michaelis,
926 3744 950 3798 ll
969 3745 1015 3798 dio
1034 3745 1093 3800 Pan
1112 3743 1183 3799 colle
1202 3760 1248 3798 ore
1263 3760 1278 3797 o
1292 3761 1345 3798 con
1362 3744 1459 3812 nimie,

180 3815 272 3870 annal.
288 3815 342 3870 del.
358 3816 432 3872 latit.
448 3817 524 3870 arch.
541 3823 609 3871 1863
628 3837 654 3888 p.
671 3823 731 3885 331,
751 3816 812 3870 loco
831 3815 998 3870 Philostr.11
1017 3834 1042 3870 12
1062 3812 1201 3885 ’ἐλέγοντο
1220 3816 1268 3869 καί
1287 3815 1317 3868 αἱ
1335 3816 1458 3885 Νύμφαι

178 3895 309 3954 χορεῦσαι
329 3887 355 3941 ολ
374 3892 417 3959 (τῇ
433 3886 507 3963 Ῥέᾳ)
521 3890 568 3942 καί
587 3890 790 3957 άνασκιρτῆσαι
807 3887 856 3941 τδν
870 3889 965 3941 Πᾶνα’
987 3889 1017 3941 et
1034 3886 1120 3941 simili
1139 3887 1201 3941 loco
1219 3886 1283 3939 Eur.
1298 3887 1355 3941 Ion.
1370 3904 1410 3940 ιον
1420 3904 1455 3941 ss.

179 3958 290 4027 εγοροίις
308 3956 445 4031 στείβουσι
463 3962 565 4014 ποδοῖν
588 3959 734 4030 ’,ίγραύλον
754 3957 836 4028 κόραι
859 3956 1026 4027 τρίγονοι..
1044 3958 1133 4014 (ὅταν
1157 3959 1265 4019 αὐλίοις
1288 3955 1413 4028 σωρίζῃς,
1434 3953 1455 4011 ὦ

178 4028 264 4097 Πάν’,
288 4029 332 4085 his
351 4031 419 4085 locis
438 4032 583 4098 commoti,
610 4049 672 4085 cum
701 4031 805 4098 κούρας
830 4030 976 4100 Nymphas
995 4029 1213 4097 intellexissent,
1235 4028 1381 4098 Nymphas
1400 4045 1457 4083 una

178 4118 240 4153 curn
259 4101 335 4156 Pane
353 4102 486 4172 Magnam
506 4103 588 4156 deam
607 4101 748 4156 celebrare
768 4101 877 4171 opinati
897 4105 969 4156 sunt.
1008 4101 1229 4155 Scholiastarum
1248 4099 1456 4169 interpretatio-

177 4188 240 4224 nem
263 4172 393 4226 adiuvari
417 4173 504 4228 etiam
527 4172 644 4243 pulchro
668 4172 829 4243 anaglypho
853 4173 970 4227 Boeotio
995 4189 1080 4242 prope
1100 4172 1259 4240 Tanagram
1279 4175 1388 4242 reperto
1407 4171 1457 4224 ad-

177 4246 278 4297 notant
300 4243 506 4314 l'urtwtngler‚
533 4246 616 4314 Satyr
636 4261 686 4298 aus
708 4243 865 4315 Pergamon
888 4262 915 4315 p.
931 4261 957 4299 as
976 4251 1004 4298 et
1027 4244 1055 4297 L.
1072 4243 1179 4297 Gurlitt
1204 4242 1455 4298 Arch.Zeit.1880

176 4331 202 4381 p.
222 4331 262 4368 iss
281 4346 313 4355 -
334 4320 375 4370 80.
395 4316 553 4384 apostotos·
573 4332 636 4369 cum
654 4315 838 4386 proverbialis
858 4318 887 4370 et
904 4315 1049 4385 popularis
1069 4317 1143 4369 esset
1162 4314 1304 4369 sententia
1327 4313 1358 4369 ἓν
1382 4312 1451 4383 παρ’

178 4383 258 4440 ἐσλὸν
275 4386 390 4456 πήματα
409 4388 470 4453 δύο,
489 4404 545 4456 qua
564 4387 705 4441 sententis
723 4387 880 4458 sapientiae
900 4404 1037 4440 summam
1052 4385 1203 4456 (κορυφάν)
1218 4385 1355 4440 contineri
1369 4392 1454 4457 pocta

175 4457 253 4525 dicit,
273 4461 380 4512 setores
401 4458 542 4528 sapientes
562 4459 621 4513 eius
641 4462 769 4514 auctores
788 4475 848 4513 esse
867 4460 1081 4512 ferebantur-
1102 4463 1136 4512 84
1153 4477 1188 4513 ss.
1208 4475 1293 4526 quam
1311 4474 1378 4511 vers
1397 4458 1453 4512 ista

176 4529 317 4582 sententia
341 4529 390 4598 sit,
415 4529 550 4599 exemplis
569 4529 645 4584 Pelei
665 4533 694 4585 et
712 4530 810 4584 Cadmi
830 4530 1007 4600 comprobat,
1032 4529 1081 4598 qui
1105 4547 1168 4583 cum
1192 4546 1301 4582 summa
1324 4529 1452 4599 potentia

175 4600 325 4668 floruerint,
345 4605 440 4654 tamen
459 4601 541 4654 malis
561 4618 616 4654 non
635 4605 832 4655 caruerunt-
849 4608 890 4655 85.
910 4601 1062 4668 τύραννον·
1083 4618 1185 4671 regem,
1204 4617 1260 4655 non
1279 4618 1374 4672 regem
1392 4619 1452 4654 cru-

175 4671 265 4725 dclem
292 4688 397 4740 suaque
423 4673 565 4741 potestate
591 4670 755 4728 abutentem
781 4690 834 4727 vox
861 4673 974 4742 tyranni
1000 4672 1047 4726 hic
1072 4672 1227 4742 significat,
1253 4674 1334 4727 utin
1353 4672 1452 4725 fabula

174 4742 330 4812 Sophoclea
343 4741 495 4806 Οἰδίποδος
513 4742 662 4813 τυράννου,
681 4745 760 4799 cuius
779 4746 814 4798 de
833 4745 949 4798 fabulae
968 4743 1052 4798 titulo
1071 4744 1167 4798 confer
1179 4744 1292 4798 doctam
1312 4761 1450 4798 commen·

173 4815 309 4868 tationem
330 4815 526 4886 Aristophanis
545 4815 572 4868 in
592 4816 741 4886 hypothesi
760 4815 837 4870 illius
856 4816 971 4870 fabulae
993 4848 1023 4856 -
