3406 5378
567 346 602 397 11.
630 347 680 396 nn
698 346 793 396 ARTE
812 346 973 397 METRICA
991 347 1147 399 PlNDhRI.
1384 342 1499 397 XXXIX

213 507 305 572 0.1x
325 508 420 571 3-6.
453 506 493 571 N.
513 524 549 570 lv
568 508 663 573 3-6.
710 507 859 593 Denique
897 508 996 572 etiam
1029 507 1108 572 duas
1141 508 1299 593 tripodias
1331 509 1366 573 in
1397 530 1498 573 unum

211 636 341 679 versum
365 614 561 701 coniungere
583 637 679 699 quarn
698 616 733 679 in
751 617 833 680 duos
853 615 1028 681 1010100100
1049 615 1199 680 dirimere
1219 615 1327 700 malui,
1350 637 1390 679 110
1410 615 1498 679 iusto

211 723 376 788 breviores
410 745 521 787 versus
553 724 677 787 fierent.
723 723 831 807 Atque
861 722 921 788 hac
952 723 986 786 in
1014 744 1048 788 re
1078 722 1177 787 semel
1210 726 1310 807 certe,
1343 723 1367 787 l.
1387 740 1450 787 vm
1468 725 1498 806 5,

211 830 305 894 nutui
330 834 362 893 01
385 829 523 894 consilio
542 834 658 914 poetae
677 830 780 915 ipsius
800 831 1041 916 obtemperasse
1060 830 1142 895 mihi
1161 830 1279 895 videor.
1319 829 1405 901 Nam
1424 853 1498 896 eum

211 937 269 1002 illo
296 936 369 1001 loco
399 914 538 1020 qu'a-tuor
567 958 661 1020 pares
690 937 849 1022 tripodiae
879 937 1086 1003 catalecticae
1114 959 1184 1002 sese
1214 937 1391 1024 excipiant,
1423 942 1499 1023 post

212 1044 385 1110 secundam
409 1049 442 1109 et
465 1049 615 1129 quartam
639 1044 814 1129 tripodiam
832 1045 867 1109 111
887 1044 1036 1109 omnibus
1057 1051 1180 1129 septem
1200 1044 1344 1130 strophis
1363 1046 1497 1110 verbum

211 1157 307 1237 poeta
330 1151 449 1235 finivit,
479 1156 555 1235 post
578 1152 717 1236 primam
746 1155 779 1215 et
802 1151 933 1216 tertiam
962 1157 1011 1215 ter
1038 1151 1124 1217 idem
1153 1174 1318 1217 caesuram
1346 1152 1496 1238 neglexit.

212 1258 330 1323 Poetae
353 1259 455 1344 igitur
477 1259 581 1343 ipsius
604 1259 745 1344 vestigia
768 1263 898 1324 secutus
921 1259 1080 1344 tripediae
1104 1259 1243 1344 primam
1262 1263 1295 1324 et
1315 1260 1498 1345 secundam,

212 1366 343 1430 tertiam
371 1369 403 1430 et
431 1371 582 1450 quartam
609 1365 643 1430 in
671 1366 817 1451 singulos
852 1388 962 1430 versus
996 1366 1162 1450 coniunxi,
1195 1371 1271 1451 post
1297 1366 1437 1452 primam
1465 1371 1498 1431 et

211 1473 341 1537 tertiam
364 1472 484 1537 lineola
507 1477 694 1538 transversa
718 1473 890 1539 catalexim
913 1472 1061 1538 indicavi.
1104 1471 1227 1549 Quodsi
1250 1473 1285 1537 in
1306 1473 1426 1558 duplici
1445 1473 1498 1538 via

213 1579 440 1666 distinguenda
462 1602 530 1644 non
553 1601 679 1666 semper
706 1578 787 1644 mihi
816 1583 964 1644 constare
993 1580 1140 1664 videbor,
1169 1580 1231 1646 hoc
1259 1602 1310 1644 1110
1339 1579 1498 1665 00000101,

213 1688 298 1771 quod
315 1707 381 1751 non
401 1687 540 1751 multum
559 1687 678 1751 referre
696 1686 782 1769 novi,
801 1690 912 1750 utrum
931 1685 1014 1751 hanc
1029 1687 1176 1751 anillam
1191 1687 1277 1752 viam
1295 1686 1497 1773 ingrediaris.

520 1883 565 1947 Da
588 1881 781 1964 rhythmicis
804 1883 976 1947 metrorum
1000 1883 1191 1949 rationibus.

301 2007 351 2073 De
374 2007 517 2072 numeris
541 2013 574 2072 et
596 2008 751 2093 rhythmo
776 2009 956 2073 carminum
980 2031 1054 2074 cum
1076 2009 1157 2074 1111111
1186 2010 1417 2095 disputandum
1446 2009 1498 2096 sit,

211 2114 353 2201 primum
384 2115 422 2179 de
451 2137 600 2179 versuum
632 2115 768 2200 pedibus
802 2114 1004 2201 simplicibus
1038 2116 1207 2200 disseram,
1238 2116 1445 2201 proficiscens
1479 2138 1498 2179 a

212 2227 329 2288 natura
344 2245 463 2306 versus,
481 2244 577 2306 quem
592 2222 732 2287 artifices
748 2223 893 2287 ordinem
907 2223 1128 2307 rhythmicum
1145 2243 1214 2287 esse
1230 2224 1341 2288 dicunt
1353 2222 1497 2287 numeris

213 2329 375 2395 continuis
403 2332 449 2395 ita
472 2331 710 2414 decurrentem,
740 2335 776 2394 ut
801 2332 841 2395 ab
860 2353 925 2394 una
944 2331 1126 2395 sublatione
1145 2333 1186 2396 ad
1204 2331 1340 2395 alteram
1358 2350 1497 2412 aequum

211 2436 418 2502 intervallum
446 2436 632 2501 intercedat.
683 2436 773 2502 Haec
806 2460 917 2502 versus
949 2437 1042 2502 notio
1074 2438 1169 2522 plane
1199 2437 1286 2502 cadit
1318 2438 1352 2500 in
1384 2459 1497 2501 versus

213 2566 313 2629 puros
338 2548 370 2608 et
393 2548 511 2629 rectos,
535 2542 640 2627 qualis
664 2549 715 2608 est
738 2542 771 2607 P.
792 2561 817 2608 11
838 2545 865 2608 1.

213 2757 275 2824 Sed
296 2758 394 2844 longe
417 2757 550 2844 plurimi
578 2781 690 2824 versus
714 2757 847 2824 Pindari
874 2759 922 2823 ita
949 2758 1128 2844 comparati
1156 2762 1246 2841 sunt,
1278 2763 1315 2822 ut
1344 2759 1371 2824 si
1398 2758 1496 2844 pedes

213 2866 359 2931 oratione
396 2887 565 2950 expressos
604 2871 746 2951 spectas,
787 2888 891 2950 neque
924 2865 1070 2932 continui
1104 2865 1170 2930 sint
1202 2887 1305 2949 neque
1339 2865 1496 2950 aequales.
1565 2929 1572 2941 ,

212 2972 326 3057 Itaque
350 2994 390 3036 ne
414 2994 525 3037 versus
548 2973 640 3037 notio
664 2994 913 3038 numerorumve
936 2973 1024 3058 leges
1052 2973 1240 3052 turbentur,
1267 2972 1409 3038 remedia
1435 2994 1495 3037 nos

212 3079 457 3166 circumspicere
482 3083 625 3165 oportet,
656 3080 774 3164 quibus
796 3080 1011 3164 inaequalitas
1035 3079 1101 3145 ista
1124 3079 1197 3144 tolli
1225 3079 1422 3164 lacunaeque
1446 3102 1497 3145 ex-

211 3186 293 3272 pleri
316 3186 452 3272 possint.
497 3188 604 3270 Atque
622 3187 704 3251 nihil
723 3190 780 3251 aut
799 3191 885 3252 certe
904 3208 970 3250 11011
989 3187 1129 3253 multum
1148 3186 1335 3273 proficimus
1357 3187 1496 3252 silentiis

211 3318 268 3360 seu
292 3293 492 3379 temporibus
515 3293 667 3358 inanibus
692 3293 832 3359 adscitis.
875 3292 1024 3378 Namque
1053 3294 1118 3359 illis
1147 3317 1224 3359 suus
1252 3294 1343 3358 locus
1371 3294 1405 3358 in
1432 3295 1496 3358 fine

212 3424 364 3468 versuum
388 3406 447 3486 est,
471 3406 504 3466 et
526 3423 567 3465 ne
590 3401 619 3464 si
642 3401 819 3486 largiamur
844 3400 972 3486 quidem
996 3401 1030 3464 in
1055 3401 1168 3466 mediis
1194 3423 1323 3487 quoque
1347 3402 1495 3467 versibus

211 3513 287 3594 post
311 3509 445 3573 verbum
469 3508 503 3572 in
527 3509 590 3573 fine
610 3508 674 3574 coli
692 3509 820 3573 finitum
839 3530 975 3593 pausam
993 3507 1191 3573 intercedere
1214 3530 1310 3592 posse
1329 3514 1363 3573 et
1380 3490 1496 3595 poetas

212 3615 331 3701 lyricos
359 3614 423 3679 hoc
451 3637 578 3699 quoque
609 3615 771 3680 libertatis
801 3615 864 3679 sibi
892 3614 1062 3699 sumsisse,
1094 3619 1130 3679 ut
1158 3616 1294 3679 eundem
1321 3617 1436 3700 pedem
1463 3615 1498 3680 in

211 3723 346 3807 stropha
363 3743 467 3805 pausa
484 3726 561 3807 0001
580 3723 740 3807 syllabam
758 3722 938 3807 interiecta,
956 3722 991 3786 in
1008 3721 1213 3807 antistropha
1228 3722 1352 3806 syllaba
1365 3722 1496 3809 longius

190 3831 370 3914 'producta
393 3829 611 3913 exprimerent
634 3830 696 3895 hoc
719 3830 815 3895 modo

323 3951 339 3958 ·
520 3936 1421 3987 1··ῡ;«01ζ.-ε;ῡ;000οὲΛ;ῡ;001’-;

211 4067 251 4108 ne
275 4044 321 4110 010
345 4044 475 4128 quidem
500 4065 612 4109 vereor
635 4048 671 4107 ut
694 4044 834 4108 multum
857 4043 1074 4128 proficiamus.
1116 4043 1188 4107 Hoc
1211 4042 1298 4108 enim
1321 4047 1407 4110 certe
1427 4043 1497 4107 fieri

210 4151 333 4237 nequit,
356 4156 393 4216 ut
417 4149 523 4216 medio
547 4151 644 4215 verbo
671 4154 800 4234 tempus
824 4151 919 4215 inane
943 4151 1147 4215 intericiatur
1175 4150 1381 4234 eiusdemque
1405 4150 1496 4215 verbi

211 4262 320 4343 001100
354 4256 560 4343 syllabaeque
594 4256 725 4321 silentio
758 4257 986 4322 dissolvantur.
1035 4258 1080 4322 Et
1107 4257 1158 4323 vel
1188 4258 1216 4322 si
1249 4262 1286 4322 tu
1317 4257 1379 4323 hoc
1411 4258 1496 4323 ferre

212 4365 309 4430 velles
334 4365 368 4429 in
390 4365 513 4429 11001110
536 4363 721 4450 cantilenis,
752 4387 885 4449 quarum
912 4365 960 4429 vis
988 4369 1022 4429 et
1049 4365 1184 4430 dulcedo
1212 4365 1316 4452 magis
1344 4365 1379 4429 in
1407 4365 1496 4430 sonis

211 4495 308 4558 quam
331 4472 365 4535 in
385 4471 492 4535 verbis
516 4471 620 4537 inesse
639 4471 732 4556 solet,
757 4471 873 4537 Graeci
892 4494 957 4536 non
977 4471 1138 4557 tulissent,
1163 4494 1300 4556 quorum
1318 4472 1496 4557 plurimum

209 4580 375 4663 intererat,
398 4583 435 4642 ut
458 4579 579 4663 scripto
604 4584 695 4644 textu
719 4600 785 4643 non
808 4578 911 4643 adiuti
934 4601 973 4643 ex
996 4577 1069 4662 1000
1091 4601 1169 4643 voce
1193 4578 1335 4642 cantoris
1364 4578 1496 4644 chorive

211 4709 292 4772 quae
326 4690 424 4771 poeta
456 4686 591 4750 sentiret
622 4686 717 4772 010110
751 4686 948 4751 exaudirent.
995 4685 1108 4751 Potest
1142 4685 1244 4771 igitur
1275 4690 1383 4749 rectus
1416 4684 1495 4749 ordo

209 4792 356 4880 rhythmi
377 4815 536 4876 versuum,
558 4792 729 4878 inquibus
749 4793 863 4858 mediis
883 4793 964 4859 duae
982 4815 1071 4858 01000
1091 4792 1259 4875 collidunt,
1277 4795 1349 4856 tum
1366 4792 1494 4856 demum
