3406 5378
513 367 547 416 11.
576 367 625 416 DE
644 366 737 417 ARTE
756 367 915 419 murales
933 368 1090 419 PINDARI.
1315 367 1445 422 XXXVII

161 531 291 592 tantum
322 549 389 591 nou
419 527 542 612 fugisse
570 526 698 592 videtur
730 533 828 613 poeta
860 551 1027 594 caesuram
1058 530 1093 594 in
1125 531 1262 596 catalexi
1295 532 1446 616 positam.

163 635 201 698 ln
224 634 370 699 versibus
394 634 507 719 utique
531 635 567 701 Ο.
587 654 622 699 vl
646 638 728 721 apl
754 640 787 700 et
810 636 844 701 P.
863 640 941 701 xl?

519 768 840 811 semion:
895 788 983 812 --s
1038 804 1090 813 -.

518 859 909 902 .ῑ.υ.υυὼυΙ.-.ὶυ-

160 978 334 1040 nusquam,
365 956 512 1040 quamvis
535 956 653 1040 prioris
678 957 829 1022 carminis
853 959 1007 1045 quinque,
1035 959 1168 1024 alterius
1193 964 1268 1025 octo
1293 960 1447 1045 strophae

162 1065 237 1150 sint,
260 1086 427 1129 caesuram
448 1064 483 1128 in
507 1064 645 1129 catalexi
673 1065 847 1130 admissam
875 1067 972 1131 vides.
1014 1065 1122 1151 Atque
1152 1067 1214 1133 hoc
1243 1088 1281 1131 eo
1310 1066 1445 1131 consilio

160 1171 275 1236 fecisse
299 1176 428 1256 poetam
452 1172 618 1257 existimo,
648 1176 685 1236 ut
708 1172 821 1237 breves
844 1172 926 1238 istos
950 1175 1090 1258 proodos
1119 1179 1151 1238 et
1175 1174 1295 1258 epodos
1324 1175 1446 1239 arctius
1490 1238 1496 1249 ,

162 1302 235 1344 cum
258 1278 363 1363 capite
391 1300 503 1342 versus
532 1278 743 1363 coniungeret
769 1301 873 1363 neque
902 1282 994 1364 quasi
1023 1282 1128 1346 fracto
1156 1281 1236 1366 pede
1265 1280 1445 1346 claudicare

161 1391 195 1451 et
216 1387 353 1471 pendere
378 1385 506 1449 sineret.
550 1384 613 1450 Sed
636 1385 735 1450 etiam
757 1387 791 1450 in
814 1387 961 1452 versibus
993 1411 1032 1452 ex
1054 1387 1257 1475 longioribus
1286 1392 1319 1452 et
1346 1387 1443 1452 iustis

160 1492 240 1558 colis
264 1491 464 1576 compositis,
486 1496 524 1556 ut
545 1492 669 1578 I.1ep.
689 1496 711 1558 4

506 1607 1095 1653 -;υ--;ωι-αυ--;»--

159 1707 221 1772 hoe
253 1705 403 1772 licentiae
436 1706 498 1770 sibi
530 1704 689 1772 Pindarus
722 1709 853 1794 sumsit,
885 1713 922 1773 ut
955 1708 1105 1773 omnibus
1133 1708 1167 1772 in
1195 1707 1340 1792 strophis
1372 1708 1444 1773 cola

159 1816 325 1900 συναφείᾳ
352 1814 571 1899 coniungeret.
617 1813 705 1890 Quae
738 1837 812 1880 cum
844 1815 891 1880 ita
924 1838 957 1880 se
990 1816 1144 1900 habeant,
1178 1838 1276 1900 quam
1308 1815 1443 1879 dubium

159 1920 313 1986 indicium
329 1919 416 1984 'finis
449 1920 512 1985 coli
544 1921 628 2004 apud
658 1920 835 1986 Pindarum
868 1945 1001 1988 caesura
1033 1922 1077 1986 sit
1107 1921 1280 2008 intellegis.
1329 1921 1442 2006 Neque

159 2034 268 2093 tamen
295 2050 346 2092 me
377 2027 612 2092 adsentientem
648 2028 795 2113 habebit,
831 2028 859 2093 si
896 2030 969 2115 quis
1005 2022 1040 2093 in
1077 2028 1224 2094 versibus
1262 2028 1441 2093 dividendis
1496 2051 1501 2061 ·

159 2134 291 2200 Pindari
315 2157 481 2200 caesuram
508 2157 641 2219 prorsus
669 2136 840 2222 neglegere
868 2136 961 2220 velit,
992 2137 1047 2201 sed
1076 2136 1259 2201 cautionem
1290 2135 1443 2200 adhiben-

159 2242 233 2307 dam
256 2265 326 2307 esse
350 2247 383 2306 et
404 2241 474 2327 ipse
499 2264 613 2306 censeo
639 2265 736 2327 quam
759 2243 940 2308 maximam.

247 2348 393 2425 Quatuor
426 2370 507 2432 quae
539 2349 685 2413 recensui
717 2349 837 2414 indicia
868 2349 942 2414 finis
976 2350 1134 2420 colorum.
1153 2349 1325 2435 potissima
1357 2354 1441 2414 suut.

159 2455 332 2520 Praeterea
354 2455 587 2540 magnitudinis
611 2455 716 2519 iustae
740 2456 899 2538 colorum,
923 2456 1106 2542 analogiae,
1130 2455 1358 2520 concinnitatis
1380 2478 1441 2521 nos

158 2562 317 2627 rationem
340 2562 458 2627 habere
482 2585 540 2646 par
563 2567 625 2644 est,
657 2562 712 2626 sed
740 2563 778 2626 de
801 2563 853 2626 his
877 2563 973 2627 rebus
996 2564 1101 2649 magis
1128 2564 1163 2626 in
1187 2562 1379 2628 commentis
1402 2563 1441 2628 de

159 2670 296 2757 singulis
325 2669 522 2735 carminibus
551 2691 649 2754 quam
676 2669 711 2733 in
737 2669 789 2733 his
817 2669 1061 2754 Prolegomenis
1091 2671 1246 2735 disserere
1275 2670 1441 2736 conducet.

158 2776 267 2861 Atque
301 2777 329 2841 si
361 2776 455 2861 plura
487 2775 606 2855 indicia
641 2781 851 2861 concurrant,
884 2777 1036 2841 fidentius
1069 2779 1107 2842 de
1140 2777 1297 2841 divisione
1329 2799 1441 2842 versus

156 2884 346 2970 praecipies,
364 2884 392 2948 si
411 2883 540 2970 singula
559 2889 616 2947 aut
633 2883 722 2948 nulla
737 2884 853 2968 adsint,
871 2884 906 2948 in
920 2883 1152 2969 probabilitate
1172 2883 1441 2967 acquiescendum

157 2992 209 3056 vel
241 2992 339 3056 etiam
372 2991 412 3056 ad
445 2991 630 3075 arbitrium,
662 2991 932 3074 circumspectum
963 2991 1044 3056 illud
1077 2991 1207 3074 quidem
1238 2991 1334 3056 nobis
1368 3013 1441 3056 con-

159 3098 349 3184 fugiendum
373 3099 443 3162 erit.

248 3205 303 3270 De
331 3226 512 3270 numero
540 3206 839 3270 membrorum.
885 3203 1049 3270 Numerus
1073 3205 1232 3288 colorum,
1260 3205 1441 3289 exquibus

158 3337 269 3379 versus
301 3312 437 3397 quisque
471 3317 614 3396 constat,
648 3312 753 3377 nullas
785 3312 915 3397 quidem
946 3311 1166 3377 dubitationes
1195 3312 1310 3377 editori
1338 3317 1441 3398 parat,

157 3421 256 3486 habet
275 3425 394 3505 tamen,
417 3419 469 3485 cui
488 3419 613 3483 animos
632 3419 792 3484 lectorum
811 3420 976 3484 advertere
996 3420 1102 3484 velim.
1139 3419 1261 3484 Versus
1280 3419 1441 3505 vulgares,

158 3533 194 3592 ut
211 3528 399 3592 hexameter
417 3526 606 3611 dactylicus,
624 3531 812 3591 tetrameter
832 3526 1067 3611 anapaesticus,
1085 3526 1285 3611 septenarius
1301 3526 1441 3591 trochai-

157 3658 230 3720 cus,
258 3635 404 3699 trimeter
431 3633 605 3718 iambicus,
637 3655 675 3697 ex
703 3634 829 3697 duobus
858 3633 937 3699 colis
970 3638 1128 3698 constant.
1170 3632 1278 3717 Lyrici
1312 3655 1440 3717 quoque

156 3746 270 3828 poetae
294 3740 373 3807 tersi
397 3745 430 3804 et
453 3740 628 3827 elegantes,
650 3740 799 3825 inprimis
821 3739 1032 3805 Alexamlrini
1056 3746 1089 3804 et
1107 3739 1247 3804 Romani
1265 3762 1377 3805 versus
1401 3763 1441 3807 ex

157 3849 282 3914 duobus
302 3847 382 3914 colis
402 3847 600 3932 compositos
621 3847 759 3912 maxime
778 3847 969 3932 probabant,
993 3851 1030 3911 ut
1048 3846 1231 3932 Priapeum,
1255 3846 1440 3933 Sotadeum,

155 3954 413 4040 Asclepiadeum.
459 3953 582 4019 Verum
609 3953 770 4039 ingeniosi
803 3958 918 4038 poetae
946 3954 1039 4040 lyrici
1072 3958 1104 4018 et
1131 3953 1251 4019 scenici
1277 3976 1344 4019 non
1371 3959 1439 4019 tam

157 4061 305 4146 angustis
328 4060 490 4127 limitibus
514 4084 607 4126 suam
625 4065 729 4125 artem
748 4061 887 4126 coerceri
907 4062 1087 4146 voluerunt,
1110 4061 1194 4125 unde
1214 4061 1281 4125 iam
1300 4061 1438 4126 Alcaeus

157 4189 284 4232 versum
307 4168 402 4233 finxit
424 4191 464 4233 ex
487 4168 593 4233 tribus
617 4167 696 4233 colis
719 4172 923 4233 constantem

464 4285 469 4294 ’
494 4288 510 4295 “
625 4303 630 4314 ·
653 4299 671 4323 υ
689 4284 724 4324 [-
750 4284 754 4294 “
778 4288 796 4324 Q
832 4300 850 4324 υ
867 4299 885 4324 υ

155 4368 334 4451 μαρμαίρει
358 4360 394 4429 δὲ
416 4320 517 4449 pipere
541 4365 642 4448 δόμος
669 4320 793 4452 galagi,
820 4375 922 4428 παῖσα
946 4362 977 4427 δ’
993 4320 1078 4450 ’Ἀμῃ
1106 4366 1302 4448 κεκόσμηται
1331 4365 1438 4449 στέγα.

156 4489 267 4554 Etiam
289 4490 420 4576 longius
440 4490 610 4555 Anacreon
629 4511 820 4576 progressus
840 4495 899 4575 est,
920 4489 969 4554 ita
987 4493 1106 4574 tamen,
1129 4494 1166 4554 ut
1185 4512 1265 4575 quas
1286 4491 1438 4575 periodos

156 4618 194 4661 ex
214 4601 355 4681 quatuor
374 4602 406 4661 et
426 4597 567 4681 quinque
587 4597 666 4662 colis
686 4596 879 4682 composuit,
898 4619 1008 4662 earum
1027 4597 1099 4662 oola
1117 4595 1279 4663 similibus
1293 4600 1437 4664 numeris

154 4703 333 4769 includeret
370 4710 403 4767 et
439 4709 604 4787 tamquam
642 4703 792 4769 versiculi
830 4708 951 4789 essent,
994 4704 1090 4769 verbo
1134 4705 1283 4790 quodque
1320 4706 1436 4772 finiret.

154 4810 312 4876 Pindarus
336 4833 427 4895 vero,
451 4833 514 4895 quo
537 4810 601 4875 fuit
624 4812 731 4876 studio
755 4811 899 4876 variandi
923 4811 1058 4897 formas,
1082 4811 1174 4877 iuxta
1198 4835 1309 4878 versus
1332 4813 1436 4879 iustos
