3406 5378
824 1140 977 1194 ΠΤΘΙΟΝ.
997 1139 1041 1193 Γ’.

590 1303 827 1385 ΙΕΡΩΝΙ
875 1303 1277 1388 ΣΤΡΑΚΟΣΙΩι

859 1498 1007 1551 ΚΕΛΗΤΙ,

845 1781 1023 1851 Strophae.

815 3601 1055 3684 Argumentum.

387 3731 559 3802 Remotam,
586 3721 822 3791 non'recentem
850 3732 1007 3791 victoriam
1035 3733 1128 3791 celete
1155 3735 1275 3808 partam
1299 3726 1340 3813 (v.
1362 3727 1409 3809 74)
1433 3734 1488 3793 hoc
1512 3752 1574 3792 car-

299 3840 367 3879 men
391 3823 524 3896 spectare
548 3825 638 3896 poeta
660 3821 811 3896 particula
835 3817 904 3880 ποτέ
922 3840 949 3879 v.
969 3832 1002 3879 74
1021 3821 1197 3896 declaravit3
1221 3822 1282 3880 iam
1305 3841 1373 3881 cum
1396 3843 1431 3881 ex
1455 3822 1574 3882 scholiis

300 3910 339 3968 ad
363 3910 395 3968 P.
416 3929 426 3967 1
450 3913 481 3968 et
503 3928 538 3967 111
561 3909 647 3969 inscr.
668 3913 855 3985 compertum
881 3909 1044 3969 habeamus
1072 3910 1232 3969 Hieronem
1260 3910 1371 3987 Pythia
1398 3912 1491 3971 celete
1519 3911 1573 3988 bis,

300 3999 387 4075 Pyth.
409 4001 449 4058 26
470 4001 501 4057 et
521 4001 571 4074 27,
590 3998 704 4076 vicisse,
724 3999 762 4057 ad
781 3999 834 4056 has
853 3999 994 4059 victorias
1013 3999 1207 4059 illustrandas
1229 4001 1454 4076 opportunitate
1474 4001 1572 4060 nescio

301 4108 362 4165 qua
392 4088 494 4146 oblata
524 4090 644 4163 poetam
673 4087 729 4147 hoc
756 4107 875 4147 carmen
903 4088 1054 4164 scripsisse
1083 4092 1221 4164 apparet3
1249 4109 1345 4165 neque
1373 4090 1452 4149 enim
1483 4110 1573 4149 unam

300 4197 454 4254 coronam,
485 4177 536 4234 sed
558 4179 659 4252 plures
683 4196 806 4237 coronas
829 4198 857 4237 v.
877 4189 909 4236 73
933 4177 1094 4254 praedicat.
1141 4177 1205 4248 Quo
1230 4183 1331 4238 autem
1354 4183 1488 4256 tempore
1512 4199 1574 4239 car-

300 4287 367 4325 men
395 4266 541 4341 scriptum
568 4266 620 4344 sit,
649 4286 811 4345 cognomen
844 4265 983 4326 Hieronis
1015 4266 1158 4326 Αἰτναίου
1188 4260 1228 4347 (v.
1254 4260 1302 4349 69)
1331 4273 1361 4328 et
1388 4269 1483 4328 totius
1511 4288 1572 4327 car·
1652 4304 1655 4309 ·

301 4355 389 4414 minis
413 4358 624 4432 argumentum
648 4357 721 4415 setis
745 4360 826 4415 certa
847 4355 958 4415 indicia
975 4356 1127 4433 praebent.
1165 4357 1302 4433 Namque
1322 4357 1463 4427 Αἰτναῖος
1482 4358 1572 4415 Hiero

301 4447 370 4503 ante
390 4443 494 4502 urbem
513 4445 641 4503 Aetnam
661 4443 805 4522 01.16,1
829 4445 979 4504 conditam
999 4447 1203 4523 cognominari
1222 4466 1280 4506 non
1299 4447 1408 4523 potuit,
1428 4450 1458 4505 et
1477 4447 1572 4520 splen-

300 4533 386 4591 didae
410 4532 553 4592 victoriae
581 4534 724 4609 Pythicae
755 4533 894 4593 Hieronis
922 4535 1076 4613 quadrigis
1100 4555 1125 4594 a
1145 4539 1209 4594 474
1234 4539 1338 4612 partae
1362 4535 1519 4594 nulladum
1543 4535 1572 4592 in

300 4623 355 4682 hoc
379 4623 508 4682 carmine
533 4622 643 4682 mentio
667 4622 709 4681 fit.
754 4622 861 4700 Itaque
886 4623 964 4682 inter
987 4643 1079 4684 annos
1103 4628 1166 4683 476
1192 4627 1222 4683 et
1243 4627 1316 4701 474,
1340 4624 1467 4682 fortasse
1491 4623 1573 4682 brevi

300 4715 369 4773 ante
400 4712 617 4792 expeditionem
645 4718 749 4773 contra
776 4713 933 4790 EtruscoS‚
961 4733 1021 4791 quo
1049 4719 1182 4792 tempore
1209 4733 1310 4791 regem
1339 4711 1441 4771 morbo
1465 4714 1573 4773 calculi
