3406 5378
496 405 531 457 11.
560 406 609 455 DE
628 404 722 455 ARTE
740 404 902 455 ME'I'RICA
920 404 1077 458 PlNDARI,
1363 402 1425 458 LIII

145 746 192 810 sic
211 745 310 810 etiam
329 745 357 810 si
375 745 484 830 plures
505 744 655 827 deinceps
676 743 835 829 tripodiae
854 766 923 809 sese
943 696 1120 829 excipiunt,
1140 749 1244 808 totam
1257 745 1426 829 periodum

146 850 378 937 aequabilitate
396 851 543 936 primarii
561 852 647 916 ictus
667 850 879 935 tripodiarum
900 852 940 916 ad
956 851 1158 935 rhythmicos
1172 873 1323 916 numeros
1338 874 1426 916 revo-

145 980 217 1024 care
241 958 377 1043 poteris,
400 963 437 1023 ut
460 957 682 1023 dochmiacam
707 957 874 1041 periodum
894 958 1010 1023 Aesch.
1035 956 1122 1042 Sept.
1142 960 1206 1023 219

256 1152 376 1239 μήποτ’
399 1153 477 1239 ἐμὸν
500 1152 571 1218 κατ’
593 1155 629 1217 αἰ
648 1153 652 1237 l
674 1164 743 1217 ῶνα
767 1157 857 1218 λίποι
881 1160 972 1218 θεῶν
993 1159 997 1231 Ι
1018 1153 1076 1218 dds
1099 1153 1282 1240 πανάγυρις
1302 1153 1307 1239 l

256 1259 333 1346 μηδ’
354 1260 499 1345 ἐπίδοιμι
523 1258 618 1324 τάνδ’
640 1266 644 1338 Ι
666 1260 990 1345 ἀστυδρομουμέναν.

232 1386 371 1451 Maxime
390 1390 499 1449 autem
516 1407 557 1449 ne
573 1384 660 1449 ferro
674 1385 813 1471 igneque
829 1385 986 1470 tripediae
1000 1385 1236 1471 impugnandas
1251 1408 1424 1471 censerem,

143 1493 294 1560 Plautina
307 1515 359 1557 ars
374 1491 510 1557 metrica
523 1515 574 1556 me
590 1491 772 1556 commovit.
804 1492 816 1554 l
821 1515 836 1557 s
851 1491 937 1556 enim
952 1514 1157 1577 quamquam,
1172 1494 1255 1576 quae
1269 1497 1340 1557 tum
1354 1499 1424 1558 erat

142 1600 327 1686 rhythmica
345 1599 552 1681 consuetudo,
572 1620 683 1663 versus
703 1599 758 1682 qui
772 1599 807 1662 in
821 1598 968 1683 dipodias
984 1600 1034 1664 vel
1049 1604 1154 1665 metra
1167 1599 1267 1664 dividi
1281 1605 1424 1684 possent,

142 1708 307 1792 dimetros,
329 1710 547 1789 tetrametros,
569 1705 783 1790 hexametros,
807 1705 900 1771 unice
920 1706 1093 1790 adamaret,
1115 1712 1224 1771 tamen
1242 1707 1277 1771 in
1295 1707 1422 1772 creticis

142 1812 275 1880 canticis
302 1813 394 1877 iuxta
421 1816 628 1876 tetrametros
657 1812 803 1877 versibus
832 1835 871 1877 ex
900 1813 1024 1879 duabus
1052 1814 1201 1899 tripodiis
1225 1813 1422 1879 catalecticis

147 1920 336 2006 compositis
360 1919 408 1983 uti
431 1941 496 1983 non
519 1939 652 2005 prorsus
676 1924 866 2004 aspernatus
891 1925 953 2004 est,
978 1926 1014 1985 ut
1037 1921 1071 1985 in
1094 1920 1243 1986 Bacchid.
1263 1921 1342 1985 645:

441 2047 525 2090 nanc
546 2027 669 2091 amanti
691 2047 742 2091 ero
762 2033 767 2106 1
786 2026 852 2109 filio
874 2028 970 2110 send,

441 2133 565 2214 quacum
589 2154 640 2214 epo
663 2133 739 2211 cito,
760 2134 765 2215 1
785 2135 909 2215 quicum
931 2136 985 2199 edo
1008 2140 1037 2198 et
1058 2155 1140 2213 amo,

441 2241 544 2323 reptas
567 2241 670 2321 copius
690 2246 694 2317 Ι
715 2259 885 2321 aureasque
908 2240 1010 2304 obtuli.

228 2365 328 2431 Vides
352 2385 404 2429 me
426 2363 487 2429 hac
511 2384 639 2447 quoque
662 2363 696 2427 in
719 2367 810 2448 parte
834 2363 1026 2428 difficillima
1045 2387 1065 2428 a
1083 2364 1313 2430 circulatorum
1331 2388 1421 2451 prae

139 2473 247 2559 stigiis
266 2473 362 2558 longe
382 2470 554 2535 abhorrere
569 2474 602 2535 et
617 2491 699 2554 quae
714 2468 865 2534 sintriae
880 2469 986 2534 variae
1011 2469 1219 2536 difficultates
1234 2474 1419 2538 removendi

139 2580 272 2646 candide
300 2577 432 2664 aperire.
478 2578 585 2662 Atque
612 2576 681 2640 fore
706 2575 865 2659 suspicor,
895 2576 950 2660 qui
974 2599 1025 2641 me
1049 2576 1129 2640 mihi
1152 2598 1218 2642 non
1242 2579 1322 2643 satis
1346 2601 1420 2645 con-

139 2693 226 2753 stare
259 2692 292 2752 et
319 2684 511 2751 adversariis
540 2683 612 2768 plus
642 2704 745 2767 aequo
774 2683 878 2747 latera
910 2684 985 2747 dare
1016 2684 1262 2768 reprehendant.
1308 2686 1336 2751 A
1385 2687 1421 2752 in

138 2795 235 2860 rebus
258 2791 423 2859 historicis
447 2795 479 2856 et
501 2791 692 2875 praesertim
716 2790 750 2854 in
774 2812 928 2855 sonorum
950 2811 1224 2875 numerorumque
1244 2798 1313 2856 arte
1332 2793 1420 2858 volu·

138 2900 198 2966 bili
227 2922 269 2965 ne
300 2898 414 2986 rigidis
444 2898 584 2962 modulis
615 2897 710 2962 unius
739 2897 926 2982 systematis
956 2898 1066 2963 omnia
1093 2898 1280 2984 metiamur,
1307 2900 1419 2966 sedulo

138 3008 315 3073 cavendum
338 3010 396 3071 est.
433 3004 580 3089 Denique
604 3026 674 3069 esse
697 3004 732 3068 in
756 3002 873 3088 quibus
897 3004 997 3069 animi
1016 3004 1172 3090 pendeam
1193 3005 1293 3070 libere
1314 3005 1420 3092 fateri,

137 3118 172 3180 et
202 3113 470 3179 Academicorum
502 3133 670 3177 assensum
703 3110 924 3175 cohibentium
957 3116 990 3175 et
1021 3111 1056 3174 in
1088 3115 1260 3195 utramque
1293 3116 1419 3196 partem

138 3220 374 3306 disputantium
405 3219 515 3305 potius
548 3240 646 3302 quam
675 3215 859 3282 Stoicorum
889 3217 1088 3307 pugnacium
1116 3222 1149 3281 ot
1176 3218 1417 3284 obstinatorum

137 3332 248 3414 partes
272 3327 363 3411 sequi
386 3325 555 3411 prudentis
577 3323 719 3388 hominis
743 3344 814 3388 esse
837 3324 927 3388 duco.

438 3541 483 3605 De
506 3538 651 3621 strophis
674 3539 708 3603 et
730 3537 925 3620 temporibus
947 3537 1108 3603 inanibus.

225 3666 274 3731 De
289 3665 426 3752 singulis
441 3665 587 3729 versibus
603 3662 807 3728 dimetiendis
821 3668 997 3747 postquam
1008 3661 1254 3749 disputavimus,
1267 3669 1370 3729 restat
1379 3671 1417 3730 ut

86 3808 89 3815 ·
135 3775 174 3839 de
193 3772 273 3838 totis
293 3771 435 3857 strophis
454 3770 632 3836 dividendis
647 3792 849 3856 quaeramus.
879 3770 988 3855 Atque
1004 3792 1076 3834 cum
1090 3770 1163 3855 ipsa
1176 3792 1285 3835 rerum
1299 3777 1417 3836 natura

134 3878 266 3965 probari
279 3879 428 3944 videatur
443 3900 553 3943 omnes
567 3899 679 3942 versus
695 3876 849 3961 strophae
863 3876 899 3940 in
912 3898 1013 3941 unum
1028 3898 1145 3961 corpus
1160 3878 1321 3963 cogendos
1337 3901 1416 3962 esse,

134 3986 240 4072 magis
268 3986 365 4050 etiam
389 3984 519 4050 Pindari
544 4007 595 4049 ars
618 4006 678 4049 nos
702 3989 901 4069 commonet,
928 3988 965 4048 ut
988 4006 1028 4048 ne
1052 4005 1164 4048 versus
1187 3983 1277 4069 ipsos
1300 4006 1416 4069 perse

134 4096 325 4179 spectemus,
349 4092 404 4157 sed
423 4093 508 4156 inter
527 4114 561 4156 se
580 4091 751 4185 cohaerere
768 4091 844 4156 illos
865 4096 961 4175 atque
981 4091 1073 4175 quasi
1093 4091 1240 4156 membra
1259 4091 1415 4175 quaedam

135 4200 230 4265 unius
254 4200 399 4283 corporis
424 4221 493 4263 esse
517 4203 708 4264 statuamus.
746 4197 852 4273 Quid?
877 4199 961 4282 quod
986 4197 1081 4263 multi
1099 4220 1212 4263 versus
1230 4197 1265 4262 in
1283 4196 1415 4264 Pindari

135 4306 331 4372 carminibus
360 4310 547 4391 occurrunt,
575 4306 630 4390 qui
657 4327 723 4369 non
751 4305 784 4368 in
812 4327 846 4369 se
870 4305 1014 4370 conclusi
1037 4311 1070 4370 et
1092 4304 1228 4390 perfecti
1252 4305 1330 4392 sint,
1358 4307 1414 4371 sed

134 4436 208 4479 curn
235 4413 384 4477 versibus
414 4412 570 4496 proximis
599 4411 815 4477 continuitate
837 4434 1046 4477 numerorum
1069 4412 1117 4477 ita
1140 4412 1348 4492 cohaereant,
1376 4420 1414 4479 ut

135 4519 307 4605 rhythmus
325 4520 360 4584 in
378 4518 441 4584 fine
459 4519 682 4603 praecedentis
697 4541 808 4584 versus
823 4518 996 4585 inchoatus
1009 4519 1170 4604 principio
1186 4520 1413 4606 subsequentis

134 4648 245 4692 uersus
265 4627 475 4712 compleatur,
494 4648 557 4709 qua
576 4626 615 4689 de
634 4648 668 4690 re
687 4648 785 4711 supra
803 4627 868 4691 iam
886 4650 916 4712 p.
931 4625 1044 4691 XXIII
1064 4628 1273 4691 commentati
1292 4650 1412 4694 sumus.

133 4732 305 4799 Praeterea
330 4734 416 4798 idem
444 4754 651 4797 numerorum
681 4754 782 4819 genus
808 4755 865 4818 per
889 4739 992 4798 totam
1016 4733 1183 4817 stropham
1206 4735 1254 4799 ita
1276 4757 1412 4821 regnare

134 4840 231 4926 solet,
258 4846 296 4905 ut
320 4862 431 4906 omnes
455 4861 566 4904 versus
592 4844 625 4904 et
648 4839 811 4926 versiculi,
838 4862 989 4905 numeros
1014 4841 1040 4905 si
1065 4847 1207 4928 spectas,
1232 4841 1354 4906 similes
1378 4846 1412 4906 et
