3406 5378
845 937 989 989 ΟΛΥΜΠ.
1008 938 1050 986 Z.

647 1100 968 1183 ΔΙΑΓΟΡΑι
1010 1097 1240 1182 ΡΟΔΙΩι

870 1294 1009 1343 ΙΙΎΚΤΗι

832 1648 835 1656 .
854 1574 1031 1644 Strophae.

569 1711 640 1735 w-
668 1728 683 1735 -
712 1682 1101 1752 nu-f-:w-wll!

393 3215 541 3294 Diagoras
569 3218 730 3296 Damageti
759 3217 837 3276 filius
865 3217 1000 3277 Rhodius
1024 3236 1038 3275 e
1063 3216 1248 3276 nobilissima
1275 3220 1363 3294 genta
1386 3218 1579 3277 Eratidaium

305 3298 346 3384 (v.
358 3297 415 3384 93),
430 3325 506 3380 quae
517 3326 535 3364 a
545 3307 725 3385 Tlepolemo,
740 3306 877 3366 Herculis
892 3305 962 3382 filio,
978 3305 1123 3383 originem
1138 3305 1231 3382 duxit,
1242 3304 1287 3364 01.
1296 3309 1335 3364 79
1346 3331 1388 3352 =
1399 3309 1461 3365 464
1474 3326 1501 3366 a.
1511 3307 1578 3368 Chr.

304 3393 445 3470 pugilatu
460 3392 618 3471 Olympiae
633 3397 714 3457 vicit.
742 3398 786 3455 Ex
801 3396 897 3454 tribus
913 3395 1086 3454 civitatibus
1101 3395 1217 3454 insulae
1231 3393 1328 3454 Rhodi
1342 3394 1484 3472 Ialysum,
1498 3399 1534 3453 ut
1548 3396 1578 3453 in

305 3501 365 3558 qua
379 3482 452 3541 urbe
467 3484 537 3543 olim
555 3485 741 3564 Damagetus
760 3486 874 3564 regiam
892 3487 1073 3560 potestatam
1092 3483 1256 3543 exercuerit
1274 3476 1315 3562 (v.
1330 3483 1418 3542 Paus.
1433 3502 1465 3543 ιν
1480 3495 1522 3561 24,
1539 3477 1578 3563 1),

304 3571 434 3646 patriam
462 3572 584 3633 vintoris
607 3575 699 3633 fuisse
723 3575 882 3634 verisimile
911 3576 964 3633 est.
1011 3574 1077 3648 Ipse
1105 3574 1203 3631 clarus
1226 3573 1305 3631 inter
1327 3591 1438 3648 paucos
1461 3575 1580 3632 statura

304 3663 335 3718 et
355 3660 459 3719 robore
483 3663 614 3738 corporis
637 3664 704 3742 fuit,
728 3665 851 3740 eiusque
875 3661 1018 3722 memoria
1036 3666 1067 3720 et
1084 3662 1140 3721 hae
1160 3662 1216 3721 oda
1238 3662 1269 3719 in
1294 3662 1405 3738 templo
1429 3663 1579 3721 Minervae

304 3748 430 3808 Lindiae
454 3752 552 3811 aureis
575 3753 684 3812 litteris
708 3757 831 3813 exarata
854 3756 886 3811 et
908 3754 1011 3810 statua
1033 3751 1102 3826 plus
1126 3754 1257 3826 quatuor
1284 3751 1454 3810 cubitorum
1478 3750 1579 3828 Olym-

303 3838 371 3914 piae
394 3840 494 3914 posita
517 3834 559 3922 (v.
574 3843 662 3903 sohel.
683 3843 721 3901 ad
739 3843 825 3902 inser.
841 3845 872 3900 et
889 3841 976 3898 Paus.
993 3857 1024 3898 v1
1040 3851 1064 3916 7,
1079 3850 1110 3919 2)
1130 3841 1167 3898 ad
1186 3843 1321 3915 posteros
1339 3844 1508 3918 propagata
1526 3846 1579 3901 est.

304 3926 403 3986 Patris
435 3949 504 3989 vero
538 3931 638 3990 studia
667 3932 824 4009 pugilatus
853 3931 884 3988 et
913 3928 1060 4004 pancratii
1092 3929 1184 3988 etiam
1216 3929 1254 3986 ad
1284 3928 1362 3987 filios
1394 3933 1424 3987 et
1457 3934 1579 4006 nepotes

304 4017 457 4077 transiisse
482 4022 632 4078 testantur·
654 4020 744 4079 sohol.
768 4022 806 4079 ad
829 4021 915 4078 inser.
939 4021 970 4076 et
992 4017 1081 4076 Paus.
1101 4037 1132 4076 v1
1156 4029 1171 4075 ἵ
1195 4020 1226 4075 et
1248 4016 1307 4076 Cio.
1332 4019 1417 4077 Tusa.
1442 4038 1452 4074 1
1476 4030 1519 4079 46.

392 4107 550 4184 Magnifico
583 4111 747 4187 prooemio,
780 4129 839 4185 quo
873 4125 961 4164 suum
993 4125 1102 4164 munus
1134 4110 1223 4182 poeta
1255 4125 1323 4164 oum
1354 4110 1460 4182 patara
1488 4128 1580 4167 aurea

304 4194 382 4253 inter
405 4197 574 4255 convivium
604 4218 712 4274 genero
744 4199 845 4258 oblata
875 4195 1011 4271 apposite
1041 4196 1168 4271 confert,
1199 4195 1358 4254 eonsilium
1387 4198 1578 4272 praedicandi

303 4283 460 4343 victoriam
489 4286 638 4363 Diagorae
672 4287 769 4363 aperit
796 4277 922 4368 (1-19).
969 4284 1004 4342 In
1034 4282 1191 4359 principali
1223 4287 1308 4358 parte
1342 4285 1415 4344 odae
1444 4279 1579 4366 (no-to)

304 4376 365 4432 tres
396 4373 515 4432 fabulas
544 4375 640 4434 Rhodi
673 4376 788 4435 insulae
818 4376 936 4449 narrat,
961 4392 976 4431 e
1000 4373 1108 4448 quibus
1139 4371 1235 4446 prima
1266 4377 1312 4431 est
1341 4374 1376 4432 de
1407 4375 1578 4450 Tlepolemo

303 4461 462 4520 Heraclida
495 4464 533 4520 ad
564 4465 741 4539 expiandam
769 4467 888 4525 eaodem
919 4461 1067 4537 Licymnii
1095 4461 1126 4518 in
1153 4461 1296 4536 insulam,
1323 4463 1377 4520 ubi
1404 4464 1520 4539 Iupiter
1548 4464 1578 4519 in

303 4550 455 4608 natalibus
486 4552 634 4612 Minervae
666 4573 774 4613 aurum
803 4554 941 4632 pluisset,
972 4549 1120 4608 coloniam
1149 4550 1293 4610 deducere
1324 4552 1404 4612 iusso
1434 4545 1577 4631 (no-38),

305 4638 400 4698 altera
428 4640 463 4697 de
491 4642 613 4701 Rhodiis
637 4662 654 4700 a
677 4643 812 4703 Minerva
841 4648 962 4720 propter
985 4658 1068 4697 sacra
1091 4639 1163 4698 deae
1186 4639 1217 4697 in
1241 4659 1307 4699 arce
1331 4640 1473 4698 instituta
1496 4639 1579 4699 miris

303 4727 437 4787 artificiis
461 4731 556 4789 auctis
576 4725 717 4811 (aa-53),
742 4733 832 4791 tertia
856 4733 891 4792 de
914 4728 1017 4791 Rhodo
1042 4729 1141 4787 insula
1164 4731 1255 4786 antea
1278 4728 1308 4785 in
1333 4747 1461 4804 aequore
1486 4731 1579 4788 maris
