3406 5378
664 1325 832 1380 ΙΣΘΜΙΟΝ.
852 1324 895 1380 Β’.

266 1486 716 1572 ΞΕΝΟΚΡΑΤΕΙ
762 1488 1291 1573 ΑΚΡΑΓΑΝΤΙΝΩι

226 3471 309 3529 Inter
336 3471 464 3547 epinicia
491 3470 547 3529 hoc
574 3490 734 3530 carmena
757 3471 962 3548 grammaticis
990 3471 1119 3530 relatum
1143 3475 1202 3548 est,
1230 3489 1413 3548 quamquam

138 3564 174 3617 ut
192 3561 365 3620 memoriam
384 3560 559 3619 Xenocratis
577 3559 641 3619 vita
660 3560 721 3618 iam
740 3560 872 3619 defuncti
891 3560 1084 3619 resuscitaret
1103 3561 1217 3620 factum
1236 3565 1289 3620 est.
1327 3560 1412 3630 Quod

138 3653 240 3707 autem
264 3649 343 3708 inter
365 3649 468 3708 laudes
489 3649 664 3709 Xenocratis
687 3648 829 3709 victorias
852 3649 883 3707 in
906 3649 986 3707 ludis
1010 3649 1100 3707 sacris
1124 3652 1292 3725 reportatas
1317 3649 1412 3725 primo

138 3739 202 3797 loco
227 3742 316 3813 poeta
334 3739 444 3816 posuit,
463 3739 493 3797 id
512 3742 661 3815 quantum
679 3738 725 3796 his
745 3738 958 3796 certaminibus
978 3737 1099 3796 ludicris
1119 3738 1225 3797 Gracci
1244 3738 1412 3816 tribuerint,

139 3826 307 3886 luculenter
324 3827 516 3887 demonstrat.
554 3827 637 3886 Inter
654 3827 797 3886 lsthmioa
816 3847 886 3885 vero
911 3826 1039 3903 epinicia
1061 3827 1250 3904 grammatici
1273 3828 1328 3886 hoc
1349 3846 1412 3886 aar·

138 3936 205 3974 men
230 3917 465 3994 collocaverunt,
495 3917 574 3994 quod
598 3916 677 3975 inter
698 3916 840 3975 victorias
863 3915 1039 3975 Xenocratis
1062 3916 1157 3992 primo
1182 3917 1246 3976 loco
1270 3916 1413 3974 lstbmica

139 3999 678 4088 illustrataest(v.13);praeterea
701 4005 846 4080 suspicari
874 4004 960 4064 nobis
983 4005 1054 4064 licet
1075 4006 1217 4065 redeunte
1242 4024 1328 4081 anno,
1352 4024 1412 4081 quo

139 4095 281 4154 lsthmica
304 4095 430 4155 victoria
452 4098 541 4173 parta
564 4097 638 4172 crat,
661 4095 717 4154 hoc
740 4112 858 4153 carmen
880 4098 916 4153 ut
934 4098 1091 4154 caneretur
1109 4094 1293 4154 destinatum
1312 4094 1412 4153 fuisse.

142 4184 274 4259 lienique
297 4185 422 4243 missum
444 4205 462 4243 a
485 4184 615 4244 Pindaro
638 4184 694 4243 hoc
717 4203 835 4242 carmen
859 4186 905 4242 est
923 4183 1121 4262 Thrasybulo,
1144 4183 1318 4243 Xenocratis
1341 4182 1412 4261 filio,

138 4273 187 4330 cui
215 4276 305 4348 poeta
333 4273 393 4332 iam
421 4277 510 4333 antea
538 4292 654 4332 carmen
680 4273 711 4332 P.
731 4292 762 4332 vr
785 4272 945 4348 scripserat
973 4276 1004 4331 et
1032 4273 1084 4348 qui
1112 4272 1207 4348 patris
1229 4271 1412 4349 memoriam,

139 4382 199 4437 qua
223 4365 288 4420 erat
311 4363 422 4438 pietate
446 4355 487 4444 (r.
507 4362 540 4420 P.
559 4381 590 4421 vr
611 4373 642 4420 19
658 4354 718 4440 ss),
742 4380 928 4438 summopere
953 4361 1077 4420 colebat.
1115 4362 1180 4432 Quo
1204 4364 1337 4437 tempore
1356 4362 1411 4420 hoc

138 4471 255 4510 carmen
280 4452 394 4510 factum
418 4452 465 4528 sit,
490 4451 599 4510 diserto
623 4451 794 4511 testimonio
819 4469 962 4527 caremus,
985 4450 1044 4508 nisi
1067 4451 1147 4527 quod
1170 4471 1205 4510 ex
1223 4470 1311 4510 versu
1330 4450 1411 4528 vige·

138 4541 212 4600 simo
241 4541 331 4599 tertio
358 4544 428 4616 post
451 4539 639 4616 Olympicam
665 4540 822 4599 victoriam
846 4539 989 4599 Theronis
1022 4541 1092 4598 anni
1116 4543 1179 4600 476
1205 4533 1266 4618 (Ol.
1292 4543 1342 4617 76,
1370 4534 1411 4622 1),

137 4650 173 4688 ex
196 4629 289 4705 epodo
313 4629 422 4688 ultima
445 4633 513 4705 post
535 4627 665 4687 reditum
687 4631 794 4705 poetae
817 4648 853 4687 ex
875 4628 981 4687 itinere
1005 4629 1193 4705 Syracusano
1217 4629 1248 4688 id
1267 4629 1411 4705 scriptum

138 4738 200 4777 esse
223 4719 372 4778 discimus.
418 4717 630 4777 Verisimiliter
652 4717 747 4795 igitur
769 4718 825 4776 viri
849 4717 930 4776 docti
953 4719 1069 4778 natales
1095 4718 1235 4778 carminis
1258 4719 1336 4777 circa
1360 4736 1410 4777 an·

137 4828 209 4866 num
233 4812 298 4868 470
321 4812 444 4884 ponunt.
