3406 5378
275 373 313 429 Vl
775 373 1052 424 PROLEGOMENA.

275 537 473 603 v20.1.1v
497 537 552 620 10,
580 558 661 621 quos
688 558 766 599 num
794 535 857 619 ipsi
882 534 1122 599 emendaverint
1145 533 1251 617 possis
1276 534 1438 620 dubitare,
1465 556 1561 599 exce-

274 645 379 731 peris,
402 665 440 708 ex
465 642 537 707 aliis
565 642 832 726 melioribusque,
861 664 957 726 quam
980 663 1054 725 nos,
1081 640 1228 705 fontibus
1255 640 1435 725 haurirent,
1464 642 1560 706 libris

276 753 317 818 ab
346 749 571 815 incorrectis
600 749 682 812 nihil
705 747 911 813 auctoritatis
935 748 1142 811 tribuendum
1166 753 1224 811 est.
1269 745 1425 813 Veterum
1449 752 1560 813 autem

277 859 435 923 librorum
453 857 515 920 fide
535 860 571 920 ut
590 861 677 920 recte
696 855 799 919 utaris
818 876 898 919 neve
918 860 1022 919 certas
1040 876 1247 917 numerorum
1264 853 1559 939 grammaticusque
1613 878 1616 884 ·

275 964 366 1051 leges
386 961 534 1028 codicum
554 962 677 1026 mendis
698 961 860 1045 corrumpi
879 961 1029 1046 patiaris,
1047 961 1206 1047 originem
1226 967 1258 1024 et
1276 965 1427 1025 naturam
1445 983 1559 1026 eorum

277 1070 375 1156 paulo
400 1069 582 1135 accuratius
607 1069 760 1134 scruteris
785 1073 880 1152 oport
900 1073 922 1131 t.

365 1177 474 1260 Atque
495 1176 636 1261 primum
655 1197 720 1240 uno
739 1175 778 1239 de
798 1175 903 1260 capite
924 1197 1034 1239 omnes
1054 1175 1180 1239 codices
1196 1181 1285 1239 ortos
1301 1197 1370 1240 erse
1385 1196 1423 1238 ex
1439 1174 1558 1260 glossis

279 1284 469 1368 lacunisque
489 1282 634 1347 omnium
654 1282 880 1346 communibus
901 1279 955 1368 (cf.
971 1280 1112 1346 01129.
1136 1282 1250 1345 v1149.
1275 1299 1308 1365 x,
1323 1282 1373 1347 25.
1397 1281 1430 1345 P.
1446 1300 1468 1345 v
1486 1284 1558 1347 118.

276 1410 313 1456 xr
334 1394 376 1455 4‘2
394 1388 448 1477 al)
479 1391 559 1454 satis
588 1394 722 1474 apparet
777 1388 848 1464 Quo
877 1393 986 1452 autem
1014 1394 1159 1471 tempore
1187 1387 1282 1472 illud,
1308 1389 1498 1473 priusquam
1523 1388 1560 1452 in

277 1499 385 1565 varios
413 1497 535 1562 rivulo·
565 1496 781 1578 dilaceretur,
810 1494 974 1579 exemplar
1002 1494 1165 1558 exstitisse
1188 1494 1348 1578 videatur,
1375 1494 1439 1559 iam
1462 1494 1558 1559 nobis

278 1605 496 1691 quaerendum
529 1608 586 1668 est.
633 1603 672 1667 In
705 1602 858 1667 membris
890 1602 993 1688 igitur
1025 1601 1204 1666 carminum
1238 1600 1456 1686 dispescendis
1485 1624 1560 1666 cum

279 1735 390 1778 omnes
412 1711 488 1774 libri
506 1710 573 1774 fere
592 1709 712 1792 ubique
731 1709 778 1772 ita
798 1708 1014 1791 consentiant,
1038 1713 1075 1771 nt
1094 1707 1226 1793 grandis
1244 1707 1332 1771 illius
1351 1730 1559 1773 numerorum
1637 1770 1641 1777 .

280 1819 422 1908 generis,
451 1816 544 1903 quale
566 1816 721 1880 Thebano
750 1819 864 1898 poetae
892 1819 1017 1879 veteres
1047 1818 1080 1877 et
1106 1813 1229 1898 peritos
1256 1812 1378 1878 iudices
1405 1813 1560 1879 tribuisse

281 1927 316 1991 in
352 1923 626 1990 commentatione
663 1921 857 2005 academica,
894 1920 956 1985 Die
994 1920 1167 1984 metrische
1199 1918 1468 2007 Ueberlieferung
1505 1922 1561 1985 der

279 2032 513 2098 Pindarischen
537 2030 627 2095 Oden
650 2028 748 2116 (Abh.
773 2028 801 2092 d.
825 2029 898 2112 bay.
923 2028 985 2091 ak.
1009 2031 1031 2090 t.
1050 2026 1097 2091 XI
1122 2049 1149 2092 a.
1173 2023 1271 2113 1868)
1294 2027 1443 2111 probavi,
1470 2028 1562 2092 nulla

281 2141 348 2204 fere
371 2137 511 2222 vestigia
535 2135 710 2220 supersint,
739 2134 950 2219 archetypum
978 2134 1058 2198 illud
1081 2139 1157 2218 post
1178 2134 1433 2218 Aristophanem
1457 2156 1562 2220 gram·

282 2246 452 2329 maticnm,
475 2265 570 2327 quem
594 2242 735 2326 primum
758 2242 935 2326 lyricorum
959 2241 1103 2306 carmina
1125 2241 1160 2304 in
1184 2240 1256 2305 cola
1275 2240 1422 2305 divisisse
1441 2241 1563 2326 Diony·

280 2355 347 2419 sius
374 2350 642 2416 Halicarnasseus
667 2350 704 2413 de
729 2349 814 2412 verb.
839 2371 980 2432 compos.
1002 2371 1028 2412 c.
1048 2367 1122 2412 xxn
1141 2353 1174 2413 et
1192 2366 1278 2412 xxvl
1301 2349 1475 2413 memoriae
1499 2354 1563 2414 tra-

281 2460 376 2542 didit,
396 2462 563 2522 exaratnm
583 2479 654 2520 esse
669 2461 921 2520 consentaneum
937 2461 995 2520 est.
1026 2456 1239 2521 Accnratiora
1253 2456 1348 2520 docet
1362 2457 1561 2539 comparatio

279 2567 456 2632 lectionum
485 2564 633 2629 codicum
661 2586 734 2628 cum
762 2562 894 2627 scholiis
923 2562 1086 2626 veteribus
1115 2562 1281 2645 instituta3
1309 2563 1390 2626 haec
1414 2562 1496 2626 enim
1523 2585 1562 2627 ex

282 2673 416 2758 Didymi
435 2672 645 2757 potissimum
666 2669 806 2754 copiosis
824 2667 1064 2732 commentariis
1080 2667 1255 2751 compilata
1270 2691 1339 2733 esse
1353 2669 1440 2733 inter
1454 2692 1565 2735 omnes

282 2781 362 2847 satis
395 2782 538 2862 constat3
566 2777 631 2839 iam
660 2797 736 2839 vero
759 2774 950 2859 integriora,
978 2795 1075 2856 qua-m
1098 2770 1229 2838 Pindari
1253 2775 1378 2840 codices
1402 2776 1565 2862 exhibent,

281 2885 483 2970 exemplaria
507 2882 705 2947 scholiorum
730 2880 974 2965 compilatorem
999 2885 1073 2944 ante
1098 2880 1208 2945 oculos
1231 2880 1384 2946 habuisse
1408 2904 1480 2946 curn
1502 2883 1566 2947 alia

281 2993 507 3060 demonstrant
528 2994 598 3052 tum
618 2987 785 3051 adnotatio
804 2985 840 3049 P.
855 2989 949 3051 1114?
968 2986 1101 3051 adiecta.
1133 2988 1264 3052 Etenim
1285 2989 1370 3072 quod
1390 2990 1565 3054 scholiasta

284 3100 365 3166 dicit
390 3100 492 3162 λείπει
516 3096 553 3159 τὸ
576 3094 735 3177 ὀφείλεις,
757 3093 791 3157 id
814 3093 894 3157 satis
918 3093 1027 3179 arguit
1048 3093 1083 3157 in
1106 3094 1194 3159 illius
1217 3095 1310 3160 libris
1330 3096 1472 3181 glossam
1491 3098 1564 3181 χρή,

284 3227 366 3292 quae
399 3204 433 3267 in
466 3223 578 3266 omnes
612 3201 738 3266 codices
771 3204 901 3263 nostros
931 3200 1076 3286 irrepsit,
1108 3202 1250 3265 nondum
1283 3202 1426 3267 additam
1456 3204 1565 3268 fuisse.

280 3313 395 3395 Itaque
420 3309 630 3393 archetypum
651 3311 838 3371 nostrorum
857 3305 1015 3370 librorum
1034 3312 1111 3392 post
1129 3307 1212 3391 eius,
1236 3309 1292 3391 qui
1311 3309 1435 3374 scholia
1453 3315 1562 3374 vetera

282 3415 484 3502 compilavit,
507 3419 647 3480 aetatem
672 3413 828 3497 scriptum
850 3412 951 3477 fuisse
969 3436 1029 3497 pro
1049 3419 1136 3479 certo
1157 3419 1297 3498 statuas3
1319 3415 1348 3479 is
1368 3421 1476 3480 autem
1496 3438 1561 3480 non

283 3525 388 3589 solum
412 3522 589 3606 Didymnm
619 3521 674 3584 sed
703 3542 743 3584 ne
766 3518 988 3586 Herodianum
1013 3520 1157 3606 quidem,
1184 3526 1297 3605 utpote
1322 3522 1372 3586 bis
1396 3522 1567 3587 laudatum

283 3629 336 3716 (cf.
367 3629 467 3694 schol.
492 3627 621 3694 0.118
650 3632 683 3691 et
707 3625 741 3690 P.
761 3644 800 3690 111
820 3623 892 3712 65),
919 3627 1107 3710 antecessit,
1135 3650 1330 3712 quamquam
1358 3629 1478 3694 certius
1507 3630 1562 3694 ali-

282 3737 359 3822 quid
383 3735 515 3799 definire
538 3733 686 3818 equidem
709 3755 775 3797 non
798 3732 911 3797 ausim.

369 3842 431 3906 lllo
454 3841 489 3905 in
511 3841 597 3906 libro
621 3841 796 3924 archetypo
820 3860 1028 3903 numerorum
1052 3861 1150 3904 cansa
1173 3841 1252 3905 adeo
1272 3841 1354 3905 nihil
1374 3847 1443 3905 erat
1462 3865 1560 3908 nova·

281 3955 367 4033 tum,
390 3954 427 4013 ut
450 3954 483 4013 et
507 3949 605 4013 verba
624 3969 704 4032 quae
724 3951 902 4010 metrorum
923 3944 1050 4030 legibus
1070 3946 1195 4010 excludi
1214 3948 1333 4011 dudum
1355 3949 1560 4034 grammatici

281 4058 522 4140 intellexerant,
545 4059 583 4119 ut
605 4051 754 4138 φιλέοντι
779 4048 816 4116 δὲ
839 4056 966 4116 Μοῖσαι
980 4052 1021 4132 ΙΟ.
1042 4070 1068 4115 11
1085 4053 1136 4130 26,
1159 4053 1231 4117 loco
1251 4075 1316 4117 non
1335 4056 1504 4140 cesserint,
1527 4062 1561 4120 et

283 4166 432 4250 vulgares
459 4163 596 4244 formae,
625 4160 772 4246 quamvis
797 4163 899 4223 metro
924 4164 1157 4243 repugnantes,
1184 4159 1306 4224 formas
1329 4163 1560 4227 reconditiores

281 4293 435 4355 persaepe
455 4268 644 4352 expulerint.
672 4267 845 4333 Praeterea
858 4263 1011 4329 librarius
1027 4265 1194 4350 archetypi
1209 4265 1296 4329 haud
1310 4289 1382 4332 raro
1398 4271 1559 4334 variantes

281 4375 438 4441 lectiones
457 4375 508 4440 vel
527 4396 566 4438 ex
585 4374 718 4440 scholiis
737 4377 904 4458 excerptas
920 4368 970 4435 vel
985 4371 1125 4455 axeliis,
1144 4392 1225 4454 quon
1240 4394 1329 4436 more
1344 4380 1414 4439 turn
1429 4380 1559 4459 recepto

282 4505 356 4550 cum
384 4505 444 4547 suo
472 4481 646 4566 exemplari
676 4481 871 4564 contulerat,
899 4476 1063 4543 codicibus
1092 4483 1240 4543 enotatas
1268 4480 1303 4543 in
1331 4481 1475 4566 margine
1504 4486 1561 4545 aut

283 4611 379 4675 supra
407 4589 526 4654 hueam
555 4589 729 4673 adiecerat,
760 4588 844 4652 unde
875 4585 910 4649 in
940 4584 1062 4648 nostris
1090 4605 1218 4667 quoqne
1246 4586 1411 4650 codicibus
1439 4587 1561 4668 passim

283 4698 364 4762 duae
395 4695 567 4782 lectiones,
598 4718 663 4760 una
694 4695 778 4759 infra
809 4692 912 4757 altera
940 4711 1037 4773 supra
1065 4689 1182 4753 lineam
1211 4690 1351 4774 scriptae
1380 4697 1561 4754 occurrunt.

284 4803 433 4890 Denique
463 4803 618 4868 contiuua
643 4803 804 4888 scriptura
827 4804 859 4864 et
882 4795 1069 4862 maiusculis
1092 4795 1211 4861 litteris
1235 4796 1447 4881 archetypum
1469 4796 1559 4863 illum
