3406 5378
760 332 907 392 Planum
926 340 1092 393 semels.

503 501 623 585 Τυφὼς
646 499 741 580 Κίλιξ
765 500 896 586 ἑκατόγ-

542 634 663 694 κρανος
687 611 727 675 οὔ
750 635 806 675 νιν
829 609 962 692 ἀλυξεν,

497 713 576 780 οὐδὲ
599 717 665 801 μάν
688 720 843 801 βασιλεὺς
867 718 1055 800 Γιγάντων·

541 823 671 907 δμᾶθεν
695 820 730 887 δέ
754 833 905 911 κεραυνῷ

496 928 623 1006 τόξοισί
642 929 669 995 τ’
693 928 929 1007 Ἀπόλ-λωνος·
953 930 990 1006 ὃς
1012 930 1144 1015 εὐμενεῖ
1164 934 1231 1017 νόῳ
1368 948 1401 1016 ap

498 1035 697 1120 Ξενάρκειον
720 1039 831 1102 ἔδεκτο
855 1039 937 1122 Κίρ-

542 1150 648 1228 ραθεν
672 1143 943 1229 ἐστεφανωμένον

444 1266 478 1313 20
497 1251 574 1315 υίὸν
597 1255 676 1339 ποία
699 1253 889 1336 Παρνασίδι
914 1257 1043 1337 Δωριεῖ
1063 1275 1097 1315 τε
1120 1253 1227 1340 κώμφ.

498 1431 591 1494 ἔπεσε
615 1427 646 1493 δ’
675 1430 715 1495 οὐ
739 1433 893 1514 Χαρίτων
916 1427 991 1505 ἑκάς
1175 1435 1254 1512 Στρ.
1278 1428 1321 1513 β’.
1368 1447 1401 1492 3ο

498 1534 518 1599 ἁ
542 1536 748 1613 δικαιόπολις
771 1536 902 1621 ἀρεταῖς

498 1647 681 1707 κλειναῖσιν
704 1643 870 1707 Αἰακιδᾶν

498 1755 635 1831 θιγοῖσα
658 1759 786 1826 νᾶ-σος·
810 1748 925 1813 τελέαν
948 1747 979 1813 δ’
1005 1752 1069 1833 ἔχει

445 1871 479 1919 25
499 1854 600 1932 δοξαν
623 1854 678 1919 ἀπ’
704 1855 814 1940 ἀρχᾶς.

542 1967 693 2028 πολλοῖσι
717 1960 777 2047 μὲν
801 1964 863 2047 γάρ
888 1962 1044 2045 ἀείδεται,

497 2073 692 2154 νικαφόροις
716 2069 752 2133 έν
775 2069 911 2145 ἀέθλοις

541 2176 710 2262 θρέψαισα
732 2174 787 2241 καὶ
810 2183 909 2252 θοαῖς

497 2282 701 2368 ὑπερτάτους
722 2283 831 2368 ἥρωας
855 2281 892 2347 έν
914 2284 1040 2367 μάχαις.

498 2462 538 2525 τά
561 2459 598 2525 δὲ
620 2459 674 2525 καλ
698 2461 861 2546 ἀνδράσιν
884 2460 1052 2546 ἐμπρέπει·
1171 2460 1254 2527 'siva
1277 2461 1320 2546 β’.

498 2567 563 2652 είμλ
587 2566 616 2631 δ’
644 2569 782 2652 ἀσχολος
805 2567 972 2652 ἀναθέμεν
1367 2587 1401 2633 ιιι

357 2732 398 2779 16.
419 2723 622 2795 ἑκατόγκρανος
635 2725 706 2781 coni.
722 2724 850 2780 Schmid:
866 2723 1122 2793 ἑκατοντακάρανος
1135 2726 1170 2794 Β,
1187 2723 1427 2793 ἑκατοντάκρανος
1441 2726 1478 2794 D,
1495 2726 1558 2780 ἑκα-

283 2796 493 2866 τοντακάρανος
507 2797 537 2851 Ε
549 2829 576 2836 -
599 2802 639 2850 17.
654 2799 787 2866 δαμᾶθεν
800 2797 829 2850 Β
844 2828 877 2835 -
891 2805 1017 2865 κερκννῶ
1028 2796 1058 2850 D
1071 2829 1105 2837 -
1121 2802 1164 2851 20.
1178 2794 1332 2866 παρνασίδι
1346 2796 1417 2850 coni.
1432 2797 1559 2853 Boeckh:

284 2865 427 2942 παρνατίᾳ
447 2868 526 2923 codd.
547 2900 580 2907 -
600 2874 642 2922 21.
663 2867 742 2922 ἔπεσε
761 2867 854 2922 codd:
875 2865 953 2921 ἔπιτε
973 2870 1126 2938 exspectes,
1145 2868 1179 2923 cf.
1195 2888 1220 2922 v.
1236 2885 1260 2921 ar
1277 2899 1310 2908 —
1325 2874 1368 2923 24.
1387 2866 1416 2922 δ’
1435 2868 1491 2938 ἔχει
1505 2885 1558 2923 om.

284 2940 314 2994 D
329 2972 361 2980 —
376 2945 419 2993 26.
435 2936 599 3008 νικαφόροις
608 2941 636 2994 Β
641 2939 682 2995 D:
698 2937 871 3008 νικαφόροις
881 2939 911 2993 Ε
918 2971 951 2979 -
962 2945 1004 2994 28.
1017 2941 1065 2993 καλ
1075 2940 1155 3007 ἀνδρ.
1169 2940 1204 2995 V:
1220 2939 1269 2992 aod
1284 2939 1314 2993 ἐν
1328 2941 1409 3006 ἀνδρ.
1420 2941 1447 2993 Β
1453 2941 1518 2995 DE
1526 2972 1559 2980 -

356 3088 398 3138 16.
418 3081 452 3136 de
471 3081 604 3152 Typhoeo
623 3099 642 3135 a
659 3082 724 3137 Iove
743 3084 874 3152 superato
893 3084 923 3135 et
939 3081 1039 3152 punito
1063 3085 1158 3136 monte
1177 3084 1269 3137 Aetna
1288 3081 1444 3206 superiecto
1464 3102 1489 3137 v.
1505 3083 1534 3136 P.
1551 3103 1560 3136 1

286 3170 311 3209 ιο
327 3171 362 3207 ss.
383 3183 416 3192 -
438 3159 477 3208 17.
503 3155 630 3225 βασιλεὺς
654 3153 811 3224 Γιγάντων,
838 3150 1009 3222 Πορφυρίων
1033 3152 1134 3221 schol.;
1158 3154 1207 3208 sed
1230 3171 1294 3207 cum
1340 3154 1471 3223 orpbyrio
1495 3156 1561 3208 ante

285 3224 343 3279 iam
362 3224 453 3278 dictus
473 3224 518 3293 sit,
538 3225 636 3280 dubito
655 3243 691 3279 an
710 3224 847 3278 Pindarus
867 3225 955 3278 alium
973 3242 1008 3279 ex
1022 3224 1200 3296 Gigantibus,
1218 3224 1298 3279 velut
1315 3225 1559 3294 Eurymedontem,

284 3312 369 3364 quem
386 3295 557 3366 Gigantibus
581 3295 718 3366 imperare
741 3296 877 3349 Homerus
897 3295 947 3350 Od.
963 3315 1001 3348 vn
1015 3312 1041 3349 ss
1060 3295 1141 3365 dixit,
1159 3313 1254 3367 regem
1273 3299 1358 3366 poeta
1376 3296 1560 3357 intellexerit;

284 3386 310 3423 v.
324 3366 457 3422 Welcker
475 3366 585 3422 Griech.
600 3367 776 3422 thterlehr'e
794 3386 804 3419 1
823 3384 861 3422 τοι
879 3400 915 3407 -
935 3373 976 3422 18.
994 3365 1173 3430 Ἀπόλλωνος·
1201 3385 1271 3420 unus
1290 3367 1378 3433 enim,
1403 3371 1435 3420 ut
1453 3367 1561 3421 scholia

285 3439 431 3507 adnotant,
450 3438 604 3508 Porphyrio
624 3439 682 3494 sive
701 3456 749 3494 rex
763 3439 916 3510 Gigantum
936 3437 1000 3492 telis
1015 3437 1163 3520 Apollinis,
1184 3439 1269 3493 ceteri
1284 3438 1420 3508 Gigantes
1439 3439 1476 3492 ab
1496 3438 1560 3492 aliis

285 3510 345 3565 deis
365 3509 466 3565 domiti
485 3526 545 3564 esse
564 3510 732 3565 ferebantur.
766 3509 894 3565 Ceterum
913 3509 1054 3564 mentione
1068 3509 1208 3579 Apollinis
1227 3526 1321 3581 rogem
1341 3509 1493 3579 Gigantum
1512 3512 1560 3563 do-

284 3585 388 3635 mantia
408 3581 512 3634 iniecta
531 3598 563 3635 co
585 3581 614 3635 ia
631 3585 733 3652 poetae
752 3582 829 3636 facta
847 3585 891 3636 est
904 3580 1039 3636 redeundi
1054 3582 1090 3633 ad
1105 3581 1253 3634 victoriam
1267 3583 1442 3651 praesentem
1453 3580 1560 3635 Aristo-

285 3652 374 3706 menis
388 3653 484 3706 t'avore
499 3601 638 3723 Apofiinis
653 3653 769 3724 Delphis
784 3656 976 3723 comparatam
995 3684 1029 3692 -
1051 3659 1090 3706 19.
1110 3651 1283 3720 Ξενάρκειον
1298 3697 1303 3706 .
1321 3696 1325 3706 .
1343 3696 1348 3706 ,
1363 3650 1435 3719 υλόν,
1455 3653 1560 3706 Aristo-

284 3741 394 3778 menem
422 3724 555 3778 Xenarcis
583 3724 673 3778 filium
702 3758 735 3765 -
765 3724 873 3779 ἔδεκτο·
905 3723 939 3777 de
987 3740 1070 3793 ompa
1097 3723 1214 3793 Delphis
1238 3740 1255 3777 a
1277 3723 1382 3778 victore
1410 3725 1443 3777 dc
1468 3723 1560 3778 stadio

285 3794 416 3851 Cirrhaeo
434 3795 568 3849 redeunte
588 3796 719 3850 instituta
738 3796 870 3863 Heynius,
889 3742 1046 3849 Boeeffhius
1065 3793 1115 3847 alii
1134 3794 1314 3864 interpretati
1332 3798 1411 3861 sunt;
1431 3795 1559 3864 equidem

283 3884 429 3937 pompam,
453 3867 481 3920 in
500 3884 557 3936 qua
575 3868 628 3922 hoc
647 3885 759 3921 carmen
778 3866 943 3934 canebatur,
963 3865 1088 3935 Aeginae
1107 3870 1171 3935 post
1189 3865 1310 3920 reditum
1329 3865 1358 3918 in
1379 3867 1501 3935 patriam
1524 3867 1560 3919 ab

284 3938 459 3993 Aristomene
478 3938 638 3992 institutam
663 3938 825 4008 intellegere
845 3936 920 3991 malo
940 3940 969 3990 et
994 3936 1098 3990 aoristo
1126 3936 1220 3990 ἔδεκτο
1246 3937 1369 3991 tribuere
1392 3938 1449 3991 vim
1474 3937 1559 4007 sigui-

284 4009 388 4063 ficandi
407 4027 466 4064 rem
484 4009 542 4063 iam
561 4009 735 4075 inchoatam,
756 4011 790 4063 cf.
806 4009 836 4063 Ο.
852 4027 901 4062 rur
915 4025 941 4062 so
959 4040 991 4048 -
1011 4014 1052 4062 ⁶20.
1074 4014 1176 4075 Δωριεῖ
1193 4027 1222 4061 τε
1241 4010 1334 4077 κώμῳ·
1354 4009 1429 4077 quod
1450 4016 1560 4078 Δωριεῖ,

284 4098 340 4134 uon
355 4083 454 4148 Δωρίω
473 4083 557 4150 poeta
576 4079 656 4148 dixit,
676 4082 791 4135 chorum
809 4097 843 4134 ex
862 4079 1043 4133 Doriensibus
1062 4079 1129 4132 viris
1150 4084 1277 4133 constare
1297 4078 1413 4147 indicat,
1433 4085 1465 4133 ut
1484 4081 1560 4134 simi-

283 4149 349 4205 liter
364 4152 394 4205 O.
409 4138 457 4204 viii
471 4170 498 4207 so
511 4151 642 4205 Doricam
656 4152 792 4233 originem
807 4150 1006 4275 Aeginetarum
1021 4149 1174 4219 praedicat.
1203 4150 1306 4203 Verum
1320 4151 1373 4206 hoc
1392 4151 1453 4206 loco
1473 4152 1560 4205 etiam

283 4221 415 4276 Doricam
433 4223 608 4277 harmoniam
628 4223 767 4290 carminis,
787 4240 842 4292 quo
884 4221 940 4275 iam
963 4237 1062 4275 canere
1084 4221 1234 4276 choreutae
1255 4225 1417 4292 coeperant,
1440 4241 1457 4276 a
1474 4228 1560 4293 pocta

284 4292 402 4347 indicari
423 4293 574 4347 admodum
592 4294 744 4349 verisimile
763 4298 813 4349 est.

355 4370 397 4419 21.
414 4364 505 4418 ἔπεσε·
522 4363 627 4419 locutio
642 4366 676 4419 de
691 4366 837 4421 sortitione
851 4366 937 4419 ducta
952 4382 1011 4418 esse
1026 4363 1137 4418 videtur
1152 4398 1186 4404 —
1202 4370 1243 4418 λλ.
1260 4366 1372 4433 ἀρεταῖς
1383 4410 1387 4420 .
1398 4410 1402 4419 .
1413 4410 1418 4420 ,
1430 4370 1559 4435 θιγοῖσα·

285 4434 319 4489 de
342 4434 435 4489 verbis
459 4440 554 4505 θιγεῖν
577 4440 606 4491 et
628 4436 770 4492 ἅπτεσθαι
794 4456 856 4492 cum
881 4436 938 4490 dat.
959 4435 1359 4491 iunctisef.P.1vs==c.1xss.
1384 4437 1417 4491 N.
1433 4457 1461 4489 ir
1476 4455 1509 4492 aa
1530 4438 1558 4493 P.

283 4525 332 4559 vm
347 4523 379 4561 oo.
400 4526 418 4560 x
432 4524 465 4561 ιιι.
485 4507 506 4561 1.
522 4527 551 4560 ιιι
566 4525 592 4562 so
611 4541 645 4548 —
664 4516 707 4564 δυ.
726 4514 852 4564 πολλοῖσι
867 4553 872 4564 ,
889 4552 895 4564 .
912 4550 917 4560 .
933 4505 1069 4561 ἀείδεται·
1094 4506 1221 4578 inprimis
1241 4509 1392 4562 Homerum
1415 4512 1499 4578 poeta
1518 4526 1558 4562 re·

284 4577 376 4647 spicit,
395 4579 444 4647 qui
458 4578 573 4633 Aiacem
594 4582 622 4634 ct
635 4580 771 4634 Teucrum
791 4598 846 4635 non
866 4578 955 4634 solum
974 4578 1084 4633 sortiter
1103 4596 1165 4632 cum
1185 4579 1312 4633 hostibus
1327 4583 1493 4650 pugnantes,
1510 4581 1559 4633 sed

283 4649 370 4703 etiam
389 4650 544 4705 certamina
562 4649 688 4720 (ἀέθλοις
706 4670 731 4706 v.
747 4655 783 4721 sc)
802 4651 912 4707 naviter
931 4650 1082 4705 subeuntes
1101 4650 1212 4704 induxit
1231 4683 1264 4691 -
1284 4657 1325 4706 28.
1350 4649 1500 4717 ἀνδράσιν·
1524 4651 1559 4704 de

283 4720 414 4775 heroibus
441 4722 477 4776 ad
503 4722 629 4777 homines
648 4723 801 4793 Aeginetas
827 4722 942 4790 transit,
968 4721 1017 4776 sed
1043 4739 1077 4776 ne
1103 4722 1214 4793 longius
1240 4723 1363 4790 aberret,
1388 4739 1498 4792 pugnas
1523 4724 1559 4776 ad

282 4792 425 4848 Salamiua
450 4797 479 4848 ct
502 4794 715 4864 Cecryphaliam
741 4793 868 4864 aliasque
892 4791 1059 4861 singillatim
1083 4794 1185 4848 referre
1208 4792 1417 4863 supersedit-
1437 4799 1478 4847 29.
1504 4793 1559 4865 είμλ
