3406 5378
546 381 596 432 111.
623 380 672 430 DE
691 378 801 430 LUDIS
819 380 865 430 BT
883 379 1062 431 EPINIOIIS.
1336 376 1448 430 LXXIII

166 542 326 627 equestris
356 542 483 629 generis
512 541 727 607 certaminum
751 547 834 627 erat,
862 542 949 626 quod
974 541 1119 625 praemia
1141 563 1208 606 non
1232 540 1369 627 aurigis,
1397 540 1452 625 qui

168 649 259 734 cquis
287 649 436 735 regendis
461 648 665 714 dexteritatis
689 653 722 713 et
745 648 875 714 virtutis
900 649 1095 714 documenta
1118 648 1294 732 ediderant,
1319 647 1375 713 scd
1398 648 1454 712 do·

167 756 278 842 minis,
304 756 361 840 qui
389 755 482 840 equis
511 755 635 820 alendis
661 760 694 820 et
722 755 888 841 quadrigis
916 755 1066 840 bigisque
1095 754 1289 821 adornandis
1316 777 1451 842 magnos

168 868 319 948 sumptus
342 861 576 948 impenderant,
600 862 814 927 donabantur.
853 861 976 926 Verum
995 862 1151 927 tamensi
1170 862 1327 948 quianon
1347 863 1452 927 solum

168 991 269 1056 equos
297 969 435 1051 aluerat,
464 969 520 1034 sed
548 969 647 1035 etiam
674 969 709 1033 in
735 969 910 1035 certamine
934 974 1075 1053 rexerat,
1103 974 1139 1034 ut
1161 969 1349 1035 Herodotus
1372 969 1454 1034 The-

169 1079 272 1142 banus
296 1073 450 1164 (1.115),
475 1076 633 1163 singulari
656 1076 710 1140 ille
735 1076 829 1141 laudc
853 1075 1071 1163 omabatur.¹)
1117 1075 1254 1141 Duobus
1279 1098 1361 1162 quae
1385 1075 1452 1139 dixi

169 1184 342 1272 generibus
370 1183 521 1248 ludorum
549 1182 583 1247 in
610 1183 776 1248 nonnullis
803 1183 908 1268 feriis,
935 1189 973 1248 ut
999 1183 1127 1269 Pythiis
1151 1182 1319 1267 Delphicis
1344 1182 1453 1268 Sicyo-

63 1334 72 1351 ,
169 1292 302 1375 neisque
337 1294 370 1354 et
403 1289 640 1355 Panathenaeis
675 1288 946 1375 Atheniensibus,
981 1291 1114 1355 tertium
1152 1312 1254 1377 genus
1291 1289 1451 1355 musicum

169 1396 277 1486 (ἀγὼν
299 1395 472 1484 μουσικός)
500 1397 647 1462 additum
675 1400 739 1480 est,
770 1398 854 1481 quod
884 1420 957 1462 cum
984 1397 1126 1482 primum
1154 1396 1317 1482 Apollinis
1345 1397 1451 1461 cultus

169 1506 336 1591 proprium
360 1504 473 1589 fuerit,
494 1509 610 1589 postea
633 1503 746 1588 etiam,
768 1503 825 1567 ubi
847 1503 971 1589 ingenii
994 1504 1167 1569 facultates
1191 1503 1282 1568 iuxta
1305 1504 1451 1588 corporis

168 1613 288 1678 robora
310 1604 452 1676 exerceri
475 1616 508 1675 et
529 1611 683 1696 praemiis
707 1610 815 1676 ornari
840 1615 972 1695 coeptae
997 1616 1085 1694 sunt,
1110 1610 1150 1675 ad
1174 1610 1255 1675 alios
1279 1610 1387 1696 ludos,
1415 1615 1452 1674 ut

168 1718 439 1802 Panathenaicos,
471 1717 667 1783 translatum
694 1722 754 1782 est.
800 1717 851 1782 Ex
875 1717 1007 1782 Pindari
1036 1722 1145 1782 autem
1173 1717 1321 1800 epiniciis
1350 1739 1451 1782 unum

94 1904 96 1909 Ι
171 1826 205 1892 Ρ.
220 1844 270 1889 xn
294 1825 452 1890 musicam
475 1824 645 1889 victoriam
669 1823 759 1890 tibiis
783 1829 911 1908 partam
935 1829 1069 1909 spectat.

259 1931 492 2018 Gymnicorum
521 1931 733 1996 certaminum
750 1931 823 1996 alia
846 1936 938 1996 erant
962 1931 1137 2015 simplicia,
1164 1936 1201 1995 ut
1224 1953 1337 1996 cursus
1360 1931 1453 2018 pugi-

171 2041 258 2106 latus
287 2040 389 2121 Iucta,
418 2038 482 2103 alia
505 2038 700 2123 composita,
728 2044 764 2102 ut
792 2038 996 2122 pentathlum
1025 2043 1058 2103 et
1085 2038 1298 2123 pancratium.
1343 2037 1452 2121 Atque

170 2145 375 2233 pancratium
398 2145 541 2230 quidem,
568 2147 653 2229 quod
678 2145 906 2232 gravissimum
930 2151 964 2210 et
987 2146 1215 2210 difficillimum
1238 2145 1453 2211 certaminum

173 2254 397 2341 gymnicorum
425 2253 526 2317 fuisse
553 2253 626 2337 ipso
656 2253 787 2317 nomine
816 2253 996 2319 indicatum
1026 2258 1091 2337 est,
1123 2274 1161 2317 ex
1190 2252 1453 2318 contentionibus

169 2361 275 2428 luctae
307 2365 339 2424 et
372 2359 539 2445 pugilatus
571 2359 753 2424 coniunctis
788 2360 973 2444 constabat3
1010 2359 1216 2444 pentathlum
1247 2364 1355 2425 autem
1386 2360 1453 2425 sive

170 2467 413 2553 quinquertium
450 2488 488 2530 ex
528 2466 670 2552 quinque
708 2467 939 2532 certaminibus
982 2466 1200 2551 compositum
1241 2471 1328 2550 erat,
1372 2488 1453 2550 quae

174 2574 316 2658 quinque
345 2573 523 2639 certamina
551 2573 699 2657 exposita
721 2574 822 2638 habes
845 2573 879 2636 in
903 2573 1136 2659 epigrammate
1161 2573 1346 2638 Simonideo

320 2731 458 2818 ’Ἱσδμια
481 2731 536 2798 καὶ
560 2738 679 2798 Πυθοῖ
700 2740 842 2819 Λιοφῶν
866 2734 883 2798 ὁ
910 2735 1062 2810 Φίλωνος
1085 2732 1176 2798 ἐνίκα

377 2841 463 2925 ἅλμα
485 2841 672 2924 αοδωκείην
695 2842 812 2906 δίσκον
835 2843 958 2905 ἄκοντα
980 2840 1099 2924 πάλην,

175 3006 209 3066 et
230 3000 265 3064 in
288 2998 434 3063 versibus
458 3000 702 3065 memorialibus
726 3001 921 3066 scholiastae
944 3000 1026 3067 Plat.
1045 3001 1153 3066 Erast.
1176 3025 1207 3086 p.
1225 3000 1330 3067 135E

332 3138 519 3217 πένταθλος
542 3137 640 3219 οὗτος
663 3154 732 3219 τοῖς
754 3143 842 3220 veloce
865 3143 1003 3226 ἀγωνία,

331 3247 429 3330 κοίλη,
453 3253 620 3331 σίγυννος,
644 3251 740 3333 ίίλμα,
764 3252 878 3326 δίσκος
901 3249 954 3315 καὶ
980 3253 1113 3337 δρόμος,

172 3416 269 3495 atque
292 3409 462 3474 Eustathii
486 3410 525 3473 ad
548 3408 890 3505 Hom.ll.xxr11t321

334 3555 421 3636 ι’ίλμα
443 3555 557 3617 ποδῶν
580 3553 698 3618 δίσκον
722 3577 757 3618 τε
780 3556 862 3637 βολὴ
886 3553 940 3618 καὶ
964 3556 1103 3629 ίίκοντος
1126 3553 1211 3639 ἐρωή

333 3658 388 3724 καὶ
413 3661 535 3744 δρόμος
558 3655 615 3742 ἠδὲ
639 3660 736 3743 πάλη,
760 3665 819 3746 μία
843 3660 874 3725 δ’
896 3664 1010 3726 ἔπλετο
1033 3670 1113 3726 πᾶσι
1136 3663 1279 3743 τελευτή.

175 3839 237 3905 Sed
266 3861 329 3923 quo
359 3838 470 3903 ordine
502 3838 560 3902 illa
590 3860 659 3903 sese
688 3839 885 3925 exceperint,
914 3860 1027 3904 vereor
1054 3844 1091 3903 ut
1120 3861 1273 3922 umquam
1302 3840 1390 3905 omni
1419 3862 1457 3904 ex

174 3951 266 4033 parte
294 3946 335 4010 ad
363 3944 523 4029 liquidum
552 3946 684 4029 perduci
711 3947 825 4030 possit.
876 3946 1078 4030 Quamquam
1106 3946 1262 4011 nonnulla
1290 3947 1458 4031 explorata

175 4058 259 4119 sunt.
306 4053 415 4137 Atque
438 4051 579 4138 primum
604 4075 641 4116 ex
666 4075 717 4137 eo,
746 4055 831 4138 quod
855 4052 1034 4119 Pausanias
1054 4072 1076 4116 v
1093 4054 1121 4137 l,
1140 4054 1189 4117 10.
1219 4055 1326 4137 17,10
1350 4052 1458 4138 saltui,

174 4161 281 4246 primo
300 4160 412 4243 utique
435 4158 614 4244 certamini,
634 4159 738 4225 accini
762 4161 849 4245 dicit,
871 4160 1003 4224 initium
1027 4160 1171 4225 certandi
1193 4184 1212 4224 a
1231 4159 1317 4225 saltu
1336 4160 1458 4225 factum

175 4288 245 4331 esse
273 4265 421 4331 efficitur.
467 4266 551 4330 Tum
581 4289 619 4330 ex
648 4267 760 4331 eodem
788 4267 966 4331 Pausanias
989 4285 1025 4330 vr
1051 4268 1105 4351 19,
1129 4270 1164 4352 4,
1195 4289 1260 4351 quo
1290 4267 1363 4332 loco
1392 4273 1458 4333 tres

175 4372 335 4457 pentathli
354 4371 461 4437 discos
479 4373 580 4437 fuisse
600 4370 741 4460 tradito
766 4373 900 4458 discum,
923 4379 960 4438 ut
979 4395 1042 4458 quo
1062 4379 1128 4439 tres
1148 4379 1319 4460 certarent,
1342 4376 1458 4461 luctae,

175 4528 299 4537 -“.-.-..-
318 4529 349 4534 .-
365 4528 387 4534 .-

266 4622 292 4685 1)
311 4618 380 4673 Inde
398 4618 570 4688 Lycomedes
593 4619 623 4672 in
646 4618 731 4673 titulo
751 4617 871 4705 epinicio
891 4618 1039 4690 Olympiae
1064 4624 1174 4690 reperto
1193 4621 1284 4690 (Arch.
1301 4621 1362 4675 Zeit
1391 4628 1459 4676 1876

175 4710 201 4745 n.
220 4696 263 4759 17)
283 4690 445 4745 addendum
464 4690 574 4744 curavit
593 4689 683 4759 κέλητι
703 4695 797 4763 esterp
817 4690 887 4763 ἰδίῳ.

266 4767 292 4829 ’2)
311 4761 393 4815 Paua.
410 4781 426 4814 v
444 4770 484 4829 lu,
499 4768 528 4818 4:
553 4761 689 4834 ἐντούτῳ
710 4766 748 4833 τῷ
772 4766 907 4834 θησαυρῷ
930 4763 1001 4833 (scil.
1019 4772 1076 4818 τῶν
1094 4766 1270 4823 Σικυωνίων)
1294 4761 1387 4819 δίσκοι
1410 4764 1459 4819 τὸν

177 4833 302 4904 ἀριθμὸν
321 4832 488 4887 ἀνάκεινται
506 4841 586 4902 τρεῖς,
606 4832 655 4896 οὓς
674 4833 702 4896 ἐς
720 4841 772 4887 τοῦ
789 4832 951 4889 πεντάθλου
969 4835 1000 4889 τὸ
1020 4835 1164 4905 ἀγώνισμα
1184 4833 1381 4905 ἐσκομίζουσιν.
