3406 5378
215 360 302 417 LXIV
715 362 994 416 Paonnoonnus.

212 526 366 592 Pontium
388 531 554 610 venerunt,
578 523 671 591 ludos
693 527 871 614 gymnicos,
894 531 931 590 ut
950 525 1012 591 diis
1032 524 1149 590 salutis
1168 523 1308 610 gratiam
1327 524 1497 611 referrent,

211 636 433 700 instituerunt.
440 632 466 720 ¹)

301 741 364 817 Qui
382 742 548 825 hucusque
568 765 587 806 a
606 765 657 805 me
676 742 827 806 recensiti
847 746 924 806 sunt
942 740 1010 804 ludi
1030 741 1115 825 apud
1131 740 1296 804 Romanos
1311 740 1494 825 conceptivi

214 846 430 933 audiebant2),
453 850 540 934 quod
562 848 709 933 plerique
728 871 840 913 eorum
860 848 900 913 ab
920 847 1117 930 hominibus,
1141 869 1214 912 cum
1233 848 1330 911 rebus
1350 846 1494 911 adversis

213 956 360 1041 oppressi
388 978 407 1019 a
434 955 483 1019 dis
513 955 669 1019 auxilium
696 960 859 1040 peterent,
887 955 1052 1038 conceptis
1076 954 1183 1019 verbis
1207 954 1277 1018 voti
1300 958 1400 1018 erant.
1441 953 1494 1018 Ex

213 1064 264 1127 his
287 1063 357 1127 nati
381 1066 457 1126 snut
481 1062 612 1127 annales
636 1067 670 1127 et
693 1062 772 1126 stati
796 1062 1031 1146 sollemnesque
1055 1058 1281 1147 (περιοδικοί).
1320 1059 1493 1127 Crescente

213 1169 299 1235 enim
323 1170 536 1235 certaminum
559 1168 667 1233 studio
688 1172 721 1233 et
739 1168 905 1233 hominum
927 1168 1144 1234 aemulatione
1163 1168 1265 1251 ludos,
1290 1189 1371 1252 quos
1392 1168 1494 1232 semel

214 1282 378 1362 voverant,
401 1281 458 1340 aut
481 1298 546 1340 uno
571 1297 698 1360 quoque
718 1299 803 1340 anno
822 1282 879 1341 aut
898 1276 1045 1360 pluribus
1063 1275 1243 1340 interiectis
1263 1274 1356 1340 aunis
1374 1274 1494 1340 iterare

213 1388 395 1469 coeperunt.
438 1383 569 1469 Insigne
592 1382 688 1448 huius
712 1382 870 1448 transitus
894 1381 1076 1467 exemplum
1099 1381 1211 1467 Pythii
1233 1382 1300 1447 ludi
1327 1382 1494 1467 praebent,

212 1492 268 1577 qui
292 1514 364 1556 cum
388 1490 529 1575 primum
552 1490 695 1554 inbelle
720 1489 851 1555 Crisaeo
876 1490 953 1554 urbe
977 1489 1122 1553 hostium
1150 1494 1334 1575 expugnata
1361 1488 1431 1553 voti
1459 1492 1493 1553 et

213 1598 276 1662 acti
309 1602 430 1680 essent,
462 1601 577 1680 postea
609 1597 649 1661 ad
678 1596 841 1681 exemplar
869 1595 1111 1681 Olympicorum
1144 1596 1315 1661 sollemnes
1347 1596 1426 1660 facti
1459 1602 1494 1660 et

212 1705 327 1789 quinto
356 1725 483 1788 quoque
512 1725 597 1767 anno
624 1704 734 1768 iterati
763 1709 847 1768 sunt.
890 1702 1052 1767 Paulatim
1081 1703 1179 1767 etiam
1207 1726 1280 1768 oum
1310 1702 1493 1787 conceptivi

211 1811 280 1875 ludi
302 1832 369 1875 non
391 1815 647 1895 praecesserant,
670 1809 763 1875 ludos
787 1814 891 1875 statos
919 1810 1090 1873 inst’tuere
1119 1814 1301 1892 eoeperrmt.
1343 1809 1493 1893 Namque

212 1918 395 1983 sacerdotes
424 1922 457 1981 et
485 1917 666 1982 civitatium
694 1922 850 2000 rectores,
883 1939 956 1983 enm
986 1916 1134 1981 homines
1166 1917 1319 1981 feriantes
1351 1916 1493 1981 maxime

210 2024 296 2089 ludis
320 2023 472 2089 delectari
496 2029 529 2089 et
552 2025 705 2089 feriarum
729 2024 933 2109 splendorem
955 2023 1142 2088 hominibus
1169 2024 1310 2108 undique
1334 2024 1374 2088 ad
1396 2024 1492 2089 ludos

211 2137 269 2196 aut
283 2133 476 2216 spectandos
491 2138 546 2195 aut
563 2131 728 2196 obeundas
743 2131 981 2196 confluentibus
996 2151 1191 2216 magnopere
1204 2131 1315 2217 augeri
1325 2131 1494 2217 vidissent,

211 2238 311 2304 sacris
340 2239 473 2303 deorum
501 2243 534 2302 et
562 2238 701 2302 maxime
728 2240 863 2303 heroum
890 2239 984 2302 ludos
1013 2237 1203 2302 addiderunt
1210 2290 1219 2321 ,
1246 2243 1283 2302 ut
1310 2243 1343 2303 et
1371 2237 1414 2302 dii
1438 2238 1491 2322 pie

211 2351 385 2429 sancteque
409 2345 592 2410 colerentur
614 2351 647 2410 et
666 2345 813 2410 homines
833 2346 936 2430 epulis
955 2344 1095 2430 publicis
1110 2344 1386 2428 certaminumque
1401 2344 1492 2408 omni

211 2475 328 2539 genere
353 2451 597 2517 delectarentur.
637 2453 748 2539 Atque
776 2454 861 2537 quod
888 2453 1024 2518 heroum
1051 2453 1259 2537 potissimum
1287 2475 1360 2517 curn
1389 2451 1491 2516 sacris

209 2558 302 2625 ludos
326 2560 572 2643 coniunxerrmt,
594 2559 668 2624 inde
691 2560 815 2625 factum
839 2565 898 2643 est,
922 2559 1007 2643 quod
1030 2558 1081 2623 dei
1100 2581 1164 2623 non
1185 2560 1369 2624 moriuntur
1385 2581 1490 2643 neque

211 2666 359 2750 sepulcra
382 2688 494 2731 eorum
518 2671 657 2751 exstant,
680 2667 773 2731 ludos
799 2671 915 2750 autem,
940 2687 1013 2730 cum
1037 2666 1281 2750 antiquissimos
1304 2672 1338 2731 et
1356 2666 1492 2732 sanetis-

210 2772 310 2838 simos
337 2773 489 2838 funebres
518 2772 618 2836 fuisse
647 2773 709 2836 sibi
736 2774 987 2857 persuasissent,
1020 2795 1120 2858 prope
1151 2772 1294 2838 tumulos
1323 2777 1356 2838 et
1382 2772 1491 2858 sepul-

210 2879 310 2943 cralia
323 2883 534 2943 monumenta
549 2900 644 2963 agere
660 2878 816 2944 solebant.
849 2879 1003 2964 Inprimis
1023 2901 1098 2944 vero
1117 2885 1209 2945 sexto
1229 2880 1357 2946 saeculo
1373 2903 1400 2944 a.
1414 2876 1490 2944 Chr.

209 2985 339 3069 tyranni
364 2982 547 3049 Clisthenes
572 2983 743 3069 Sicyonius
772 2991 805 3050 et
827 2985 1001 3051 Periander
1025 2986 1213 3054 Corinthius
1242 2993 1274 3053 et
1296 2987 1489 3053 Pisistratus

209 3089 419 3155 Atheniensis
437 3090 586 3154 ludorum
600 3090 664 3155 hoc
678 3092 822 3157 studium
836 3093 957 3160 fovisse
976 3099 1010 3159 et
1028 3117 1194 3161 sacrorum
1213 3096 1489 3177 certaminumque

209 3196 379 3281 splendore
407 3196 526 3261 civium
554 3198 679 3263 animos
708 3199 771 3264 sibi
795 3200 977 3266 devinxisse
1000 3200 1191 3290 videnturl)
1240 3202 1279 3266 In
1302 3201 1488 3265 adornando

209 3309 318 3369 autem
338 3303 398 3368 hoc
416 3325 501 3368 novo
522 3326 638 3391 genere
657 3305 807 3372 ludorum
825 3309 966 3395 vestigia
984 3314 1129 3373 veterum
1147 3309 1308 3394 legebant.
1339 3307 1488 3390 Namque

209 3411 296 3495 quod
322 3411 436 3495 primis
466 3411 580 3476 diebus
614 3435 706 3478 sacra
737 3414 799 3479 diis
830 3415 996 3481 faciebant
1028 3420 1061 3479 et
1091 3414 1193 3478 finitis
1226 3413 1354 3476 demum
1387 3414 1487 3475 sacris

209 3518 335 3582 animos
357 3518 527 3583 hominum
554 3519 639 3584 ludis
668 3520 906 3606 exhilarabant,
935 3523 997 3586 hoc
1025 3543 1064 3585 ex
1090 3517 1252 3583 institutis
1279 3521 1426 3580 veterum
1454 3521 1487 3578 et

208 3625 471 3709 concaptivorum
494 3626 644 3691 ludorum
668 3633 844 3694 traxerunt.
887 3628 1051 3693 Nimirum
1072 3627 1108 3689 in
1130 3624 1182 3689 his
1206 3644 1334 3707 quoque
1364 3622 1486 3707 pietate

207 3729 377 3796 hominum
400 3737 433 3798 et
456 3733 590 3817 antiquo
613 3757 676 3799 usu
699 3735 965 3815 sancitumerat,
995 3736 1034 3795 ut
1055 3730 1244 3815 priusquam
1268 3730 1308 3794 ad
1335 3729 1486 3793 ludorum

207 3836 409 3904 hilaritatem
437 3841 680 3925 descenderent,
711 3846 807 3906 antea
834 3841 911 3905 deos
939 3844 973 3904 et
1000 3859 1110 3903 manes
1138 3841 1341 3901 mortuorum
1368 3836 1487 3901 hostiis

208 3944 345 4031 aliisque
364 3947 531 4012 sacrificiis
550 3947 725 4031 placarent.
762 3943 1005 4031 Olympicarum
1024 3944 1153 4028 quidem
1172 3944 1326 4008 feriarum
1345 3944 1486 4028 quinque

208 4051 275 4116 dies
300 4053 461 4136 quomodo
484 4055 571 4118 inter
594 4076 687 4118 sacra
709 4053 750 4117 ad
773 4074 845 4117 aras
869 4052 1002 4116 deorum
1025 4051 1172 4116 facienda
1196 4056 1229 4114 et
1252 4051 1341 4115 varia
1369 4073 1487 4137 genera

208 4159 422 4222 certaminum
444 4158 613 4224 distributi
635 4158 759 4223 tuerint
781 4180 977 4242 quamquam
1000 4181 1067 4223 non
1090 4158 1179 4223 omni
1203 4180 1241 4222 ex
1264 4164 1357 4241 parte
1381 4157 1487 4242 explo-

207 4269 314 4328 ratum
338 4270 400 4347 est,
424 4265 486 4329 hoc
509 4270 618 4329 tamen
642 4270 784 4349 constat,
814 4287 907 4330 sacra
928 4266 1078 4332 ludorum
1107 4288 1181 4331 cum
1208 4264 1358 4329 ludorum
1386 4269 1486 4330 certa·

299 4460 325 4524 1)
344 4474 369 4509 v.
379 4455 504 4527 Xenoph.
521 4455 604 4512 anab.
619 4463 739 4526 1v8,25;
759 4459 794 4514 ef.
805 4459 913 4513 Arrian.
930 4460 1149 4527 anab.v1114,1.
1182 4460 1222 4514 De
1238 4459 1354 4515 Soteriis
1368 4456 1484 4528 Delphis

208 4526 386 4609 postdallos
405 4527 495 4582 victos
514 4529 596 4583 etde
615 4528 689 4583 ludis
708 4529 832 4584 Actiacis
854 4534 918 4600 post
941 4530 1087 4586 victoriam
1110 4531 1186 4600 apud
1209 4530 1321 4584 Actium
1344 4528 1484 4584 institutis

208 4602 430 4740 ⁰nuna2)mlltaarro
451 4672 476 4754 d.
496 4671 564 4754 ling.
584 4671 633 4728 lat.
654 4691 683 4726 vr
697 4679 739 4728 26.

298 4748 324 4811 3)
344 4761 368 4798 v.
380 4743 454 4813 Bury
464 4762 494 4797 m
503 4743 627 4799 editione
637 4744 752 4799 Pindari
762 4744 938 4814 Nemeorum,
952 4744 1155 4815 bond0n1890,
1171 4744 1325 4815 appendD
1339 4763 1366 4814 p.
1375 4750 1427 4798 ‘248
1436 4762 1485 4798 ss:

208 4812 308 4886 Origin
326 4814 358 4868 of
373 4815 421 4870 the
439 4819 521 4886 great
538 4832 644 4887 gamas.
