3406 5378
650 377 798 428 mxuma
817 377 840 427 v
860 375 931 447 [NJ.

205 537 373 621 ἐκμαθών·
398 539 490 602 οότοι
514 539 718 620 τετύφλωται
742 539 866 621 μακρὸς

204 648 331 729 μόχθος
354 644 502 727 ἀνδρῶν,
526 642 599 708 οὐδ’
625 643 744 708 ὁπόσαι
768 644 912 709 δαπάναι

206 751 350 816 ἐλπίδων
374 793 387 799 -
411 749 514 815 ἔκνισ’
540 753 627 816 ὄπιν.

206 857 305 922 αἰνέω
328 856 383 922 καὶ
407 856 549 922 Πυθέαν
572 857 609 922 ἐν
632 859 829 942 γυιοδάμαις

154 983 187 1028 ευ
214 967 387 1052 Φυλακίδᾳ
410 970 540 1047 πλαγᾶν
563 966 689 1047 δρόμον
713 964 957 1048 εὐθυπορῆσαι,

205 1070 296 1155 χερσὶ
320 1070 445 1154 δεξιὸν,
469 1074 535 1158 νόῳ
559 1070 750 1135 ἀντίπαλον.

206 1178 354 1261 λάμβανέ
373 1185 428 1242 ίοι
452 1176 632 1262 στέφανον,
657 1175 737 1261 φέρε
761 1177 790 1241 δ’
818 1178 983 1261 εὔμαλλον
1006 1181 1140 1264 μίτραν,

203 1283 258 1348 καὶ
284 1288 463 1369 πτερόεντα
486 1282 564 1349 νέον
586 1285 784 1368 σύμπεμψον
807 1284 923 1368 ὕμνον.
1396 1301 1431 1348 so

223 1501 265 1551 58.
293 1493 381 1550 ἐκπίδ.
407 1497 437 1550 D
461 1527 497 1534 —
523 1493 610 1549 ἔιινισ’
632 1493 697 1549 ὄπιν
716 1493 915 1550 Cratandrina:
942 1493 1028 1561 ἔπηξ’
1049 1494 1116 1549 ὄπιν
1134 1496 1174 1564 Β,
1201 1492 1286 1560 ἔσταζ’
1308 1493 1374 1548 ὄπιν
1392 1494 1430 1562 D,

151 1567 274 1636 ἔκνισία)
299 1565 347 1621 ὀπί
370 1565 561 1634 Aristarchus,
591 1564 721 1632 ἐξέπεσον
748 1566 820 1620 coni.
844 1566 1053 1620 Rauchenstein
1080 1598 1112 1606 -
1140 1572 1181 1621 69.
1208 1565 1239 1621 ἐν
1264 1563 1431 1636 γυιοδάμαις

152 1640 239 1708 (γηοδ.
258 1641 297 1708 D)
317 1639 385 1707 BD,
407 1632 502 1706 forts}
521 1640 679 1708 γυιοδαμᾶν
697 1670 729 1678 -
751 1644 792 1691 60.
813 1635 959 1712 Φυλακίδᾳ
978 1637 1104 1693 Schmid:
1124 1635 1268 1707 φυλακίδα
1286 1638 1323 1704 Β,
1342 1640 1429 1706 φυλα-

152 1707 235 1765 κίδαν
250 1711 280 1764 D
292 1742 327 1749 —
342 1710 537 1778 εὐθυπορῆσαι
552 1711 579 1763 Β
589 1709 631 1764 D:
652 1710 847 1778 εύθνπονῆσαι
860 1709 938 1763 Rom.
956 1741 988 1749 —
1005 1715 1046 1762 61.
1066 1707 1140 1763 νότον
1155 1711 1185 1764 D
1199 1741 1232 1749 -
1248 1714 1289 1762 63.
1309 1705 1375 1762 νέον
1390 1709 1429 1763 B:

153 1779 219 1835 νόον
238 1782 268 1834 D
285 1812 320 1821 -
339 1781 487 1850 σύμπειρον
507 1781 541 1834 B.

154 1921 246 1988 cidae3
266 1923 301 1976 cf.
320 1922 340 1976 I.
361 1942 389 1975 vr
409 1939 446 1990 τες
465 1921 591 1976 alludere
648 1927 694 1976 eta
714 1921 825 1976 videtur
843 1922 880 1975 ad
899 1921 1116 1993 originationem
1134 1922 1256 1976 nominis
1276 1919 1430 1976 Κλεονίκου

151 2027 184 2034 —
204 1999 246 2046 57.
267 1991 368 2047 ὁπόσαι
388 1993 529 2048 δαπάναι·
550 1939 661 2048 ίασὶὄότ
674 1995 707 2047 fit
720 1994 867 2048 verborum
883 1996 1032 2061 structura,
1048 1993 1071 2046 si
1085 1993 1243 2063 praedicati
1257 1993 1430 2062 τετύφλωται

154 2066 209 2118 duo
229 2063 363 2133 subiecta,
384 2062 491 2135 μόχθος
506 2066 534 2118 ct
551 2063 687 2132 δαπάναι,
707 2081 768 2118 esse
787 2064 927 2132 statueris,
940 2082 1027 2156 onam
1042 2064 1065 2118 si
1080 2064 1167 2118 verba
1182 2063 1282 2119 ὁπόσαι
1298 2109 1303 2117 .
1320 2108 1325 2118 .
1342 2063 1430 2119 ,ὄπιν

154 2153 203 2189 suo
222 2135 282 2188 talo
302 2138 377 2189 stare
395 2139 473 2189 ratus
492 2138 557 2205 post
575 2135 677 2189 ὁπόσαι
693 2133 821 2189 δαπάναι
836 2135 921 2189 verba
954 2153 1015 2202 σαν,
1031 2130 1115 2189 αὗται
1130 2135 1315 2206 suppleveris3
1336 2137 1429 2197 vertas

153 2206 255 2276 igitur:
281 2221 371 2273 neque
395 2205 457 2259 luce
480 2208 558 2258 caret
580 2205 681 2276 longus
700 2205 781 2259 labor
799 2206 921 2259 virorum
935 2157 1164 2260 iiieonicidarum
1182 2223 1272 2275 neque
1292 2206 1430 2274 quidquid

153 2278 314 2346 sumptuum
339 2293 434 2329 curam
457 2275 518 2345 spei
541 2275 691 2330 commovit
714 2278 799 2343 atque
823 2276 937 2330 vexavit
960 2309 993 2317 -
1017 2282 1059 2329 59.
1086 2272 1116 2345 ἦ,
1141 2278 1215 2358 quod
1238 2294 1288 2347 pro
1313 2276 1343 2331 ἐν
1363 2277 1429 2330 scri·

153 2347 275 2400 bendum
295 2346 435 2470 μισροεοί,
455 2345 649 2400 adseverantis
668 2348 723 2412 est,
743 2345 859 2400 laudare
878 2346 952 2400 enim
971 2347 1109 2416 Pythoum
1128 2349 1252 2410 videtur,
1271 2348 1346 2416 quod
1365 2365 1428 2417 gra-

152 2417 230 2471 vium
249 2433 316 2471 sane
335 2433 484 2487 paganum
510 2433 591 2470 cursu
617 2416 802 2485 Phylacidam
827 2416 989 2473 instituerit.
1028 2418 1156 2487 Namque
1192 2417 1342 2488 υιοθιίμαις
1360 2436 1429 2486 quo·

153 2489 244 2542 minus
270 2505 334 2541 cum
352 2489 429 2570 χερσὶ
447 2487 663 2559 coniungamus,
685 2488 761 2559 leges
786 2488 938 2542 concinnae
962 2489 1098 2543 orationis
1120 2440 1286 2578 proiibent,
1311 2489 1429 2542 undosi

152 2560 280 2614 codicum
298 2558 448 2614 lectionem
467 2558 539 2613 tueri
560 2558 638 2626 velis,
658 2560 814 2614 adnomen
834 2560 1008 2614 abstractum
1026 2561 1167 2630 γυιοδαμα
1181 2560 1226 2614 vel
1242 2561 1278 2614 ed
1298 2559 1428 2630 supplen·

151 2631 218 2685 <lum
237 2647 337 2685 nomen
357 2630 434 2694 ὁδσις
452 2630 598 2701 confugias
617 2663 651 2671 -
671 2637 712 2685 61.
732 2632 810 2701 χερσὶ
825 2674 829 2685 .
847 2676 852 2686 .
870 2675 875 2685 .
890 2629 1057 2698 ἀντίπαλον,
1081 2631 1212 2685 manibus
1236 2630 1381 2686 dexterum
1400 2634 1430 2684 et

152 2706 246 2757 mente
265 2719 354 2772 aeque
372 2702 527 2770 valentem
551 2701 637 2756 simili
661 2703 744 2757 modo
764 2702 794 2757 Ο.
814 2721 864 2755 x111
883 2719 908 2757 οι
927 2701 1000 2756 dixit
1019 2699 1115 2771 Νέμεά
1134 2700 1161 2755 τ’
1183 2703 1234 2756 utu
1253 2703 1379 2768 ἀντιξοεῖ
1394 2734 1429 2742 -

152 2781 194 2828 62.
214 2774 328 2828 chorum
346 2774 391 2828 vel
416 2773 511 2844 potius
530 2777 619 2829 semet
638 2773 729 2844 ipsum
748 2776 833 2844 poeta
852 2773 1032 2839 adhortatur,
1052 2776 1084 2826 ut
1102 2772 1240 2842 Pytheae,
1260 2772 1366 2843 optimo
1385 2773 1428 2826 in-

152 2846 277 2900 stitutori
291 2845 395 2912 fratris,
410 2861 541 2900 coronam
556 2845 645 2899 laneis
660 2844 763 2900 taeniis
778 2844 1008 2900 circumvolutam
1023 2844 1096 2898 ferat
1114 2861 1233 2913 eumque
1252 2844 1356 2913 hymno
1375 2843 1428 2899 hoo

151 2935 223 2971 noro
243 2920 330 2971 ornet.
367 2917 444 2971 Duas
463 2916 710 2986 interpretationes
728 2919 888 2987 proponunt
905 2915 1025 2971 scholia:
1052 2915 1078 2970 ot
1104 2914 1155 2985 μὲν
1180 2916 1230 2971 τὸν
1253 2913 1336 2985 λόγον
1359 2915 1429 2983 πρὸς

152 2989 202 3056 τὴν
227 2987 343 3056 Αἴγινάν
368 3006 456 3056 φασιν
482 2984 576 3042 εἶναι.
593 3030 599 3042 .
616 2987 664 3042 ,ολ
687 2986 718 3042 δὲ
736 2990 806 3056 πρὸς
824 2988 875 3056 τὴν
894 2992 1015 3042 Μοῦσαν
1040 3019 1072 3027 -
1096 2992 1138 3042 63.
1162 2984 1316 3055 πτερόεντα
1339 2984 1429 3056 ὄμνον

152 3058 282 3112 similiter
297 3058 370 3111 dixit
388 3061 472 3127 atque
490 3058 619 3112 ποτανὰν
637 3057 769 3129 μαχανάν
787 3058 821 3114 N.
837 3077 875 3113 vn
889 3075 927 3126 us;
947 3059 1083 3129 originem
1101 3058 1284 3129 metaphorae
1302 3057 1430 3112 illustrat

152 3130 183 3184 Ο.
204 3150 231 3182 rx
252 3147 276 3184 ιι
295 3128 446 3198 πτερόεντα
466 3127 493 3183 δ’
511 3128 669 3211 λειγλυιιύν
683 3126 844 3185 Πυθῶνάδ’
861 3127 954 3184 ὀιστόν
972 3161 1005 3170 -
1026 3129 1091 3184 νέον
1110 3127 1207 3199 ὄμνον,
1227 3131 1291 3200 post
1309 3129 1427 3198 hymnos

152 3201 222 3283 ,ἣν
241 3204 270 3255 et
293 3200 312 3253 I.
332 3220 360 3253 vr
379 3204 464 3254 antea
490 3200 516 3254 ei
539 3217 650 3267 mrssos3
677 3199 763 3254 simili
789 3201 818 3254 in
844 3218 872 3255 re
899 3200 971 3255 dixit
996 3200 1027 3256 Ο.
1047 3217 1110 3254 1114
1129 3198 1291 3270 νεοσίγαλον
1318 3198 1429 3269 εὑρόντι

152 3291 264 3341 τροπον.
