3406 5378
725 1202 867 1254 OATMH.
887 1200 931 1252 1n'

229 1362 671 1455 ΑΓΗΣΙΔΑΜῼ,
706 1363 947 1450 ΛΟΚΡΩι
983 1364 1435 1451 ΕΠΙΖΕΦΥΡΙΩι

693 1559 796 1610 ΠΑΙΔΙ
817 1559 966 1611 unauna.

743 1858 919 1930 strophae.

709 3565 951 3648 Argumentum.

280 3693 345 3753 Hoc
373 3713 490 3753 carmen
519 3695 551 3752 in
578 3695 703 3755 eandem
732 3698 824 3773 atquc
852 3714 971 3755 carmen
995 3693 1029 3754 0.
1048 3714 1068 3753 x
1091 3695 1249 3755 victoriam
1272 3695 1470 3772 compositum

191 3785 243 3841 est.
291 3781 403 3852 Quodsi
434 3784 627 3859 inscriptione
656 3783 741 3856 τόκος
774 3785 946 3861 appellatur
977 3775 1029 3865 (cf.
1053 3784 1142 3844 schol.
1168 3783 1201 3844 Ο.
1225 3803 1245 3842 n
1270 3778 1314 3866 1),
1347 3786 1403 3845 hoc
1435 3804 1471 3844 ex

191 3870 283 3928 dubia
308 3871 556 3949 interpretatione
587 3892 691 3933 versus
719 3871 753 3933 Ο.
779 3893 799 3932 x
826 3885 841 3932 9
868 3876 973 3932 natum
1006 3873 1059 3932 cst.
1115 3874 1193 3931 Nam
1226 3894 1284 3933 non
1318 3873 1469 3933 corollarii

192 3959 289 4017 instar
311 3965 380 4036 post
403 3960 436 4022 0.
457 3981 489 4039 x,
514 3962 564 4021 sed
588 3965 657 4022 ante
682 3961 715 4022 Ο.
736 3981 755 4020 x
778 3964 834 4021 hoc
857 3981 976 4022 carmen
999 3963 1113 4021 factum
1137 3980 1200 4021 esse
1224 3966 1361 4039 apparet,
1389 3963 1468 4022 unde

192 4049 362 4108 Boeolrhius
396 4051 529 4111 ordinem
564 4052 728 4111 carminum
762 4052 853 4111 etiarn
888 4051 991 4111 invitis
1022 4051 1172 4110 codicibus
1202 4052 1409 4110 invertendum
1439 4055 1470 4111 et

192 4137 247 4197 hoc
271 4157 388 4198 carmen
411 4141 602 4200 undecimum
626 4144 695 4201 aute
719 4141 866 4200 decimum
890 4140 1097 4200 collocandum
1124 4159 1187 4200 esee
1215 4140 1337 4200 censuit.
1383 4139 1469 4199 Diffi·

192 4227 279 4285 cilius
303 4232 349 4287 est
372 4229 410 4287 ad
433 4229 666 4309 diiudicandum,
690 4224 739 4290 cui
762 4230 828 4290 loco
851 4231 882 4289 ct
904 4229 1032 4305 tempori
1050 4230 1107 4289 hoc
1129 4247 1248 4289 carmen
1270 4233 1360 4306 poeta
1380 4230 1469 4290 desti-

192 4316 317 4377 naverit.
362 4319 464 4395 Atouc
492 4318 660 4379 Bocclrhiue
684 4319 826 4380 continuo
850 4323 918 4395 post
940 4318 1097 4378 victoriam
1120 4320 1305 4394 reportatam
1328 4319 1383 4379 hoc
1406 4338 1469 4379 car·

192 4425 260 4464 meu
278 4407 392 4465 facturn
420 4426 483 4467 esse
511 4409 632 4485 statuit,
662 4413 698 4466 ut
721 4407 879 4484 Olympiae
907 4409 939 4465 in
966 4427 1076 4484 pompa
1103 4408 1158 4467 sub
1183 4426 1339 4484 vesperum
1362 4408 1470 4469 victori

193 4494 378 4554 instituenda
397 4498 560 4556 caneretur.
592 4456 635 4556 ni
653 4498 722 4557 huic
741 4517 792 4557 sen
795 4497 906 4556 tentiae
925 4497 1102 4557 adversatur
1120 4497 1270 4573 particula
1288 4496 1365 4557 ἔνθα
1383 4518 1410 4557 v.
1427 4509 1469 4575 16,

193 4602 253 4660 qua
275 4584 381 4643 urbem
403 4585 566 4645 Locrorum
589 4586 751 4663 significari
774 4607 861 4647 nemo
884 4606 945 4647 non
968 4586 1125 4664 intellegit
1164 4586 1230 4656 Qua
1248 4587 1284 4646 de
1304 4605 1395 4646 causa
1413 4607 1469 4688 ego

193 4673 344 4749 Leopoldo
378 4673 524 4752 Schmidt
557 4675 642 4734 Pind.
660 4675 731 4737 Leb
750 4698 778 4753 p,
798 4688 831 4735 93
856 4675 1058 4751 adstipulatus
1088 4675 1144 4735 hoc
1174 4694 1293 4735 carmen
1324 4676 1469 4752 prooemii

192 4761 288 4821 uicem
302 4762 364 4821 obt
342 4762 468 4823 tinuisse
486 4721 570 4842 puito,
585 4765 665 4840 quod
683 4765 790 4825 maiori
808 4765 933 4824 carmini
951 4768 982 4824 et
969 4763 1186 4824 tfcstivitati
1178 4784 1210 4823 un
1228 4764 1328 4840 patria
1346 4765 1468 4826 victorie
