3406 5378
295 385 411 440 xxxiv
797 354 1078 442 inconsonans.

293 551 390 635 pedes
419 548 547 614 extendi
575 548 738 636 docent¹),
769 550 804 613 id
831 573 944 615 vereor
971 555 1008 614 ut
1041 573 1079 615 er
1110 551 1266 635 peculiari
1299 553 1435 636 quadam
1471 553 1577 618 indole

291 658 439 741 paeonici
459 658 604 742 rhythmi
623 656 838 742 probabiliter
854 658 1008 742 explicari
1026 657 1145 742 possit;
1166 657 1265 722 immo
1283 658 1359 722 inde
1373 659 1453 724 illud
1469 665 1577 724 ortum

291 786 361 829 esse
385 765 520 848 videtur,
544 765 630 849 quod
654 767 858 850 grammatici
882 771 915 830 et
934 766 1050 831 musici
1069 766 1102 828 in
1121 765 1214 829 libris
1234 770 1379 831 veterum
1398 768 1577 832 carminum

291 872 522 956 paeonicorum
546 876 688 956 quatuor
715 878 748 937 et
773 873 822 937 vel
846 873 988 958 quinque
1010 872 1108 957 pedes
1132 895 1197 937 uno
1226 877 1259 936 et
1283 874 1436 938 continuo
1466 875 1576 938 ordine

290 984 439 1043 exaratos
462 979 664 1044 invenerunt.
706 978 855 1063 Namque
886 979 986 1044 etiam
1015 978 1247 1063 dactylicorum
1277 983 1310 1043 et
1337 980 1577 1045 trochaicorum

165 1127 167 1130 -
290 1086 469 1150 carminum
494 1108 575 1170 quae
599 1086 634 1150 in
657 1086 823 1151 codicibus
847 1092 880 1151 et
903 1086 1035 1151 scholiis
1059 1086 1180 1150 tradita
1208 1091 1258 1150 est
1286 1086 1476 1151 colometria
1503 1110 1576 1152 cum

289 1193 481 1279 praeceptis,
504 1215 585 1277 quae
609 1194 647 1257 de
672 1193 894 1279 magnitudine
918 1194 1032 1259 ποδῶν
1054 1192 1230 1258 συνθέτων
1253 1193 1289 1258 ἐν
1308 1199 1368 1281 ἴσω
1387 1191 1442 1257 καὶ
1461 1195 1576 1260 διαλα-

290 1303 351 1389 σίω
376 1303 463 1388 λόγω
487 1305 612 1364 veteres
636 1300 812 1385 rhythmici
841 1302 987 1385 tradunt,
1020 1301 1205 1385 conspirare
1233 1301 1332 1385 solet,
1359 1302 1442 1366 unde
1471 1307 1575 1367 totam

289 1405 388 1470 istam
412 1406 595 1471 doctrinam
618 1407 878 1490 rhythmicorum
902 1430 940 1471 ex
964 1430 1024 1471 usu
1047 1412 1218 1492 poetarum
1246 1411 1279 1471 et
1302 1406 1420 1490 forma,
1449 1429 1513 1490 qua
1539 1407 1574 1471 in

288 1512 452 1578 veteribus
477 1515 715 1598 exemplaribus
735 1536 847 1578 versus
867 1536 963 1578 manu
982 1519 1153 1599 poetarum
1170 1515 1317 1600 ipsorum
1336 1514 1454 1600 digesti
1474 1519 1574 1584 erant,

287 1620 496 1703 repetendam
520 1643 590 1686 esse
614 1621 730 1685 iudico.
845 1675 849 1682 .

378 1726 432 1791 De
446 1728 625 1792 versibus
641 1750 684 1792 er
700 1728 798 1792 colis
818 1728 1048 1814 compositis
1068 1733 1105 1792 et
1120 1728 1162 1793 de
1177 1729 1214 1793 vi
1229 1751 1420 1793 caesurae.
1454 1728 1575 1794 Contra

290 1838 367 1898 sunt
390 1834 446 1898 alii
469 1857 581 1900 versus
604 1835 652 1899 ita
675 1835 878 1919 conformati,
902 1835 996 1899 utin
1020 1835 1091 1899 cola
1114 1858 1169 1899 eos
1189 1836 1377 1900 dividendos
1398 1859 1467 1901 esse
1487 1857 1576 1920 pror-

289 1963 343 2004 sus
376 1941 585 2007 manifestum
615 1942 666 2006 sit.
709 1942 814 2007 Huius
846 1942 959 2007 classis
992 1942 1136 2007 earmina
1167 1943 1356 2028 logaoedica
1389 1947 1477 2026 sunt,
1511 1965 1575 2027 quo

288 2047 419 2111 nomine
443 2052 560 2114 cuncta
583 2048 727 2113 carmina
751 2049 998 2135 comprehendo,
1022 2070 1160 2133 quorum
1184 2050 1256 2114 cola
1281 2050 1308 2113 si
1330 2050 1437 2114 minus
1457 2049 1574 2132 omnia,

288 2158 323 2218 at
346 2155 461 2220 saltem
484 2156 626 2242 plurima
649 2179 688 2221 er
712 2156 874 2221 trochaeis
898 2161 931 2222 et
955 2156 1085 2241 cyclicis
1110 2157 1247 2243 dactylis
1275 2179 1446 2221 numerose
1471 2156 1575 2220 mixta

287 2267 371 2326 sunt.
415 2261 498 2327 Sunt
521 2285 597 2328 sane
621 2264 707 2348 apud
730 2263 906 2329 Pindarum
929 2264 1028 2329 etiam
1052 2265 1086 2328 in
1110 2264 1172 2328 hoc
1200 2286 1316 2351 genere
1345 2286 1418 2329 rara
1445 2287 1483 2328 ea
1509 2285 1575 2327 car-

286 2368 383 2452 mina,
407 2391 545 2453 quorum
568 2370 672 2435 colica
695 2372 889 2457 compositio
908 2371 1003 2457 plane
1028 2377 1141 2457 aperta
1160 2372 1212 2455 sit,
1235 2377 1272 2436 ut
1290 2371 1454 2456 parthenii
1472 2370 1510 2434 fr.
1531 2371 1573 2434 95

623 2507 661 2577 ‘a
684 2514 776 2598 Πάν,
798 2512 973 2600 Ἀρκαδίας
994 2513 1104 2598 μέδων

672 2619 727 2685 καὶ
751 2635 882 2706 σεμνῶν
904 2622 1038 2686 ἀδύτων
1061 2617 1183 2704 φύλαξ,

627 2728 767 2814 Ματρὸς
788 2729 932 2812 μεγάλας
955 2725 1070 2811 haudd,
1094 2735 1219 2810 σεμνᾶν

669 2838 822 2919 Χαρίτων
845 2833 972 2920 μέλημα
994 2836 1150 2919 τερπνόν

285 2979 337 3043 cui
360 2977 572 3064 fragmentari
601 2976 738 3042 carmini
761 2977 846 3041 inter
868 2977 998 3063 integra
1021 2976 1161 3062 epinicia
1184 2975 1303 3040 similia
1327 2981 1403 3040 sunt
1421 2975 1462 3041 N.
1477 2995 1510 3040 11.
1529 2995 1573 3040 rv.

285 3084 320 3149 P.
340 3103 373 3148 11.
389 3102 460 3148 vm.
484 3084 509 3150 l.
524 3102 595 3148 vm.
620 3083 801 3151 0.1x.x1v.
840 3082 905 3148 Sed
922 3083 1047 3168 reliqua
1066 3104 1194 3167 quoque
1215 3080 1358 3148 carmina
1376 3083 1573 3168 logaoedica,

286 3190 433 3276 quamvis
457 3191 528 3256 cola
552 3191 659 3256 minus
687 3191 857 3276 perspicue
885 3190 1040 3255 distincta
1068 3189 1256 3272 exhibeant,
1286 3195 1396 3255 tamen
1423 3190 1472 3253 ita
1500 3210 1572 3253 con-

283 3296 427 3361 formata
450 3302 539 3380 sunt,
570 3303 607 3362 ut
630 3320 669 3362 ex
693 3296 773 3362 colis
797 3319 922 3380 versus,
953 3320 991 3361 ex
1016 3297 1163 3361 versibus
1188 3297 1339 3380 strophas
1364 3294 1573 3360 concinnatas

283 3425 353 3468 esse
376 3404 472 3488 plane
496 3404 626 3469 sentias.
669 3404 758 3468 Haec
782 3403 885 3490 igitur
909 3404 1061 3488 carmina,
1085 3426 1167 3488 quae
1186 3402 1267 3487 μέλη
1290 3403 1308 3466 i.
1330 3423 1357 3465 e.
1375 3399 1519 3465 carmina
1538 3400 1571 3461 in

284 3513 429 3575 membra
453 3510 559 3597 (μέλη,
583 3509 687 3597 κῶλα)
711 3510 882 3575 dividenda
906 3512 1037 3596 proprie
1057 3506 1250 3595 dicuntur2),
1274 3508 1322 3571 ita
1340 3506 1515 3593 digerenda
1539 3512 1572 3569 et

283 3616 318 3680 in
342 3617 414 3682 cola
436 3617 607 3683 dividenda
630 3617 740 3682 curavi
762 3618 880 3702 omnia,
903 3623 1025 3683 utnon
1045 3617 1151 3681 solum
1170 3615 1205 3679 in
1224 3615 1398 3679 schematis
1419 3614 1571 3696 metricis,

284 3724 340 3788 sed
369 3724 468 3788 etiam
495 3724 531 3788 in
558 3728 649 3789 textu
683 3725 755 3809 ipso
789 3724 934 3790 colorum
967 3723 1177 3810 compositio,
1209 3722 1316 3807 quoad
1349 3721 1421 3785 fieri
1452 3727 1574 3806 posset,

283 3835 464 3916 appareret.

372 3937 443 4013 Qua
465 3937 501 4001 in
523 3938 692 4023 provincia
715 3938 972 4002 administranda
994 3937 1136 4023 primum
1162 3936 1225 4001 hoc
1247 3937 1329 4001 mihi
1353 3937 1572 4022 quaerendum
1685 3976 1690 3983 -

282 4045 359 4128 fuit,
392 4067 456 4129 quo
484 4045 557 4109 loco
590 4044 772 4108 membrum
805 4045 954 4128 quodque
984 4044 1134 4108 finiretur
1161 4049 1194 4108 et
1222 4043 1341 4128 quibus
1370 4044 1473 4130 signis
1496 4043 1572 4107 ida

282 4156 381 4237 poeta
416 4151 596 4215 indicatum
629 4172 699 4215 esse
733 4150 904 4214 videretur.
953 4149 1062 4234 Atque
1095 4149 1352 4215 luculentissime
1390 4150 1485 4214 nohis
1524 4151 1576 4212 via

282 4280 393 4322 versus
418 4258 453 4321 in
476 4257 548 4322 cola
571 4256 791 4321 dividentibus
821 4257 1044 4322 demonstrata
1072 4263 1136 4341 est,
1166 4258 1222 4321 ubi
1250 4257 1449 4342 procatalexi
1476 4262 1574 4341 poeta

281 4365 379 4428 finem
397 4364 515 4448 prioris
536 4362 598 4427 coli
617 4363 764 4427 definivit
782 4369 816 4428 et
835 4364 863 4428 si
882 4364 990 4428 minus
1010 4365 1161 4429 omnihus
1180 4365 1214 4428 in
1235 4364 1390 4449 strophis,
1409 4368 1570 4427 attamen

278 4470 314 4535 in
336 4470 498 4557 plerisque
523 4493 655 4535 caesura
678 4470 843 4555 indicavit,
868 4470 957 4536 velut

370 4704 396 4769 1)
415 4717 440 4754 v.
460 4698 576 4754 Aristid
597 4699 632 4753 de
650 4717 720 4755 mus.
740 4700 801 4754 las
821 4703 850 4755 et
868 4700 993 4754 Psellum
1014 4706 1059 4768 123
1079 4701 1175 4755 confer
1194 4718 1279 4772 supra
1297 4720 1324 4772 p.
1339 4700 1450 4754 XXVII.

370 4775 396 4842 λ)
415 4771 487 4826 Huic
507 4771 693 4843 etymologiae
713 4771 791 4826 vocis
815 4771 919 4826 alludit
939 4772 1073 4827 Horatius
1093 4772 1272 4844 c.115,15:
1298 4780 1431 4844 pratoque
1459 4773 1571 4840 ferinis

279 4845 375 4903 tabelli
392 4845 500 4902 τέλματα
518 4846 645 4901 carmina
663 4845 775 4902 αἰνέσω.
