3406 5378
302 325 368 391 436
862 329 1011 382 Pinnem

391 605 479 665 Philo
499 604 534 664 de
553 604 638 663 oarit.
615 606 706 664 tei·
728 603 826 665 ἔπειτα
849 597 880 665 δ’
901 603 945 665 ότι
972 602 1162 714 φρονήματος
1185 603 1338 677 ὑπόπλεως
1365 601 1475 707 ἀλόγου
1498 604 1580 686 γενό-

305 716 393 773 μενος
421 703 480 766 πᾶς
510 691 623 765 ἀλαζὼν
654 690 721 754 οὔτε
750 691 846 774 άνδρα
875 690 943 755 οὑτε
969 689 1098 773 ἡμίθεον
1121 697 1231 772 μᾶλλον
1253 691 1274 772 i)
1297 686 1344 776 (δὲ
1367 695 1442 754 coni.
1466 688 1582 776 Bergk)

306 784 434 863 δαίμονα
459 781 533 844 κατὰ
563 782 614 844 τὸν
638 783 793 865 Πίνδαρον
822 783 1024 864 ὑπολαμβάνει
1053 780 1174 860 ἑαυτόν,
1205 780 1280 864 ὑπὲρ
1310 783 1379 855 τοὺς
1409 782 1499 864 όρους
1529 793 1582 862 της

302 869 498 953 ἀνθρωπίνης
521 873 639 949 φάσεως
663 870 754 946 ἀξιῶν
776 873 900 953 βαίνειν.

906 1055 978 1112 281.

395 1156 496 1238 [Philo
520 1159 555 1218 de
579 1159 819 1236 prorid.11113:
842 1179 895 1236 pro
918 1160 1030 1220 honore
1052 1159 1155 1238 igliur,
1177 1162 1215 1217 ut
1236 1158 1312 1218 dixit
1334 1157 1405 1218 olim
1424 1158 1583 1236 Pindarus,

303 1250 457 1310 silentium
479 1249 679 1309 laetabundus
702 1243 887 1328 suscipiam]

845 1429 908 1489 esa
933 1421 1036 1506 [11o].

393 1534 490 1595 Sohol.
504 1536 589 1595 Aret
605 1545 671 1595 282:
691 1531 832 1613 ὑδροχόος
852 1529 883 1592 δὲ
902 1525 990 1606 οὑτος
1009 1532 1095 1594 δοκεῖ
1108 1536 1271 1612 κεκλῆσθαι
1288 1530 1346 1593 άπὸ
1364 1541 1416 1612 τῆς
1434 1533 1581 1614 πράξεως·

303 1622 377 1704 ἔχων
400 1622 455 1706 γάρ
478 1621 599 1702 ἕστηκεν
622 1623 761 1703 οἰνοχόην
783 1621 834 1683 καί
856 1619 974 1703 ἔκχυσιν
996 1621 1108 1701 πολλήν
1130 1628 1256 1684 ποιεῖται
1279 1621 1391 1704 ὑγροῦ,
1413 1621 1478 1701 ήτις
1502 1622 1580 1683 είκά-

302 1714 378 1785 ζεται
400 1719 440 1797 τῳ
464 1711 581 1794 νέκταρι
603 1722 656 1775 τοῦ
679 1711 888 1792 Γανυμήδους.
923 1711 974 1773 τόν
996 1711 1182 1791 Γανυμήδην
1208 1711 1264 1794 γάρ
1292 1710 1382 1773 αὑτὸν
1411 1709 1527 1790 ἔφασαν
1552 1716 1581 1773 oi

301 1801 367 1884 περὶ
395 1802 550 1884 Πίνδαρον
580 1800 879 1882 ἕκατοντόργυιον
906 1795 1182 1883 (ἑκατοντορόγυιον
1211 1803 1286 1863 coni.
1310 1794 1425 1881 Bergk)
1453 1799 1581 1882 άυδρι-

301 1893 403 1968 άντα,
427 1886 481 1970 ἀφ’
507 1885 544 1954 οὑ
566 1899 620 1970 τῆς
642 1891 784 1969 κινήσεως
807 1899 866 1952 τῶν
884 1890 987 1952 ποδῶν
1006 1889 1057 1952 τὸν
1076 1892 1188 1952 Νεῖλον
1205 1895 1401 1972 πλημμυρεῖν.
1438 1891 1579 1951 Philostr.

303 1983 355 2042 vit.
379 1983 479 2059 Apoll.
504 1982 597 2058 Tyan.
621 1993 723 2042 v126:
750 1979 806 2058 τὴν
834 1977 865 2041 δὲ
892 1979 992 2062 πρόσω
1020 1976 1092 2042 δδδν
1120 1979 1176 2058 τὴν
1199 1977 1246 2041 ἐπί
1268 1978 1321 2052 τὰς
1342 1978 1460 2056 πρότας
1482 1979 1581 2062 πηγὰς

302 2063 444 2154 (Νείλου)
463 2068 595 2152 άγουσαν
614 2067 730 2151 άπορον
743 2067 797 2148 μὲν
816 2067 916 2130 ἐλθεῖν
933 2088 1036 2149 φασιν,
1055 2067 1170 2150 δίπορον
1189 2066 1221 2130 δὲ
1238 2067 1467 2149 ἐνθυμηθῆναι·
1487 2068 1580 2130 πολλὰ

301 2159 357 2241 γὰρ
375 2159 426 2221 καί
444 2158 511 2241 περλ
529 2160 681 2239 δαιμόνων
700 2155 835 2244 ᾅδουσιν,
854 2153 903 2221 οἷα
920 2158 970 2220 καί
984 2159 1127 2244 Πινδάρῳ
1145 2157 1219 2219 κατὰ
1237 2159 1348 2238 σοφίαν
1366 2158 1497 2238 ὑμνηται
1514 2156 1580 2240 περὶ

303 2259 356 2311 τοῦ
376 2250 529 2329 δαίμονος,
547 2245 584 2310 δν
602 2256 666 2322 ταῖς
683 2254 793 2331 πηγαῖς
812 2248 928 2320 ταὺταις
946 2246 1101 2327 ἐφίστησιν
1115 2245 1189 2329 ὑπὲρ
1203 2248 1380 2330 συμμετρίας
1394 2257 1448 2309 τοῦ
1458 2249 1578 2310 Νείλου.

303 2339 386 2400 Gonf.
410 2340 550 2401 Philostr.
574 2340 668 2419 Imag.
692 2359 704 2397 1
727 2351 759 2418 o,
788 2341 819 2399 et
841 2339 1002 2415 Porphyrii
1023 2339 1135 2399 librum
1157 2336 1223 2416 περὶ
1245 2346 1304 2398 τῶν
1326 2336 1400 2398 κατὰ
1423 2337 1580 2418 Πίνδαρον

301 2438 354 2489 τοῦ
379 2429 489 2490 Νείλου
511 2437 624 2509 πηγῶν.
670 2429 852 2505 interpretes
879 2428 1002 2487 Pindari
1031 2420 1078 2510 (οἱ
1101 2425 1167 2508 περί
1194 2420 1364 2509 Πίνδαρον)
1392 2425 1580 2508 ἑκατοντορό-

301 2540 388 2598 γυιον
411 2515 587 2598 ἀνδριάντα,
615 2538 704 2595 quem
730 2518 879 2577 Pindarus
902 2518 1036 2577 fontibus
1064 2517 1128 2576 Nili
1155 2517 1273 2576 adstare
1301 2518 1330 2575 in
1360 2517 1471 2593 hymno
1499 2517 1579 2578 Iovis

298 2607 455 2667 Ammonis
478 2599 528 2690 (fr.
552 2600 602 2690 36)
625 2608 754 2686 dixerat,
778 2607 982 2683 Ganymedem
1004 2606 1195 2684 interpretati
1219 2624 1281 2666 esse
1304 2606 1452 2666 videntur.

841 2788 903 2846 283
930 2779 1033 2864 [111].

393 2895 520 2954 Photius
543 2894 647 2953 Leno
650 2893 791 2952 tSuidas
812 2912 839 2953 v.
861 2887 957 2973 Ἥρας
980 2891 1107 2971 δεσμοὺς
1128 2891 1188 2952 ὑπὸ
1211 2889 1292 2964 υἱέος
1311 2885 1403 2973 (Plat.
1423 2892 1459 2951 de
1477 2912 1539 2968 rep.
1557 2912 1580 2950 11

302 3004 330 3061 p
356 2994 408 3044 378
431 2977 481 3066 Β).
527 2981 606 3063 παρά
631 2981 774 3066 Πινδάρῳ
793 2977 872 3060 Ἥρα
904 2979 963 3041 ὑπὸ
992 2976 1087 3060 Ηφα
1085 2998 1156 3042 στου
1189 2981 1357 3059 δεσμεὺεται
1387 2978 1420 3041 ἕν
1451 2986 1492 3066 τῷ
1524 2976 1577 3040 ὑπ’

302 3071 396 3134 αὑτοῦ
419 3067 687 3133 κατασκευασθίυτι
709 3070 826 3154 θρόνῳ
850 3069 966 3144 ότινες
988 3067 1186 3151 ἀγνοήσαντες
1208 3071 1376 3152 γράφουσιν
1400 3065 1470 3130 ὑπὸ
1484 3066 1578 3143 Διός’.

299 3163 352 3223 καί
374 3178 448 3238 φασι
471 3161 599 3240 δεθῆναι
621 3157 716 3238 αὑτήν
743 3157 996 3239 ἐπιβουλεύουσαν
1019 3155 1163 3242 Ἡρακλεῖ.
1210 3159 1380 3238 Κλήμεντος
1405 3155 1426 3236 ἡ
1455 3157 1578 3238 ίστορία,

300 3250 350 3312 καί
370 3249 450 3331 παρὰ
466 3244 634 3335 Ἐπιχάρμῳ
649 3247 682 3310 ἐν
695 3252 871 3328 Κωμασταις
886 3246 906 3328 ή
915 3244 1075 3335 Ἡφαίστῳ.
1102 3250 1271 3309 Boeekhius
1285 3248 1408 3309 Pindari
1421 3249 1578 3309 historiam

301 3341 339 3401 ad
362 3341 494 3418 primum
516 3340 662 3417 hymnum
684 3339 816 3415 rettulit,
843 3340 971 3398 fortasse
999 3359 1065 3399 eam
1091 3339 1199 3416 respici
1223 3338 1260 3397 ab
1283 3338 1415 3399 Aristide
1438 3350 1507 3398 149
1531 3358 1579 3399 ex·

299 3431 386 3507 ponit
408 3429 623 3508 Wilamowitz,
646 3429 841 3507 Hephaistos,
864 3429 972 3489 Naohr.
997 3429 1023 3487 d.
1048 3428 1129 3488 Goon
1153 3428 1219 3489 Ges.
1245 3431 1329 3490 1895
1353 3448 1381 3504 p.
1405 3439 1466 3487 218.

840 3610 904 3668 τοι
929 3602 1031 3687 [14η.

391 3716 487 3776 Schol.
513 3716 551 3774 ad
574 3715 661 3775 Hom.
681 3715 715 3773 Π.
734 3710 842 3779 Ξ319;
866 3713 941 3791 αὑτη
966 3709 997 3773 δὲ
1021 3705 1166 3795 (Δανάη),
1190 3712 1231 3784 δός
1253 3729 1328 3791 φησι
1351 3713 1504 3792 Πίνδαρος
1527 3712 1576 3774 καὶ

300 3802 382 3866 άλλοι
405 3803 493 3883 τινός,
510 3803 632 3883 ἐφθάρη
655 3802 715 3864 ὑπὸ
737 3813 790 3864 τοῦ
814 3800 1021 3883 πατραδέλφου
1039 3801 1130 3881 αὐτῆς
1150 3802 1294 3881 Προίτου,
1312 3800 1386 3862 όθεν
1404 3801 1508 3874 αὑτοῖς
1526 3801 1577 3864 καί

299 3895 398 3967 στάσις
421 3892 558 3973 ἐκινήθη.
593 3894 759 3972 Vulgarem
777 3894 813 3954 de
832 3894 902 3954 Iove
925 3912 978 3969 per
1000 3893 1136 3969 pluviam
1159 3912 1282 3953 auream
1300 3892 1438 3952 Danaam
1460 3893 1576 3953 visente

298 3984 434 4045 fabulam
456 3984 594 4061 sequitur
617 3983 766 4042 Pindarus
789 3982 821 4041 P.
845 4001 889 4040 nn
914 3993 954 4041 17.
1001 3982 1037 4041 N.
1061 4002 1080 4041 x
1107 3996 1146 4042 11.

902 4164 974 4221 285.

386 4269 525 4346 Fulgent
550 4268 675 4344 Mythol.
699 4285 710 4324 1
735 4279 782 4325 12:
805 4267 836 4324 in
863 4266 953 4324 huius
981 4259 1158 4346 (Apollinis)
1186 4267 1277 4326 etiam
1301 4266 1429 4325 tutelam
1452 4286 1575 4328 corvum

299 4362 417 4435 ponunt
443 4404 448 4415 .
474 4407 480 4418 .
505 4406 511 4417 .
535 4357 597 4416 sive
631 4356 711 4433 quod
735 4404 741 4415 .
766 4402 772 4413 .
797 4402 803 4412 .
828 4401 834 4412 .
858 4355 1021 4415 secundum
1053 4355 1217 4415 Pindarum
1248 4357 1330 4416 solus
1362 4356 1441 4415 inter
1473 4376 1575 4417 omnes

298 4466 368 4507 aves
396 4447 552 4525 sexaginte
581 4449 712 4522 quatuor
735 4443 967 4523 significationes
990 4444 1081 4503 habet
1103 4464 1217 4503 vocum.
1264 4444 1345 4504 Haeo
1368 4465 1403 4504 ex
1427 4464 1574 4506 commen·

296 4536 382 4596 tariis
406 4537 444 4596 ad
466 4536 498 4595 P.
522 4554 557 4594 m
581 4546 614 4594 τε
638 4535 733 4612 μελίαι
756 4553 819 4594 esse
842 4533 991 4593 videntur.

367 4724 411 4777 Fr.
432 4729 491 4778 281.
529 4722 763 4777 Wilamowitzius
786 4723 845 4776 Ind.
866 4722 929 4776 leot.
949 4722 1024 4776 Gott.
1047 4726 1114 4776 1889
1140 4741 1166 4792 p.
1187 4738 1213 4775 aa
1236 4721 1288 4775 hoo
1312 4720 1488 4779 referendum
1512 4741 1574 4781 ease

296 4796 394 4850 docuit
412 4795 449 4850 ad
469 4794 620 4851 Simonidis
641 4795 672 4849 fr.
689 4812 724 4865 ee,
742 4813 799 4849 non
817 4794 942 4864 Pindari,
962 4802 1058 4865 σιγᾶς
1076 4790 1264 4848 ἀκίνδυνον
1282 4791 1391 4865 γέρας.
