3406 5378
686 383 845 433 OLYMPIA
864 384 910 433 1x.

316 548 475 611 αἰπειναί·
500 554 598 610 τοῦτο
622 542 659 609 δὲ
682 543 883 630 προσφέρων
906 546 1046 629 idatios,

316 655 438 738 ὄρθιον
461 654 589 738 ὄρυσαι
612 650 782 741 θαρσέων,

221 777 272 825 110
318 759 409 825 τόνδ’
437 758 539 844 ἀνέρα
563 761 719 847 δαιμονίᾳ
742 759 883 843 γεγάμεν

318 869 466 953 εόχειρα,
490 865 691 950 δεξιόγυιον,
715 864 833 952 δρῶντ’
860 865 980 948 άλκάν,

318 969 406 1039 Αἶαν
429 976 504 1039 τεόν
527 971 556 1036 τ’
585 973 621 1038 ἐν
644 971 733 1038 δαιτὶ
755 973 890 1038 ίιλιάδα

371 1092 475 1146 νικῶν
498 1079 744 1164 ἐπεστεφάνωσε
767 1083 889 1164 βωμόν.

232 1280 290 1330 108.
309 1282 410 1329 τοῦτον
432 1274 503 1329 O-
524 1279 583 1328 109.
603 1273 709 1341 ὤρυσαι
727 1272 838 1339 B'OD,
864 1273 986 1341 ὤρουσαι
1005 1273 1032 1327 Β
1051 1272 1100 1325 sed
1119 1270 1270 1326 videturne
1289 1287 1324 1325 ex
1342 1291 1361 1324 α
1380 1270 1437 1325 fae-

159 1352 221 1402 tum
240 1364 309 1415 esee,
328 1346 445 1413 ὄρουσαι
460 1347 501 1411 A3
522 1343 600 1412 ὄρθι’
621 1348 708 1399 ἀῦσαι
726 1344 838 1411 auara
858 1344 929 1399 coni.
944 1343 1133 1398 Wilamowitz
1154 1375 1186 1383 -
1207 1348 1266 1396 112.
1286 1338 1356 1396 Αίαν
1374 1339 1439 1396 ιεόν

158 1439 187 1474 τε
212 1419 282 1474 coni.
306 1418 495 1472 Hermannus:
519 1415 666 1471 Αἰάντειόν
687 1414 714 1470 τ’
740 1415 770 1470 ἐν
793 1415 886 1485 codd,
911 1413 1033 1487 Αίαντὲῳ
1054 1413 1083 1469 ’ν
1106 1413 1136 1478 ὃς
1158 1415 1188 1468 in
1207 1413 1353 1485 prosodosi
1372 1430 1437 1467 eon-

159 1491 279 1545 ieeeram
304 1521 337 1529 -
358 1487 465 1543 Ἰλιάδα
483 1488 552 1543 130¹
575 1491 604 1543 et
627 1487 724 1542 schol:
754 1486 873 1541 Οίλιάδα
893 1487 963 1555 ΑΙ),
987 1485 1114 1541 ίολιάδου
1133 1484 1179 1541 vel
1198 1483 1326 1540 διλιάδου
1347 1485 1390 1554 0⁸,
1410 1483 1439 1547 ὃς

156 1561 264 1616 Ἰλιάδα
283 1560 354 1616 coni.
369 1559 489 1615 Boeokh.

160 1703 211 1774 plo
230 1700 370 1758 αἰπειναί·
394 1701 519 1773 perlecta
538 1701 681 1771 sapientia
698 1700 834 1770 cuiusque
852 1701 962 1773 generis
982 1701 1012 1754 in
1034 1701 1093 1755 alto
1116 1700 1210 1771 posita
1229 1704 1284 1770 eet,
1309 1704 1341 1755 ut
1363 1700 1438 1754 diffi-

161 1775 214 1828 cile
234 1774 272 1828 sit
290 1774 327 1828 ad
347 1773 492 1844 fastigium
511 1773 571 1827 eius
590 1773 752 1839 ascendere;
772 1773 807 1827 of.
822 1773 843 1827 l.
858 1792 876 1826 v
889 1788 915 1827 ιο
930 1770 1093 1843 τετείχισται
1110 1772 1216 1843 πύργος
1234 1773 1357 1840 ὑψηλαῖς
1374 1773 1438 1840 ἁρε-

160 1855 221 1909 ταῐς
239 1846 407 1917 ἀναβαίνειν
431 1877 464 1884 -
490 1851 548 1899 108.
572 1853 696 1900 τοῦτο..
714 1840 838 1899 ,ἆθλον
865 1845 896 1898 τὸ
916 1844 973 1898 άπὸ
991 1853 1040 1913 τῆς
1058 1842 1160 1913 σοφίας
1179 1842 1333 1898 scholiasta
1352 1843 1439 1897 inter-

160 1920 301 1987 pretatur:
320 1915 448 1985 poeticae
463 1933 494 1969 sa
514 1916 619 1970 ientiae
634 1916 841 1971 contentionem
858 1915 1033 1969 contentioni
1047 1913 1149 1969 virium
1162 1915 1193 1968 in
1207 1913 1360 1968 certamine
1379 1914 1439 1968 luc-

160 1988 278 2043 tationis
297 1988 433 2057 probatae
453 1935 559 2041 adiens
578 1986 725 2068 praeconis
744 1987 833 2041 instar
855 1986 1000 2056 proclama
1025 2019 1060 2026 —
1084 1992 1143 2040 112.
1170 1985 1322 2040 Hermanni
1347 2002 1439 2040 ernen-

162 2059 305 2114 dationem
319 2058 510 2128 recipiendam
524 2059 604 2127 (λαως
624 2075 777 2128 pronomen
790 2057 865 2112 enim
878 2058 1029 2112 relativum
1048 2057 1086 2126 ὄς,
1106 2057 1182 2125 quod
1196 2060 1281 2111 antea
1296 2057 1440 2111 Schmidio

162 2132 231 2185 duce
250 2131 434 2198 inserueram,
458 2129 627 2185 scholiastae
647 2130 815 2183 auctoritate
836 2146 935 2198 parum
957 2128 1117 2184 defenditur
1135 2131 1165 2183 et
1183 2128 1292 2196 aliquid
1310 2128 1439 2197 languidi

160 2202 259 2270 habet;
285 2218 456 2270 quamquam
483 2201 623 2255 sententia
648 2202 747 2255 eadem
774 2204 880 2269 manet,
906 2200 966 2254 sive
992 2216 1143 2271 pronomen
1164 2197 1194 2261 ὃς
1213 2199 1355 2253 addideris
1381 2199 1439 2253 sive

161 2292 217 2328 non
236 2272 388 2328 addideris.
425 2273 596 2343 Interpretor
615 2276 710 2327 autem
728 2273 816 2327 verba
834 2273 985 2326 emendata
1004 2289 1066 2325 curn
1086 2270 1194 2339 Heynio
1214 2271 1249 2324 de
1268 2270 1439 2325 solemnibus

162 2345 256 2414 saeris,
276 2361 349 2413 quae
368 2343 459 2398 victor
477 2347 585 2414 (νικῶν)
603 2345 699 2411 redux,
719 2361 782 2398 eum
801 2359 932 2397 eoronam
950 2343 979 2395 in
1000 2360 1050 2396 ara
1068 2341 1163 2396 Aiacis
1183 2342 1342 2411 deponeret,
1362 2341 1438 2407 feeit,

161 2434 217 2472 non
236 2417 271 2471 de
289 2415 408 2470 victoria
427 2415 464 2469 ab
482 2415 669 2485 Epharmosto
683 2415 713 2468 in
726 2414 859 2469 Aeanteis
878 2413 952 2467 ludis
972 2415 1122 2484 reportata.
1146 2414 1275 2467 Aeantea
1289 2412 1363 2466 enim
1383 2413 1439 2466 ista

162 2506 180 2541 a
194 2487 353 2543 scholiastis
373 2504 407 2541 ex
425 2486 478 2541 hoc
496 2486 559 2542 loco
577 2486 639 2557 ipso
657 2487 724 2541 fieta
742 2502 802 2540 esse
817 2485 948 2540 videntur
966 2502 1055 2553 neque
1071 2485 1225 2553 quidquam
1244 2483 1308 2538 fidei
1327 2483 1439 2538 nancis-

162 2563 263 2613 cuntur
281 2576 315 2612 ex
332 2558 425 2612 titulis
440 2557 507 2612 clo.
524 2575 562 2612 ros
577 2563 606 2612 et
620 2574 680 2628 ιλιι,
699 2560 796 2627 utpote
816 2556 865 2625 qui
882 2556 918 2611 ad
933 2554 1064 2611 Αίάντεια
1084 2555 1240 2611 Salaminia
1257 2555 1287 2608 in
1306 2556 1438 2609 honorem

162 2630 257 2685 Aiacis
269 2629 428 2684 Telamonii
441 2631 506 2683 acta
520 2629 658 2684 referendi
673 2629 737 2684 sint.
765 2627 845 2682 Nihil
859 2645 924 2682 vero
939 2628 1041 2683 causae
1055 2627 1118 2696 luit,
1133 2636 1186 2681 'our
1205 2627 1277 2681 hanc
1291 2626 1439 2680 sictonam

159 2704 246 2793 poeta
269 2700 293 2755 si
333 2699 449 2755 ulariter
471 2699 604 2755 hocloco
623 2700 765 2769 laudaret,
788 2717 845 2754 non
863 2717 948 2768 supra
967 2717 1024 2753 una
1042 2716 1106 2751 cum
1124 2697 1240 2765 reliquis
1260 2696 1385 2752 victoriis
1404 2729 1438 2737 -

166 2772 266 2828 Ιλιάδα
285 2790 319 2827 ve
348 2772 442 2841 potius
455 2771 575 2827 ίιλιάδα
594 2773 688 2843 prisca
706 2772 797 2826 forma
811 2771 932 2826 nominis
947 2773 1016 2840 erat,
1030 2768 1164 2841 analogia
1178 2768 1321 2822 nominum
1338 2766 1440 2832 Ἰολιιός

163 2846 191 2899 et
208 2842 283 2906 Ἰλας
306 2842 447 2912 stabilita;
471 2844 618 2913 genetivus
642 2846 736 2898 autem
758 2842 916 2913 pronomini
938 2841 1096 2912 possessivo
1120 2841 1269 2894 adiunctus
1292 2842 1336 2894 est
1359 2839 1439 2893 utin

163 2914 317 2971 Homericis
338 2912 479 2986 Νεστορέῃ
498 2915 576 2983 παρὰ
596 2914 646 2983 νηῒ
656 2913 839 2984 Πυλοιγενέος
855 2916 935 2987 βασιλ
956 2933 986 2977 ος
1003 2917 1036 2985 (Β
1051 2916 1096 2983 οι),
1116 2909 1233 2982 Γοργείη
1253 2911 1361 2980 κεφαλὴ
1382 2913 1438 2965 διι-

163 2996 224 3042 νοῑο
242 2987 367 3055 πελώρου
386 2989 422 3055 (Ε
437 2989 495 3054 ιιι),
514 2985 568 3040 nisi
585 2985 692 3040 Ἰλιάδα
711 3002 799 3054 aeque
814 2989 935 3055 atqueA
968 3007 984 3040 ν
998 3001 1048 3068 pro
1062 2984 1193 3040 vocativo
1208 2983 1335 3065 accipere
1348 2982 1439 3037 mavis

163 3091 199 3183 E
217 3057 438 3127 ἐπεστεφάνωσε·
465 3074 667 3112 οταεοοιοοιιο
687 3057 816 3127 lapideae
836 3074 966 3111 coronam
985 3055 1161 3112 victorialem
1180 3072 1214 3108 ex
1233 3054 1308 3109 foliis
1327 3054 1440 3124 plexam

163 3148 180 3185 a
201 3130 275 3185 iecit.
