3406 5378
520 386 556 442 ΙΙ.
585 386 635 440 Da
651 388 747 441 ARTE
764 390 923 443 murales
941 389 1097 444 emnam.
1365 381 1452 444 XLIX

172 572 242 617 esse
270 555 404 616 statuas.
449 551 558 635 Atque
580 550 662 617 haec
686 552 848 617 sententia
871 574 1067 639 magnopere
1090 552 1216 638 placuit
1239 553 1454 639 Westphalio,

172 658 227 742 qui
251 659 374 724 multus
391 659 455 723 fuit
473 659 507 723 in
526 659 689 744 rhythmis
707 659 910 745 longioribus
931 661 971 725 ad
989 661 1160 744 primarias
1179 662 1323 726 rationes
1342 660 1455 746 rhyth-

172 765 273 831 micas
305 766 502 831 revocandis.
560 766 674 852 Neque
707 789 768 853 ego
800 767 1013 852 intercedam,
1045 768 1073 832 si
1107 768 1180 853 quis
1212 769 1292 834 haec
1321 768 1455 832 subtilia

173 871 359 938 discrimina
386 872 509 939 ictuum
537 873 637 937 etiam
661 873 836 958 deperditis
861 874 993 939 musicis
1018 876 1123 940 modis
1145 876 1455 960 percussionumque

173 979 276 1065 signis
304 981 436 1044 auribus
463 980 627 1065 percipere
655 981 785 1065 poterit.
833 979 895 1046 Sed
926 987 963 1046 ut
987 982 1073 1065 quod
1096 983 1235 1047 sentiam
1259 983 1359 1047 libere
1383 1005 1455 1066 pro·

172 1086 279 1170 fitear,
307 1109 436 1152 omnem
462 1088 560 1152 istam
588 1087 769 1152 doctrinam
798 1088 1058 1172 rhythmicorum
1086 1089 1190 1175 magis
1215 1090 1380 1154 subtiliter
1402 1111 1454 1154 ex-

173 1194 350 1280 cogitatam
374 1200 471 1279 atque
493 1195 528 1259 in
550 1199 692 1279 systema
710 1195 874 1260 redactam
893 1218 989 1279 quam
1008 1219 1047 1260 ex
1066 1218 1127 1260 usu
1149 1196 1347 1261 musicorum
1366 1218 1454 1281 repe-

173 1300 268 1365 titam
301 1323 370 1366 esse
401 1307 490 1385 puto.
537 1301 670 1366 Etenim
702 1324 776 1366 cum
807 1302 873 1367 iam
906 1302 1098 1386 tetrapodici
1130 1303 1194 1368 coli
1221 1308 1296 1367 utra
1322 1303 1453 1388 dipodia

173 1408 320 1492 graviore
342 1408 410 1473 ictu
432 1407 642 1492 percutienda
665 1409 709 1472 sit
730 1430 845 1493 parum
869 1414 1012 1494 constet,
1035 1409 1113 1493 quin
1137 1410 1235 1475 etiam
1257 1409 1378 1474 fuerint
1397 1409 1453 1493 qui

172 1514 375 1600 dipodiarum
392 1514 552 1580 iambicae
571 1521 604 1580 et
622 1515 747 1580 ionicae
767 1517 903 1580 alteram
921 1516 1054 1601 longam
1072 1515 1182 1601 potius
1200 1537 1297 1600 quam
1310 1517 1452 1601 priorem

172 1622 239 1686 ictu
272 1628 477 1707 percuterent
489 1620 529 1707 ¹),
565 1644 629 1707 quo
663 1622 794 1687 tandem
825 1622 946 1687 indicio
978 1623 1012 1685 in
1046 1623 1173 1688 senario
1206 1624 1278 1689 colo
1310 1623 1452 1689 iambico

173 1728 348 1794 diiudicare
367 1729 515 1813 audebis,
533 1729 698 1813 primaene
716 1729 865 1814 dipodiae
885 1751 927 1792 an
946 1731 1104 1794 secundae
1123 1752 1166 1793 an
1184 1728 1321 1814 denique
1335 1729 1452 1794 tertiae

172 1835 257 1901 ictus
280 1836 395 1901 ceteris
418 1835 656 1920 praevaluerit?
693 1835 764 1911 Qua
786 1836 825 1900 de
849 1858 947 1901 causa
970 1836 1118 1919 equidem
1136 1836 1170 1899 in
1189 1859 1228 1901 eo
1247 1836 1451 1920 acquiescere

173 1942 272 2027 malo,
295 1947 333 2006 ut
356 1941 476 2025 duplici
499 1942 565 2006 ista
582 1942 751 2007 notatione
771 1941 879 2026 plures
898 1942 1045 2027 dipodias
1064 1942 1098 2006 in
1117 1965 1217 2007 unum
1237 1944 1344 2008 colum
1363 1966 1452 2008 com-

171 2049 413 2134 prehendendas
433 2070 502 2113 esse
523 2048 716 2134 significem,
738 2050 819 2113 fines
839 2054 947 2113 autem
967 2049 1187 2114 membrorum
1205 2072 1272 2116 non
1291 2056 1357 2114 tam
1377 2051 1453 2115 arti-

172 2155 285 2221 ficiosa
309 2156 376 2220 ista
402 2155 611 2220 distinctione
638 2156 763 2220 ictuum
792 2178 888 2239 quam
916 2156 1005 2221 vocis
1033 2156 1257 2222 modulatione
1281 2162 1314 2222 et
1337 2179 1451 2222 cursus

172 2263 390 2328 retardatione
414 2262 564 2327 definitos
587 2285 658 2327 esse
681 2262 872 2327 existimem.

260 2367 314 2432 De
347 2369 532 2454 tripodiis
570 2369 737 2454 dipodiis
773 2369 973 2434 immixtis.
1030 2369 1248 2435 Gravissimos
1281 2371 1451 2456 scrupulos

171 2475 266 2540 nobis
298 2482 404 2541 metra
435 2477 475 2541 ad
507 2498 715 2542 numerorum
748 2476 834 2541 vices
866 2477 1093 2542 revocantibus
1122 2477 1282 2561 tripodiae
1310 2483 1452 2544 movent.

172 2580 219 2647 Ut
238 2583 323 2648 enim
341 2584 376 2647 in
395 2583 597 2669 simplicibus
615 2583 751 2668 pedibus
769 2583 880 2668 aequis
893 2583 1073 2649 intervallis
1088 2584 1224 2649 elevatio
1239 2590 1273 2649 et
1286 2585 1451 2670 depressio

172 2689 260 2754 vocis
283 2691 430 2775 redeunt,
454 2691 500 2756 sic
523 2692 558 2755 in
581 2680 771 2776 compositis
796 2712 923 2775 quoque
946 2691 1083 2776 pedibus
1106 2691 1190 2756 ratio
1215 2697 1312 2775 atque
1334 2697 1452 2757 natura

172 2796 316 2881 rhythmi
339 2798 487 2883 flagitare
510 2799 653 2884 videtur,
673 2803 711 2863 ut
734 2798 898 2885 graviores
923 2820 1003 2881 quos
1028 2798 1123 2863 modo
1142 2798 1346 2864 definivimus
1364 2798 1450 2864 ictus

171 2902 304 2987 paribus
326 2904 507 2969 intervallis
529 2905 616 2970 inter
639 2927 672 2970 se
696 2905 826 2971 distent.
862 2905 971 2990 Atque
990 2905 1086 2989 plane
1104 2905 1167 2970 hoc
1185 2905 1224 2969 fit
1241 2905 1278 2969 in
1295 2905 1451 2988 versibus,

173 3011 229 3093 qui
250 3033 289 3075 ex
313 3010 392 3075 solis
417 3011 556 3096 dipodiis
580 3017 746 3098 constant,
768 3014 857 3077 velut
879 3012 914 3076 in
937 3034 1033 3077 versu
1057 3010 1263 3078 Stesichoreo

406 3250 529 3332 Δωρίῳ
554 3246 671 3328 φωνὰν
695 3242 871 3330 ἐναρμόξαι
893 3244 1016 3331 πεδίλῳ
1040 3242 1212 3329 (O.1115).

172 3366 285 3451 Neque
314 3369 370 3452 qui
398 3391 437 3433 ex
465 3368 543 3433 solis
572 3369 722 3453 tripodiis
750 3374 901 3434 constant
924 3391 1049 3451 versus,
1077 3373 1114 3432 ut
1136 3368 1330 3454 dochmiaci,
1361 3369 1450 3453 quid-

172 3495 268 3558 quam
286 3474 411 3561 negotii
430 3477 603 3541 facessunt.
639 3476 729 3541 Idem
749 3481 857 3540 autem
877 3476 1038 3559 quomodo
1057 3474 1127 3539 fieri
1141 3481 1250 3560 potest
1264 3477 1450 3541 commixtis

171 3581 321 3665 tripodiis
353 3588 386 3647 et
417 3583 570 3668 dipodiis,
601 3582 761 3669 siquidem
790 3582 935 3666 primarii
962 3582 1048 3647 ictus
1080 3581 1115 3646 in
1142 3582 1281 3666 dipodiis
1315 3606 1384 3667 sex,
1412 3583 1448 3647 in

171 3688 321 3773 tripodiis
355 3712 472 3754 novem
509 3694 694 3774 temporum
725 3689 899 3753 intervallo
937 3689 1083 3753 distant?
1138 3688 1230 3764 Quod
1249 3737 1251 3741 ι
1272 3695 1381 3754 autem
1417 3691 1451 3753 in

171 3817 279 3861 rerum
302 3801 419 3862 natura
441 3797 586 3882 positum
609 3820 679 3863 esse
703 3797 843 3881 uidetur,
866 3796 898 3860 id
922 3794 1125 3880 praecipiunt
1147 3796 1245 3860 etiam
1264 3796 1451 3881 rhythmici,

172 3924 245 3966 cum
273 3902 419 3988 dipodias
447 3904 602 3988 ῥυθμοὺς
629 3903 665 3968 ἐν
693 3910 753 3991 ἴσῳ
782 3906 885 3990 λόγῳ,
913 3901 1072 3987 tripodiae
1100 3902 1254 3985 ῥυθμοὺς
1277 3901 1314 3966 ἐν
1337 3904 1451 3967 διπλα-

172 4013 260 4073 σίονι
284 4012 371 4097 λόγῳ
395 4032 465 4074 esse
489 4010 614 4075 dicunt:

340 4135 686 4203 iossovelssosso
776 4133 1283 4202 ..terciovelrozorw

171 4257 217 4322 At
239 4280 376 4344 magnus
399 4259 435 4323 in
452 4259 584 4323 Pindari
608 4258 805 4323 carminibus
828 4280 982 4322 numerus
1005 4280 1118 4322 eorum
1138 4280 1287 4322 versuum
1306 4263 1370 4343 est,
1395 4260 1451 4344 qui

172 4386 237 4429 non
256 4387 295 4429 ex
318 4366 397 4430 solis
420 4367 559 4451 dipodiis
583 4366 634 4431 vel
657 4366 735 4431 solis
760 4358 912 4450 tripodiis
931 4370 1096 4450 constant,
1119 4366 1174 4430 sed
1194 4365 1333 4450 dipodiis
1352 4367 1452 4452 tripo-

173 4471 242 4536 dias
270 4472 429 4538 admixtas
457 4474 589 4539 habent.
636 4473 720 4550 Quid
747 4473 850 4559 igitur
876 4495 936 4537 nos
965 4474 1069 4538 facere
1094 4473 1245 4557 oportet?
1291 4471 1452 4538 Conceda-

173 4601 286 4644 musne
310 4580 443 4645 Pindari
469 4603 580 4646 versus
609 4581 794 4666 aperfecta
816 4580 874 4643 illa
897 4580 1110 4662 omnibusque
1133 4580 1275 4644 numeris
1300 4581 1452 4646 absoluta

174 4705 383 4713 —-.-—⁴---.-...

262 4777 289 4842 1)
309 4772 385 4828 Conf.
414 4772 518 4827 librum
544 4790 637 4827 meum
665 4774 699 4828 de
727 4774 844 4827 metrica
873 4776 933 4827 arte
958 4774 1045 4840 §90¹
1072 4778 1101 4829 et
1126 4774 1251 4844 lapidem
1274 4773 1450 4828 lhallianum

172 4842 285 4898 musicis
304 4844 379 4898 notis
398 4844 564 4915 inscriptum
582 4845 658 4916 apud
677 4845 804 4900 Crucium
823 4845 924 4899 Philol.
940 4852 987 4914 52,
1003 4853 1062 4903 161.

226 4945 351 4985 Pramnos
365 4944 400 4984 ad.
414 4944 519 4985 Christ.
1219 4934 1237 4987 d
