3406 5378
265 290 308 352 90
734 291 882 342 PlNDARl
900 291 1066 342 EPINIOIA.

263 458 416 517 faciendae
440 458 527 535 quasi
550 458 748 536 praeluderet,
771 456 893 534 perinde
916 459 1008 533 atque
1029 457 1174 516 Horatius
1192 475 1311 516 carmen
1329 475 1361 515 ιν
1380 468 1395 514 6
1415 458 1540 516 carmini

266 547 412 606 saeculari
435 548 609 623 praeludere
632 547 738 607 voluit.
785 546 870 616 Quod
894 549 995 606 autem
1017 546 1231 624 Agesidamum
1254 548 1344 621 poeta
1366 566 1392 605 v.
1414 557 1445 605 11
1466 547 1539 605 allo·

265 636 382 713 quitur,
410 636 466 696 hoc
493 636 590 712 lepide
621 635 803 696 Schmidtius
827 636 871 694 ita
893 636 1117 712 interpretatur,
1140 638 1176 692 ut
1198 635 1254 694 hoo
1277 653 1395 694 carmen
1418 639 1539 711 poetam

264 728 418 801 tamquam
438 725 604 803 epistolam,
624 743 788 801 quasnam
812 743 932 800 operam
954 725 1152 800 promitteret,
1170 724 1277 783 victori
1301 723 1415 783 misisse
1440 724 1538 785 ducat.

354 814 477 872 Summa
509 814 648 873 carminis
681 817 741 893 est,
774 813 880 874 victori
913 813 1041 872 carmine
1074 816 1230 889 tamquam
1261 812 1385 890 pignore
1417 814 1539 872 futurae

266 903 380 980 gloriae
408 921 483 979 opus
511 921 586 981 esse,
615 922 705 979 seque
737 907 877 979 paratum
905 921 980 981 esse,
1010 907 1046 961 ut
1072 902 1166 961 Musis
1194 901 1409 961 adiuvantibus
1435 903 1540 982 Agesi-

262 992 350 1052 damo
374 992 534 1068 epinioium
558 996 680 1071 pangat.

807 1127 851 1194 De
871 1127 994 1196 metris.

353 1259 500 1319 Carminis
530 1260 620 1318 huius
651 1260 808 1320 mediocris
837 1261 954 1319 numeri
984 1279 1104 1337 quoque
1135 1262 1206 1318 sunt
1235 1259 1375 1338 vulgares
1406 1259 1540 1335 dactylo·

266 1349 417 1426 epitritici.
460 1349 606 1425 Strophae
629 1368 733 1409 versus
756 1350 881 1426 quintus
904 1353 935 1410 et
958 1353 1067 1427 sextus,
1092 1349 1178 1424 epodi
1200 1348 1316 1424 primus
1340 1351 1370 1408 et
1393 1350 1540 1408 secundus

263 1458 336 1498 num
354 1438 385 1497 in
404 1438 539 1518 singulas
555 1439 693 1514 periodos
717 1439 918 1517 coniungendi
940 1439 1008 1517 sint,
1032 1439 1063 1497 in
1087 1441 1150 1496 tam
1172 1438 1255 1497 brevi
1279 1437 1408 1497 carmine
1432 1437 1539 1495 diiudi-
1568 1426 1570 1436 ’

265 1528 326 1588 cari
353 1528 467 1604 nequit.
514 1527 599 1598 Quod
628 1531 729 1587 autem
757 1528 913 1604 dactylicis
941 1529 1013 1588 colis
1041 1527 1131 1587 solito
1154 1527 1408 1603 frequentioribus
1430 1526 1462 1584 in
1484 1527 1541 1586 hoc

264 1618 394 1677 carmine
417 1619 507 1692 poeta
529 1635 603 1674 usus
626 1619 679 1695 est,
702 1620 739 1675 ut
761 1637 798 1676 ne
821 1617 853 1675 in
875 1617 934 1676 fine
958 1617 1077 1694 quidem
1102 1617 1291 1692 stropharum
1312 1616 1349 1675 iis
1368 1616 1540 1693 abstineret,

267 1706 323 1766 hoc
347 1726 381 1764 ex
405 1705 529 1765 iuvenili
553 1707 652 1764 aetate
676 1709 707 1765 et
729 1705 852 1768 victoris
875 1710 906 1765 et
928 1709 1034 1783 poetae
1057 1705 1265 1781 explicandum
1284 1723 1347 1764 esse
1365 1708 1449 1781 puto.
1486 1703 1541 1764 Ce-

267 1799 365 1854 terum
389 1795 414 1853 si
438 1794 506 1871 quis
528 1795 559 1853 in
582 1814 692 1870 pompa
710 1795 765 1855 hoc
784 1813 902 1855 carmen
923 1796 1083 1855 recitatum
1102 1813 1164 1855 esse
1184 1796 1316 1853 statuere
1335 1794 1430 1871 malit,
1453 1794 1541 1853 facile

266 1884 403 1942 inanium
425 1887 594 1960 temporum
617 1884 777 1944 intervalla
799 1883 920 1944 definire
943 1884 1062 1960 poterit.

352 2073 468 2139 Ἔστιν
492 2072 685 2158 ἀνθρώποις
708 2073 839 2158 άνέμων
863 2075 915 2140 ὅτε
938 2078 1073 2139 πλείστα
1372 2077 1452 2155 Στρ.

354 2190 486 2266 χρῆσις,
510 2182 600 2245 ἔστιν
623 2178 654 2244 δ’
680 2181 849 2264 οὐρανίων
871 2180 1019 2263 ὑδάτων,

353 2288 502 2373 ὀμβρίων
524 2289 656 2353 παίδων
678 2287 827 2373 νεφέλας.

353 2397 384 2460 εί
405 2391 441 2459 δὲ
465 2397 529 2459 σὺν
551 2398 643 2483 πόνφ
666 2418 717 2471 τις
739 2390 777 2460 εὖ
800 2394 945 2481 πράσσῃ,
968 2395 1162 2480 μελιγάρυες
1184 2395 1285 2479 ὕμνοι

301 2521 316 2566 ι’)
354 2500 502 2586 ὑστέρων
526 2500 610 2586 ἄρχδι
633 2503 743 2583 λόγων

353 2607 499 2674 τέλλεται
523 2607 577 2672 καὶ
600 2608 719 2673 πιστὸν
742 2609 856 2694 ὅρκιον
879 2609 1035 2693 μεγάλαις
1058 2607 1196 2694 ἀρεταῖς.

355 2805 548 2889 ἀφθόνητος
570 2801 602 2868 δ’
628 2798 721 2880 αἶνος
742 2802 1006 2888 Ὀλυμπιονίκαις

355 2908 452 2988 οὗτος
475 2912 631 2993 ἄγκειται.
676 2911 716 2974 τά
739 2907 799 2994 μὲν
822 2910 961 2995 άμετέρα

356 3024 488 3101 γλῶσσα
511 3020 699 3102 ποιμαίνειν
723 3015 842 3082 ἐθέλει·

286 3144 319 3190 10
357 3124 392 3189 εἰι
414 3130 499 3188 θεοῦ
522 3122 554 3188 δ’
580 3123 664 3208 ἀνὴρ
688 3135 809 3208 σοφαῖς
832 3122 932 3197 ἄνθεϊ
952 3128 1172 3209 πραπίδεσσιν
1195 3125 1329 3209 ὁμοίως·
1493 3140 1526 3188 10

339 3335 420 3371 viam
438 3334 542 3370 aromo.
570 3316 654 3371 lnscr.
683 3320 720 3388 τῷ
739 3317 814 3389 αὐτῷ
833 3313 914 3380 σάκος
930 3317 1023 3372 ABD
1045 3350 1073 3358 -
1095 3326 1118 3373 3.
1138 3320 1203 3389 post
1221 3315 1343 3391 ὀμβρίων
1358 3316 1405 3371 vul
1427 3315 1542 3370 oiuter-

266 3389 455 3461 pungebatur,
473 3390 539 3456 post
556 3386 669 3441 ὑδάτων
686 3403 795 3441 comma
812 3387 973 3458 ponendum
992 3405 1054 3443 csse
1071 3389 1181 3445 monuit
1193 3387 1384 3444 Wilamowitz
1437 3387 1463 3442 d.
1479 3385 1543 3442 leot.

266 3463 335 3518 Gctt
350 3459 607 3584 1889190394.
623 3456 701 3532 πόνῳ
715 3458 794 3513 σοδδ.
810 3463 839 3513 et
853 3458 953 3513 schol:
969 3457 1067 3534 μόχθῳ
1080 3462 1222 3515 Hermann
1233 3493 1265 3501 -
1276 3458 1386 3549 πράσσρ
1400 3459 1544 3539 Ηατλαοςε

265 3531 385 3599 πράσσοι
404 3532 465 3585 AB
504 3573 511 3597 ‚
536 3531 669 3599 πράσσων
689 3530 722 3597 0,
747 3529 866 3595 πράσσει
887 3531 985 3600 Heyne
1012 3563 1044 3572 -
1071 3530 1218 3603 μελίγαρυς
1241 3530 1344 3587 omisso
1370 3550 1452 3598 υμνοι
1471 3546 1544 3585 conr.

266 3601 455 3659 Wilamowitz
474 3601 535 3670 1.1.,
554 3599 702 3672 μελίγαρνς
720 3601 805 3668 ἄοιδή
824 3602 893 3656 coni.
910 3600 1037 3671 Schmid3
1061 3603 1125 3657 vide
1148 3603 1258 3658 antistr.
1279 3635 1312 3643 -
1332 3608 1356 3657 o.
1376 3601 1450 3670 ἄρχὰ
1468 3602 1495 3656 Δ
1516 3603 1545 3654 et

268 3674 369 3730 schol:
389 3673 474 3744 ἄργαὶ
492 3673 520 3727 Β
527 3673 616 3728 GDE
633 3705 668 3713 —
687 3679 711 3727 8.
732 3673 859 3743 ἄγκειται
872 3675 956 3745 Byr:
976 3672 1097 3743 ἔγκειται
1116 3675 1284 3740 ΑΒΟΒΕς
1303 3672 1338 3729 cf.
1354 3672 1386 3727 Ο.
1400 3691 1451 3726 xm
1464 3688 1491 3727 ss
1511 3704 1544 3712 -

267 3752 291 3801 9.
310 3742 485 3815 norpctvsrv:
504 3742 669 3813 πορσαίνειν
687 3743 759 3800 coni.
778 3744 887 3799 Heclrer
907 3775 937 3785 -
959 3749 1001 3800 10.
1021 3743 1121 3814 ὁμοίως
1139 3763 1173 3800 ex
1192 3744 1307 3800 scholiis
1325 3747 1391 3799 rest.
1410 3742 1545 3799 Lentsch:

268 3816 340 3889 ὅμως
358 3812 398 3871 ὧν
418 3816 515 3886 ONO,
540 3834 592 3871 om.
613 3816 752 3883 ABDE,
777 3815 853 3870 ἐσαεὶ
872 3818 937 3870 ante
955 3819 1143 3885 πραπίδεσσιν
1161 3817 1226 3871 add.
1242 3816 1348 3871 Mosch.
1363 3813 1462 3883 Tricl.,
1480 3815 1546 3885 post

267 3886 454 3958 πραπίδεσσιν
469 3888 534 3943 add.
546 3887 633 3943 ἐσαιεὶ
646 3886 738 3958 Bergk
748 3888 770 3957 ¹3
785 3886 884 3944 schol:
899 3887 971 3942 κατὰ
986 3885 1017 3942 δὲ
1033 3888 1164 3960 βούλησιν
1179 3885 1313 3958 δαίμονος
1327 3886 1392 3951 ἴσως
1406 3887 1455 3941 καὶ
1469 3887 1545 3958 αὐτῷ

338 4050 527 4086 comerrien.
564 4048 590 4084 v.
610 4034 687 4083 1-5.
707 4027 741 4083 cf.
756 4028 791 4082 N.
805 4047 837 4081 111
852 4045 877 4096 σς
905 4028 996 4084 forma
1019 4030 1186 4086 elocutionis
1211 4029 1348 4101 prooemii
1374 4028 1476 4083 similis
1503 4030 1547 4082 est

267 4105 353 4172 atque
372 4103 524 4172 fragmenti
543 4118 582 4158 ιιι
602 4133 634 4141 -
655 4106 679 4155 6.
698 4099 831 4155 τέλλεται·
852 4099 994 4156 schemate
1012 4102 1162 4157 Pindarico
1182 4102 1353 4172 singularem
1372 4118 1422 4172 pro
1441 4098 1547 4171 plurali

267 4178 433 4245 usurpatum
448 4173 545 4229 dicunt
558 4177 594 4242 (v.
610 4172 646 4226 ad
662 4171 693 4227 Ο.
708 4191 757 4225 vm
771 4175 802 4241 e),
818 4171 867 4225 sed
881 4171 935 4226 hoc
952 4173 1014 4228 loco
1034 4173 1185 4245 singularis
1205 4173 1292 4242 verbi,
1312 4191 1374 4227 oum
1393 4171 1431 4227 ad
1450 4171 1545 4241 singu·

268 4246 357 4300 larem
376 4244 534 4315 praedicati
553 4242 626 4315 ἀρχά
645 4242 743 4298 referri
760 4241 863 4313 possit,
887 4241 1000 4298 facilem
1018 4245 1228 4300 excusationem
1247 4243 1426 4299 admittit-
1445 4243 1547 4298 πιστὸν

268 4316 365 4386 ὅρκιον
384 4314 481 4386 hymni
499 4315 644 4384 hocloco,
668 4317 700 4369 ut
722 4315 815 4369 πιστοὶ
838 4324 974 4383 χορευτᾶν
997 4315 1134 4387 μάρτυρες
1152 4317 1241 4371 tibiae
1260 4317 1290 4371 P.
1304 4335 1344 4370 rn
1361 4331 1387 4371 ar
1407 4315 1548 4382 dicuntur,

268 4389 344 4458 quod
362 4391 507 4456 tamquam
526 4385 611 4439 iurati
630 4389 717 4441 testes
736 4402 855 4456 magnas
874 4385 992 4441 virtutes
1011 4389 1150 4444 victorum
1168 4388 1334 4459 praedicant
1353 4419 1385 4428 -
1407 4392 1431 4442 7.
1450 4383 1547 4454 ἀφθό-

268 4479 352 4529 νητος
369 4459 422 4512 hoc
441 4456 502 4511 loco
522 4457 597 4511 idem
616 4457 693 4512 valet
715 4457 791 4526 quod
814 4456 958 4527 ἄφθονος,
983 4458 1107 4515 invidiae
1130 4477 1243 4532 expers,
1269 4460 1377 4530 largum
1404 4455 1548 4512 difficilior

269 4535 313 4585 cst
331 4545 416 4584 eausa
435 4528 650 4599 significationis
669 4528 752 4583 huius
766 4526 900 4583 vocabuli
915 4528 945 4583 Ο.
960 4548 1010 4583 xm
1024 4547 1058 4598 as,
1072 4550 1129 4601 qua
1145 4533 1179 4586 do
1193 4548 1223 4585 re
1238 4548 1288 4585 suo
1302 4531 1364 4585 loco
1379 4529 1547 4583 disseremus

272 4634 303 4642 -
325 4607 349 4655 8.
370 4600 497 4671 ἄγκειται
515 4599 644 4654 laudatio
668 4602 814 4669 tamquam
837 4615 948 4653 sacrum
972 4600 1119 4657 donarium
1137 4608 1182 4658 est
1199 4601 1299 4657 virtuti
1317 4601 1432 4656 victoris
1451 4615 1548 4654 conse-

269 4677 378 4727 cratum
399 4705 431 4712 —
451 4671 485 4726 τὰ
503 4669 566 4742 μέν·
587 4674 717 4726 neutrum
736 4672 772 4725 ad
791 4669 979 4726 masculinum
998 4668 1080 4730 αίνσν
1098 4675 1211 4746 poetica
1224 4673 1341 4728 licentia
1355 4671 1476 4726 relatum
1492 4673 1548 4738 est;

269 4745 303 4800 cl.
319 4744 351 4801 P.
367 4764 395 4798 vr
414 4762 438 4800 ιι
458 4776 494 4784 -
517 4749 558 4799 10.
583 4743 613 4797 in
635 4742 707 4798 libro
733 4743 885 4813 archetypo
912 4744 1051 4815 scriptura
1076 4746 1106 4802 in
1129 4748 1185 4802 fine
1210 4762 1307 4801 versus
1332 4743 1374 4798 ita
1399 4741 1547 4797 delituisse
