3406 5378
268 368 354 423 XLVI
768 371 1046 424 Pnoanconnua

268 554 396 597 omnem
427 533 493 597 vim
524 532 671 618 rhythmi
699 532 733 596 in
762 533 954 618 gravissimo
983 533 1045 598 hoc
1076 553 1193 617 genere
1221 534 1400 599 carminum
1429 535 1550 600 Dorico

270 641 474 724 pessumdari
507 663 611 725 aequo
643 640 752 704 animo
785 640 905 705 tulerit.
953 640 1157 724 Quamquam
1189 641 1252 706 hoc
1280 643 1377 707 modo
1407 644 1552 707 nondum

270 768 382 813 omnes
406 747 550 812 rationes
574 747 776 833 rhythmicae
800 747 1184 831 dactylo-epitriticorum
1208 771 1360 813 versuum
1383 749 1551 834 expeditae

272 859 362 941 sunt,
395 860 521 920 restant
549 855 759 941 gravissimae
787 859 820 919 et
848 853 1059 919 difficillimae
1090 855 1297 939 quaestiones
1330 857 1369 921 de
1403 856 1551 941 pluribus

269 963 405 1046 pedibus
433 962 636 1047 simplicibus
663 963 698 1026 in
726 962 887 1026 unitatem
914 962 1004 1047 pedis
1034 961 1208 1046 compositi
1234 963 1552 1049 comprehendendis,

270 1069 308 1134 dc
333 1070 452 1154 quibus
475 1074 590 1154 postea
612 1069 861 1154 disputabimus.

359 1177 413 1241 De
432 1198 621 1262 paeonum
640 1199 825 1241 mensura.
858 1174 1028 1240 Paeonicis
1047 1176 1081 1240 in
1101 1178 1249 1242 versibus
1264 1177 1447 1242 trochaicae
1462 1177 1551 1264 dipo-

269 1283 339 1348 diae
372 1307 472 1369 purae
505 1282 536 1370 (
555 1326 574 1352 o
592 1345 608 1352 ,
626 1281 658 1370 o)
693 1284 819 1348 creticis
852 1283 989 1368 pedibus
1023 1282 1048 1369 (
1071 1326 1090 1351 o
1108 1282 1139 1371 )
1170 1285 1332 1350 admixtae
1361 1291 1439 1350 sunt
1466 1284 1501 1349 Ο.
1525 1303 1551 1349 11

139 1458 145 1470 ,
271 1395 327 1455 str.
347 1392 375 1456 8.
405 1414 452 1477 cp.
472 1392 501 1455 6.
534 1389 816 1455 P.vstr.2.11.
844 1413 892 1475 ep.
915 1394 941 1456 1.
988 1390 1075 1454 Raro
1100 1390 1229 1474 quidem
1253 1393 1333 1457 haec
1361 1393 1550 1458 commixtio

269 1497 304 1561 in
328 1497 459 1562 Pindari
483 1497 682 1562 carminibus
706 1497 885 1582 invenitur,
908 1497 963 1562 sed
988 1498 1101 1562 crebro
1124 1498 1160 1561 in
1178 1498 1410 1584 Aristophanis
1429 1499 1551 1564 Plauti-

268 1625 330 1688 que
359 1604 494 1686 fabulis,
521 1627 624 1689 neque
653 1605 726 1669 aliis
752 1605 891 1669 modulis
915 1605 1017 1689 lyrica
1038 1628 1143 1690 pauca
1167 1627 1265 1689 quam
1288 1607 1415 1672 scenica
1439 1607 1552 1672 crebra

268 1711 416 1795 exempla
439 1712 648 1798 astringenda
671 1735 741 1776 esse
764 1716 863 1797 patet.
901 1711 969 1778 lam
993 1735 1145 1778 versuum
1169 1736 1208 1777 ex
1231 1715 1411 1797 paeonibus
1435 1719 1468 1778 et
1486 1719 1552 1779 tro·

270 1817 392 1883 chaicis
416 1819 555 1903 dipodiis
578 1819 756 1884 mixtorum
779 1821 908 1885 easdem
930 1820 1074 1884 rationes
1098 1820 1199 1884 fuisse
1223 1824 1320 1905 atque
1342 1844 1493 1886 versuum
1512 1844 1551 1885 ex

268 1925 410 2010 epitritis
434 1931 466 1991 et
489 1927 626 2012 dactylis
654 1928 831 1992 mixtorum
859 1931 978 2013 quotus
1008 1927 1144 2012 quisque
1174 1927 1236 1991 crit
1264 1928 1320 2011 qui
1348 1929 1416 1993 veri
1445 1928 1550 1993 simile

269 2055 339 2097 esse
367 2033 486 2118 neget?
536 2033 608 2099 Hoc
636 2040 746 2099 autem
774 2034 801 2099 si
829 2035 1021 2119 probamus,
1051 2034 1145 2098 illud¹
1160 2034 1298 2098 alterum
1326 2036 1486 2121 sequitur,
1513 2040 1551 2098 ut

269 2139 473 2225 dipodiarum
504 2141 744 2206 trochaicamm
775 2142 947 2206 intervalla
980 2141 1020 2205 ab
1053 2141 1232 2206 intervallis
1266 2142 1461 2208 creticorum
1495 2147 1552 2206 aut

270 2247 351 2312 nihil
380 2253 436 2313 aut
464 2271 566 2335 paene
593 2248 675 2312 nihil
704 2249 886 2334 discrepare
909 2249 1132 2315 concedamus.
1179 2248 1301 2314 Verum
1325 2250 1358 2314 in
1382 2249 1551 2335 angustias

271 2355 508 2441 compellimur,
536 2357 622 2440 quod
649 2378 716 2420 non
744 2356 851 2421 solum
879 2360 1002 2421 veteres
1031 2355 1208 2439 rhythmici
1236 2378 1376 2441 paeones
1400 2356 1551 2441 quinque,

268 2484 335 2527 non
364 2485 420 2527 sex
447 2469 631 2548 temporum
655 2487 725 2529 esse
749 2465 880 2549 docent,
906 2465 961 2529 scd
984 2464 1084 2528 etiam
1106 2469 1222 2548 poetae
1246 2464 1394 2529 ultimam
1418 2464 1550 2550 longam

270 2571 360 2656 pedis
375 2570 487 2636 cretici
502 2594 597 2656 saepe
611 2571 645 2635 in
660 2573 739 2636 duas
754 2572 868 2636 breves
883 2571 1058 2636 solverunt.
1090 2569 1168 2636 lude
1182 2572 1352 2655 quomodo
1367 2571 1551 2637 trochaicae

269 2677 416 2762 dipodiae
443 2682 476 2742 et
500 2679 647 2764 paeonici
670 2679 767 2763 pedes
792 2677 989 2762 exaequandi
1012 2678 1064 2742 vel
1086 2678 1287 2743 assimilandi
1312 2683 1433 2761 essent,
1463 2678 1551 2742 notis

269 2786 398 2872 signare
427 2785 522 2850 veriti
550 2807 661 2850 sumus
689 2788 722 2849 et
751 2790 921 2850 cantorum
948 2785 1059 2870 potius
1087 2785 1273 2850 dexteritati
1301 2808 1367 2870 quo
1394 2792 1489 2869 pacto
1517 2785 1551 2849 id

268 2893 412 2958 facerent
443 2892 658 2979 permisimus.
704 2890 742 2956 Id
775 2892 880 2958 solum
914 2892 1091 2957 curandum
1119 2914 1190 2958 esse
1216 2893 1419 2978 putavimus,
1450 2898 1487 2957 ut
1517 2892 1551 2956 in

268 3000 414 3066 metricis
442 3000 615 3066 schematis
642 3020 783 3085 paeones
813 3005 846 3064 et
873 2999 1056 3064 trochaicae
1080 2999 1229 3086 dipodias
1252 3022 1355 3085 aequo
1378 2999 1551 3066 intervallo

269 3108 390 3173 distare
414 3107 671 3194 significaremus

359 3427 506 3494 Licentia
525 3430 591 3494 ista
609 3433 780 3516 poetarum
798 3431 832 3494 in
851 3431 1050 3495 carminibus
1068 3428 1233 3514 paeonicis
1251 3447 1311 3512 pro
1330 3426 1409 3509 pede
1430 3425 1550 3489 cretico

269 3534 469 3600 trochaicam
492 3536 656 3621 dipodiam
677 3537 868 3623 usurpandi,
891 3542 1058 3622 tamquam
1078 3558 1134 3600 sex
1153 3533 1184 3620 (
1202 3577 1221 3602 o
1237 3531 1304 3617 m),
1322 3552 1389 3595 non
1408 3530 1550 3614 quinque

269 3639 301 3727 (-
319 3684 337 3708 c
357 3640 387 3728 )
411 3647 596 3727 temporum
619 3645 755 3709 creticus
779 3667 836 3729 pes
860 3650 958 3728 esset,
985 3643 1048 3707 hoc
1074 3640 1224 3725 inprimis
1252 3637 1384 3702 nomine
1408 3637 1552 3721 offendit,

270 3750 357 3831 quod
388 3753 505 3814 natura
536 3773 745 3816 numerorum
775 3752 923 3836 flagitare
951 3749 1092 3831 videtur,
1125 3755 1161 3812 ut
1189 3744 1260 3810 sola
1288 3744 1388 3831 longa
1415 3745 1550 3809 duarum

270 3876 434 3921 morarum
458 3855 580 3944 (μακρὰ
604 3856 771 3943 δίσημος),
794 3880 860 3923 non
883 3857 982 3921 etiam
1004 3855 1104 3941 longa
1122 3854 1224 3918 trium
1243 3874 1409 3917 morarum
1428 3851 1551 3939 (μακρὰ

268 3962 440 4051 τρίσημος)
468 3964 503 4028 in
530 3967 609 4030 duas
637 3966 752 4030 breves
781 3964 935 4028 solvatur.
981 3961 1090 4046 Atque
1120 3960 1231 4025 nescio
1260 3982 1301 4024 an
1328 3960 1390 4024 hac
1416 3959 1489 4044 ipsa
1515 3980 1550 4022 re

270 4076 395 4136 veteres
418 4072 535 4136 musici
560 4073 690 4136 adducti
713 4070 794 4154 sint,
816 4075 853 4133 ut
875 4090 1032 4153 paeonem
1051 4068 1137 4133 inter
1156 4067 1320 4152 simplices
1339 4066 1436 4151 pedes
1455 4065 1552 4130 refer·

271 4182 343 4242 rent
367 4199 504 4261 cumque
528 4200 648 4243 novum
672 4199 774 4263 genus
797 4175 957 4258 rhythmi,
980 4175 1115 4260 ῥυθμὸν
1138 4174 1307 4259 ἡμιόλιον,
1337 4173 1465 4239 efficere
1490 4177 1552 4237 sta

270 4290 407 4350 tuerent.
442 4283 505 4350 Sed
523 4284 670 4370 quamvis
688 4284 756 4348 ista
773 4282 825 4346 lex
843 4286 961 4346 natura
978 4281 1051 4368 ipsa
1068 4283 1130 4348 niti
1145 4283 1293 4348 videatur
1308 4281 1388 4345 etin
1405 4279 1551 4345 versibus

270 4413 310 4455 ex
334 4392 460 4456 duobus
483 4390 637 4456 membris
661 4388 858 4455 catalecticis
879 4388 1070 4474 compositis
1091 4387 1254 4476 (versibus
1275 4385 1492 4475 syncopatis),
1514 4391 1552 4450 ut

267 4499 303 4563 in
326 4503 530 4584 pentametro
554 4496 696 4582 elegiaco
720 4500 753 4560 et
776 4499 967 4560 tetrametro
991 4495 1131 4562 iambico
1154 4497 1395 4582 Aristophaneo

625 4632 821 4672 ὶυυ-υυ-
875 4631 1072 4679 Luca-w-

270 4842 397 4907 semper
425 4842 445 4885 a
471 4819 577 4906 poetis
606 4819 780 4885 observata
807 4823 871 4906 est,
897 4823 1008 4885 tamen
1033 4842 1071 4886 ea
1092 4842 1160 4885 non
1182 4819 1256 4884 inde
1280 4843 1299 4884 a
1320 4817 1481 4903 principio
1504 4816 1552 4880 ita
