3406 5378
635 1529 1116 1627 FRAGMENTA

451 1780 773 1853 CARMINUM
816 1777 1302 1853 DEPERDITORUM.

866 2148 886 2201 1.

708 2272 1043 2339 ΙΣΘΜΙΟΝΙΚΑΙ.

289 3362 429 3437 Κλεινὸς
454 3363 582 3425 Αίακοῦ
606 3363 718 3443 λόγος,
742 3363 855 3426 κλεινὰ
879 3358 915 3426 δὲ
938 3359 992 3425 καὶ
1016 3360 1236 3436 ναυσικλυτδς

291 3474 427 3549 Αἴγινα·
450 3470 514 3531 σὺν
537 3473 628 3531 θεῶν
651 3466 691 3532 δέ
712 3492 767 3532 νιν
790 3474 867 3553 αίσᾳ

299 3579 406 3638 Υλλου
430 3596 464 3638 τε
487 3572 542 3638 καὶ
566 3575 725 3659 Αἰγιμιοῦ

290 3683 441 3765 Δωριεὺς
465 3680 575 3746 ἐλθὼν
598 3682 736 3765 στρατὸς
760 3680 957 3746 ἐκ-τίσσατο·

255 3804 270 3851 a
290 3799 357 3852 τῶν
379 3784 440 3872 μὲν
463 3788 527 3854 ὑπὸ
551 3789 684 3874 στάθμᾳ
707 3786 877 3873 νέμονται,

289 3893 330 3958 οὐ
352 3893 454 3978 θέμιν
477 3890 555 3958 οὐδὲ
580 3896 677 3959 δίκαν
700 3896 818 3971 ξείνων
839 3894 1110 3977 ὑπερβαίνοντες·
1134 3884 1215 3957 οἷ-οτ
1238 3890 1266 3956 δ’
1295 3890 1418 3976 ἀρετὰν

289 4003 443 4084 δελφῖνες
466 4000 502 4065 ἐν
525 4004 650 4088 πόντῳ,
673 4004 786 4084 ταμίαι
810 4023 843 4065 τε
867 3998 967 4084 σοφοὶ

289 4113 426 4173 Μοισᾶν
449 4107 602 4190 ἀγωνίων
626 4105 654 4171 τ’
681 4106 822 4172 ἀέθλων.

307 4372 537 4441 Fragmentorum
557 4370 665 4425 numeri
685 4374 750 4425 suni
768 4370 901 4426 editionis
920 4370 1096 4437 Bergkianae
1115 4374 1241 4438 quartae,
1261 4369 1335 4438 Lipa.
1357 4372 1442 4436 18⁷&
1467 4388 1520 4425 nu-

235 4443 305 4497 meri
324 4442 433 4495 uncinis
453 4441 554 4495 inclusi
573 4441 706 4496 edit-ionis
725 4442 922 4497 Boeckhianae
942 4445 1014 4495 aunt.
1048 4442 1078 4494 ln
1098 4440 1247 4510 generibus
1266 4440 1421 4495 carminum
1442 4442 1520 4496 ordi-

235 4513 335 4567 nandis
355 4513 476 4566 indicam
495 4512 609 4566 Pindari
628 4512 763 4568 librorum
781 4512 1009 4567 Prol.c1.seaati
1027 4530 1130 4566 sumas.

307 4584 350 4637 Fr.
372 4591 385 4637 l
406 4587 449 4638 est
468 4583 580 4637 initium
604 4585 699 4638 Isthm.
721 4604 761 4652 na,
787 4586 881 4638 exstat
906 4582 935 4635 in
961 4582 1060 4635 altimo
1086 4583 1155 4637 folio
1181 4582 1325 4636 Pindarici
1350 4582 1410 4636 cod.
1432 4582 1463 4636 D
1483 4614 1521 4624 -

234 4673 259 4709 v.
280 4661 304 4708 2.
324 4659 402 4709 θεῶν
422 4655 493 4710 coni.
514 4655 638 4709 Boeckh:
658 4659 717 4709 θεῶ
738 4658 765 4711 D
785 4689 817 4697 -
837 4662 854 4708 3
873 4672 913 4723 sq.
934 4654 967 4706 of.
988 4654 1060 4708 Prol.
1081 4673 1164 4707 cxxm
1184 4686 1217 4693 —
1237 4660 1262 4707 4.
1283 4651 1425 4707 ἐκτίσσατο
1445 4653 1520 4707 Her-

235 4744 332 4781 mann:
362 4726 494 4794 ἐκτήσατο
514 4728 544 4781 D
562 4759 596 4766 -
615 4733 639 4780 5.
664 4736 719 4780 τῶν
743 4727 794 4796 μὲν
817 4724 887 4781 coni.
909 4725 1065 4781 Hermann:
1089 4723 1124 4778 τὰ
1147 4724 1198 4794 μὲν
1222 4726 1252 4779 D
1270 4757 1303 4766 -
1324 4730 1348 4779 7.
1372 4726 1519 4793 δελφῖνες·

235 4800 269 4855 af.
290 4797 319 4852 P.
339 4816 369 4851 ιν
388 4815 421 4854 ιτ.
450 4798 483 4854 N.
503 4817 531 4852 τι
550 4815 575 4855 6³
596 4830 628 4838 -
649 4804 673 4853 8.
693 4802 808 4853 Μοισᾶν
827 4796 955 4868 ἀγωνίων
974 4795 1000 4850 τ’
1021 4795 1144 4851 ἀίδιον·
1166 4796 1200 4850 cf.
1222 4796 1252 4850 Ο.
1272 4814 1300 4849 11
1321 4812 1352 4851 ιο.
