3406 5378
817 1131 971 1183 ΠΤΘΙΟΝ.
989 1128 1028 1183 Δ’.

523 1296 900 1379 ΑΡΚΕΣΙΛΑι
950 1292 1331 1378 ΚΤΡΗΝΑΙΩι

855 1490 995 1540 ΑΡΜΑΤΙ.

838 1772 1014 1842 Strophae.

252 3702 258 3711 ¹
376 3635 547 3696 Arcesilaus
561 3636 613 3697 lV.
628 3636 712 3694 Batti
728 3636 778 3694 IV.
792 3635 882 3712 filius,
902 3635 954 3712 qui
969 3636 1152 3711 Cyrenarum
1172 3639 1296 3694 octavus
1314 3637 1384 3711 post
1397 3634 1522 3692 Battum
1541 3633 1563 3692 l.

255 3714 266 3742 ⁸
287 3744 339 3784 rex
353 3725 413 3782 luit
427 3717 468 3807 (v.
482 3726 561 3786 Prol.
578 3718 695 3806 cxxvr),
709 3725 856 3801 Pythiade
872 3727 911 3784 31
925 3750 967 3772 =
978 3727 1041 3784 466
1058 3718 1152 3805 (462)
1168 3743 1193 3783 a.
1205 3723 1271 3783 Chr.
1283 3724 1438 3801 quadrigis
1452 3724 1562 3799 Pythia

288 3812 370 3874 vicit.
394 3815 529 3875 Eundem
543 3813 589 3875 Ol.
601 3818 642 3874 80
654 3841 695 3862 =
707 3818 771 3874 460
782 3833 808 3873 a.
819 3815 886 3873 Chr.
898 3812 1085 3890 Olympicum
1099 3813 1256 3873 uictoriam
1272 3814 1435 3872 obtinuisse
1450 3813 1562 3871 scholia

289 3904 326 3962 ad
345 3904 378 3963 P.
393 3924 424 3963 ιν
439 3905 525 3964 inscr.
541 3905 674 3981 tradunt,
694 3924 821 3981 eumque
841 3904 901 3962 iam
920 3907 994 3981 tum,
1013 3923 1080 3963 cum
1099 3903 1131 3962 P.
1146 3922 1166 3962 v
1180 3902 1351 3978 canebatur,
1372 3901 1561 3978 Olympicum

288 3999 437 4052 certamen
461 3995 559 4053 auimo
583 3994 711 4053 volvisse
734 3993 882 4052 Pindarus
905 3993 968 4068 ipse
992 3996 1123 4052 extremo
1146 3993 1276 4051 carmine
1301 3992 1406 4068 quinto
1431 3987 1471 4072 (v.
1497 3983 1561 4069 124)

287 4082 445 4160 significat.
490 4083 635 4141 Arcesilai
663 4083 758 4142 nostri
785 4101 915 4159 proavus
943 4085 974 4141 et
1000 4082 1099 4159 regiae
1128 4081 1230 4158 stirpis
1255 4081 1433 4156 Cyrenaicae
1458 4084 1563 4139 auctor

287 4173 397 4230 Battus
428 4171 465 4228 ab
495 4170 647 4230 Herodoto
678 4191 709 4229 1v
734 4183 784 4230 150
814 4171 925 4231 dicitur
954 4170 1063 4241 Βάττος
1094 4166 1109 4229 ὁ
1140 4169 1359 4248 Πολυμνήστου
1390 4167 1446 4229 ἐὼν
1477 4167 1563 4249 γένος

288 4259 471 4338 Εὐφημίδης
489 4269 548 4319 τῶν
568 4257 722 4322 Μινυέων,
752 4261 852 4338 Atque
871 4261 1019 4336 Euphemi
1039 4280 1146 4320 nomen
1165 4260 1217 4317 uni
1237 4281 1271 4318 ex
1291 4259 1450 4320 comitibus
1469 4259 1561 4333 Batti,

287 4350 449 4409 conditoris
471 4350 563 4426 urbis,
587 4350 678 4408 fuisse
703 4350 839 4427 idemque
864 4350 984 4426 aequali
1007 4349 1125 4408 cuidam
1148 4349 1242 4408 nostri
1266 4349 1389 4409 victoris
1408 4348 1562 4422 Arcesilai,

288 4459 347 4515 quo
363 4438 401 4496 ad
415 4439 632 4498 mercennarios
652 4440 761 4499 milites
780 4441 811 4499 in
827 4439 951 4498 Graecia
970 4438 1175 4498 conducendos
1194 4439 1245 4497 ille
1265 4438 1400 4514 amissit,
1415 4438 1562 4512 Didymus

288 4527 318 4585 in
337 4527 457 4586 scholiis
477 4528 514 4586 ad
533 4529 564 4588 P.
585 4540 686 4588 1v455
706 4529 790 4589 docta
810 4528 938 4604 exponit.
976 4529 1112 4604 Minyeae
1132 4531 1233 4588 autem
1256 4527 1379 4607 originis
1399 4526 1508 4585 indicia
1528 4545 1561 4582 ex

287 4617 458 4675 nominibus
488 4616 717 4693 Cyrenaicorum
748 4619 981 4696 magistratuum
1014 4611 1144 4689 Ἰάσονος
1174 4622 1205 4676 ot
1228 4617 1364 4687 Αἴσωνος
1394 4615 1562 4673 Boeckhius

287 4706 372 4782 Expl.
393 4719 443 4765 ‘264
467 4706 541 4767 bene
572 4708 720 4784 repetivit.
767 4709 830 4766 Iam
860 4726 929 4765 cum
959 4727 1043 4786 reges
1074 4707 1257 4783 Cyrenarum
1285 4710 1316 4765 ct
1343 4724 1361 4762 a
1390 4704 1501 4781 Minyis
1532 4722 1561 4763 se
