3406 5378
804 1053 963 1106 NEMEON.
984 1051 1027 1107 E'.

582 1216 834 1302 quena
874 1216 1241 1302 ΑΙΓΙΝΗΤΗι

764 1411 1064 1463 ΠΔΓΚΡΔΤΙΑΣΤΗι.

825 1695 1002 1764 Strophae.

794 3161 1035 3243 Argumentum.

367 3291 497 3366 Pytheas
516 3290 678 3366 Lamponis
696 3290 776 3350 filius
790 3292 938 3370 Aegineta
956 3310 972 3349 e
991 3289 1176 3350 nobilissima
1194 3293 1282 3367 gente
1302 3289 1549 3366 Psalychidarum

277 3374 320 3460 (v.
334 3380 357 3438 I.
373 3398 404 3437 vr
419 3372 477 3461 63),
492 3378 578 3438 cuius
592 3379 749 3439 victoriam
766 3380 944 3439 Nemeaeam
962 3379 1018 3438 hoc
1037 3398 1155 3438 carmen
1179 3378 1321 3455 illustrat,
1345 3378 1475 3455 gentilis
1499 3378 1550 3437 sed

278 3489 337 3529 non
368 3467 447 3527 filius
465 3468 639 3545 “Lamponis
668 3469 734 3528 eius
763 3469 835 3546 fuit,
866 3469 919 3545 qui
949 3487 1067 3546 pugnae
1098 3467 1267 3527 Plataeensi
1297 3467 1436 3525 interfuit
1459 3471 1489 3526 et
1513 3466 1550 3525 ab

277 3558 429 3617 Herodoto
453 3576 485 3615 rx
510 3568 542 3617 78
567 3577 644 3616 unus
674 3578 709 3616 ex
737 3557 921 3634 principibus
944 3557 1160 3635 Aeginetarum
1187 3556 1279 3616 fuisse
1307 3556 1429 3614 dicitur:
1458 3552 1489 3614 ἐν
1519 3552 1550 3614 δὲ

276 3650 440 3724 Πλαταιῇσι
471 3643 504 3705 ἓν
533 3652 571 3729 τῷ
602 3644 786 3729 στρατοπέδῳ
813 3655 871 3706 τῶν
895 3643 1078 3726 Αἰγινητέων
1108 3638 1146 3724 ἦν
1169 3644 1306 3723 Λάμπων
1330 3641 1443 3704 Πυθέω
1467 3644 1549 3724 Αἰγι-

277 3734 388 3814 νητέων
421 3733 455 3794 τὰ
487 3743 600 3814 πρῶτα·
634 3737 725 3794 Illum
757 3737 837 3795 euim
870 3736 1002 3812 Pytheae
1031 3734 1128 3793 filium
1155 3735 1231 3793 dixit
1258 3734 1443 3810 Herodotus,
1471 3734 1550 3794 hunc

275 3828 410 3886 nostrum
444 3823 574 3884 Cleonici
607 3825 755 3884 Pindarus
787 3818 824 3905 (Ι.
853 3844 871 3883 ν
900 3835 942 3884 55.
976 3843 1007 3884 v1
1038 3817 1093 3904 16).
1150 3823 1256 3882 Frater
1287 3824 1385 3883 minor
1416 3822 1550 3900 Pytheae

274 3913 438 3990 Phylacida
476 3913 550 3990 fuit,
590 3914 674 3971 cuius
707 3913 863 3972 Isthmicos
895 3913 1036 3973 uictorias
1068 3914 1143 3971 duas
1175 3912 1322 3971 Pindarus
1361 3912 1383 3971 l.
1412 3931 1431 3970 u
1461 3917 1491 3970 et
1519 3931 1550 3970 v1

274 4003 466 4080 praedicauit.
524 4002 682 4061 Praeterea
714 4003 881 4062 auunculus
918 3995 1064 4083 (μάτρως)
1100 4001 1165 4060 eius
1196 4001 1401 4076 Euthymenes
1433 4001 1549 4079 gymni-

275 4093 317 4152 cis
345 4091 424 4150 ludis
453 4110 574 4167 operam
602 4091 724 4150 dederat
752 4084 804 4172 (N.
823 4110 843 4150 v
861 4103 903 4150 41.
927 4091 949 4150 I.
968 4109 1000 4149 ur
1020 4083 1083 4170 62),
1111 4093 1141 4148 et
1169 4090 1218 4149 avi
1241 4090 1369 4149 materni
1393 4090 1551 4149 Themistii

276 4180 406 4257 insignia
429 4179 559 4238 duarum
581 4180 775 4240 victoriarum
797 4180 1037 4257 Epidaurearum
1056 4179 1086 4236 in
1106 4178 1253 4239 vestibulo
1278 4179 1340 4237 faui
1360 4179 1468 4239 Aeacei
1488 4199 1550 4239 sus-

274 4287 367 4346 pensa
391 4262 546 4348 eraut(N.
567 4263 653 4350 v53)
674 4270 779 4328 —De
803 4272 935 4345 tempore
959 4268 1099 4327 carminis
1123 4269 1177 4327 hoc
1201 4268 1321 4344 quidem
1344 4271 1470 4345 constat,
1494 4269 1550 4345 Py-

274 4358 362 4417 theae
391 4357 549 4417 uictoriam
576 4358 769 4435 Nemeacam‚
797 4378 866 4418 cum
893 4359 924 4416 in
948 4357 1129 4418 carminibus
1152 4357 1174 4415 Ι.
1194 4376 1213 4415 v
1235 4369 1275 4416 19.
1299 4369 1550 4417 V14.eleare·

275 4446 423 4523 spiciatur
446 4449 476 4505 et
500 4465 616 4505 carmen
640 4448 695 4507 hoc
719 4448 900 4506 Nemeaeum
924 4450 1079 4522 tamquam
1097 4445 1195 4522 prima
1213 4447 1319 4506 libatio
1339 4447 1444 4505 domus
1463 4446 1550 4505 Lam-

273 4536 361 4612 ponia
389 4535 492 4593 oblata
522 4554 584 4595 csse
613 4536 730 4595 dicatur
754 4529 791 4615 (1.
810 4554 841 4596 vn
862 4528 906 4616 a),
932 4537 1001 4594 aute
1025 4535 1183 4595 Isthmicos
1205 4535 1346 4595 uictorias
1369 4534 1550 4611 Phylacidae

273 4627 459 4702 reportatam
479 4643 549 4683 esse.
587 4625 692 4700 Neque
711 4625 853 4703 exiguum
876 4625 1019 4700 temporis
1038 4625 1229 4683 intervallum
1249 4625 1328 4684 inter
1345 4623 1382 4683 N.
1402 4644 1421 4684 v
1440 4627 1471 4683 et
1488 4625 1511 4682 1.
1531 4643 1551 4683 v

274 4713 476 4774 intercessisse
496 4713 623 4791 videtur,
647 4713 790 4789 quoniam
808 4713 972 4790 Phylacida
990 4714 1083 4771 frater
1101 4713 1139 4770 ad
1158 4715 1285 4772 alterum
1306 4713 1380 4771 illud
1400 4716 1550 4772 certamen
