3406 5378
278 368 363 424 XLlV
777 371 1055 424 PROLEGOMENA.

277 532 489 598 fundamento
513 534 720 599 ratiocinatio
744 535 882 619 nitatur,
905 533 1045 618 primum
1070 554 1222 617 quaerere
1245 555 1305 596 nos
1330 538 1472 617 oportet,
1496 556 1562 618 qua

278 641 410 705 tandem
437 642 512 706 sede
539 665 691 706 versuum
719 640 981 727 logaoedieorum
1005 640 1180 725 ancipitem
1204 639 1364 724 syllabam
1387 640 1561 705 admittere

278 747 386 833 poetis
417 746 554 812 licuerit.
600 747 744 812 Admisit
776 753 885 812 autem
911 746 1071 812 Pindarus
1098 748 1188 833 leges
1217 746 1361 812 omnium
1389 752 1560 832 poetarum

280 877 467 921 communes
491 860 621 921 secutus
649 854 825 940 ancipitem
849 854 1008 941 syllabam
1031 860 1258 938 praeterquam
1281 854 1316 918 in
1339 855 1402 918 fine
1430 859 1463 918 et
1487 877 1562 919 ana-

280 963 366 1027 crusi
395 984 521 1048 versus,
547 962 583 1026 in
610 962 682 1027 basi
705 961 947 1027 Hermanniana
970 966 1003 1025 et
1025 961 1061 1025 in
1083 963 1147 1026 fine
1171 961 1268 1026 medii
1292 960 1443 1045 membri,
1471 961 1561 1026 velut

285 1068 995 1154 Omhduhdmmlwh&

498 1239 705 1368 Τεύόραντος
726 1283 843 1348 πεδίον
865 1283 978 1366 μολὼν
1002 1284 1078 1347 ἔστα
1102 1284 1166 1346 σὺν
1187 1281 1329 1367 Ἀχιλλεῖ

493 1393 651 1477 ἄρχονται
674 1392 758 1469 Διὸς
781 1389 816 1455 ἐκ
839 1392 1031 1475 προοιμίου,
1054 1388 1108 1453 καὶ
1133 1387 1184 1454 dd'
1209 1389 1293 1475 ἀνήρ

494 1561 699 1689 παγκρατίου
722 1608 828 1692 στόλφ
852 1601 1073 1687 καματωδέων
1096 1599 1133 1667 el
1155 1608 1286 1687 πλαγᾶν

496 1715 584 1798 όφρα
607 1715 807 1788 θαλασσίαις
830 1710 960 1796 ἀνίμων
982 1713 1112 1797 ῥιπαῖσι
1135 1715 1301 1797 πεμφθείς

496 1929 583 2012 ῥῆμα
607 1925 637 1991 d’
660 1926 827 2012 ἐργμάτων
850 1927 1071 2011 χρονιώτερον
1093 1927 1233 2009 βιοτεύει

496 2036 638 2118 Αἰγίνας
660 2033 765 2116 ἕκατι,
788 2036 917 2118 φίλοισι
940 2033 1003 2118 γὰρ
1028 2036 1126 2118 φίλος
1149 2032 1260 2098 ἐλθών

497 2138 591 2218 αὖτις
613 2141 780 2226 Εὐρώπαν
803 2137 878 2205 ποτὶ
902 2141 1021 2226 χερσὸν
1045 2143 1137 2205 ε”ντεα
1161 2143 1248 2217 ναός.

284 2268 346 2335 Sed
365 2268 442 2334 lieet
464 2268 498 2332 in
517 2267 569 2332 his
587 2267 668 2331 loeis
692 2265 817 2350 syllaba
836 2287 953 2350 anceps
973 2265 1121 2351 legitima
1139 2266 1252 2354 fuerit,
1275 2267 1433 2332 Pindarus
1452 2273 1564 2332 tamen

283 2377 414 2441 brevem
443 2375 614 2460 syllabam,
645 2379 682 2437 ut
705 2396 785 2456 quae
817 2373 958 2459 genuina
985 2373 1096 2457 fuerit,
1127 2373 1174 2439 ita
1198 2376 1398 2461 anteposuit,
1426 2378 1461 2438 ut
1488 2396 1563 2439 raro

283 2485 415 2569 longam
439 2505 497 2567 pro
521 2482 612 2547 brevi
636 2481 830 2546 admitteret.
867 2479 946 2545 Inde
970 2481 998 2545 si
1022 2504 1086 2565 quo
1105 2482 1176 2547 loeo
1196 2483 1346 2547 omnibus
1365 2483 1400 2546 in
1420 2480 1564 2565 strophis

284 2591 416 2676 longam
449 2589 572 2674 posuit,
605 2589 729 2653 duabus
758 2588 866 2673 longis
895 2588 960 2652 vim
987 2610 1053 2653 non
1081 2589 1225 2654 trochaei
1253 2588 1450 2654 irrationalis
1479 2588 1565 2674 (roo

284 2702 380 2783 χαίου
404 2695 543 2782 ἀλόγου)
568 2697 624 2760 sed
646 2696 736 2780 pedis
757 2694 874 2759 senarii
895 2693 1012 2779 (ποδὸς
1031 2693 1208 2783 ἑξασήμου)
1229 2697 1417 2760 tribuemus.
1456 2696 1564 2779 Atque

283 2806 318 2870 in
340 2805 437 2869 huius
460 2803 612 2868 editionis
637 2801 810 2867 schematis
833 2801 977 2865 metricis
1002 2803 1081 2866 duas
1104 2803 1218 2888 longas
1238 2803 1361 2868 trinum
1381 2808 1564 2887 temporum

285 2913 434 2997 deinceps
458 2911 582 2996 positas
605 2909 640 2973 in
663 2907 751 2973 omni
775 2907 848 2972 sede
871 2929 1023 2973 versuum
1046 2909 1309 2996 logaoedicorum
1332 2910 1485 2992 invenies,
1510 2911 1566 2974 sed

285 3020 398 3086 crebro
422 3021 551 3082 tantum
577 3017 613 3080 in
640 3016 703 3079 fine
731 3037 857 3099 versus,
884 3014 988 3081 rarius
1010 3017 1044 3080 in
1068 3017 1187 3103 primo,
1214 3018 1378 3083 rarissime
1401 3017 1436 3081 in
1459 3015 1565 3081 medio

284 3149 388 3192 versu.
430 3123 589 3208 Exemplo
613 3127 678 3187 sint
701 3144 813 3187 versus
836 3122 884 3187 hi:

535 3338 603 3403 αἵτε
627 3291 745 3404 ναίετε.
757 3292 978 3404 καλλίπωλον.
990 3293 1092 3426 ἕδραν
1104 3294 1165 3427 lO.
1185 3358 1246 3405 XIV
1264 3338 1314 3423 2),

641 3471 1106 3515 υὶυλ-ΞυυυυιυυΛ

428 3555 505 3619 τεὰν
529 3553 677 3638 ἀδελφὰν
700 3551 859 3637 ἐλάχομεν
882 3552 1084 3636 ἀγλαόγυιον
1098 3507 1212 3635 “Ilduro
1234 3548 1289 3637 (N.
1308 3567 1358 3614 vn
1376 3548 1427 3634 4),

804 3712 840 3745 l...
859 3718 1035 3746 υυυυυ

591 3789 719 3870 βουλᾶν
742 3782 778 3850 dl
801 3737 1030 3867 καὶπολέμου
1055 3782 1104 3872 (Ρ.
1123 3800 1185 3848 vln
1205 3781 1254 3869 3),

490 4020 625 4105 ῥαπτῶν
648 3943 1067 4082 ἕπέωνιτὰ-υπόλλύόοιίοί
1087 4015 1141 4104 (N.
1161 4034 1187 4080 ΙΙ
1206 4017 1235 4081 2.
1258 4033 1295 4079 lv
1315 4013 1364 4101 8),

714 4160 1140 4210 [memoriarum

483 4253 595 4329 ἵπποις
617 4251 768 4335 ἡμιόνοις
790 4273 825 4315 τε
847 4251 1059 4336 μοναμπυκίᾳ
1081 4272 1115 4314 τε
1140 4246 1190 4333 (0.
1208 4267 1233 4311 v
1255 4271 1303 4332 ep.
1329 4246 1358 4333 1)
1365 4302 1374 4333 ,

390 4379 479 4447 m-
503 4391 1013 4445 =oo-or.'-r-soo-ec'.i-
1038 4401 1043 4429 τ
1067 4392 1280 4443 σπου-ι,
1306 4404 1310 4430 2
1334 4417 1458 4443 ο-ο-

332 4489 483 4561 ἄντειλας
504 4487 676 4550 Διόνυσον
699 4481 719 4565 λ)
743 4490 854 4569 χρυσῷ
878 4480 1094 4565 μεσονύκτιον
1117 4484 1261 4565 νίφοντα
1283 4479 1443 4566 δεξαμένα
1466 4480 1525 4544 τὸν

692 4589 856 4675 φέρτατον
879 4593 971 4653 θεῶν
994 4584 1032 4674 (Ι.
1052 4606 1101 4652 vn
1120 4586 1163 4675 5).

377 4717 439 4783 His
461 4718 564 4804 igitur
588 4721 621 4781 et
644 4714 804 4780 similibus
827 4715 861 4778 in
880 4712 1041 4795 versibus,
1063 4718 1237 4798 postquam
1257 4713 1310 4778 diu
1331 4711 1431 4777 animi
1450 4732 1567 4796 pepen-

289 4827 409 4913 dimus,
440 4823 659 4910 rhythmicam
686 4821 839 4907 formam,
868 4842 932 4907 qua
958 4824 1071 4907 poetas
1099 4820 1243 4887 scenicos
1272 4840 1348 4883 usos
1377 4816 1454 4884 esse'
1476 4821 1568 4881 extra
