<?xml version="1.0" encoding="UTF-8"?>
<!DOCTYPE html PUBLIC "-//W3C//DTD XHTML 1.0 Transitional//EN"
    "http://www.w3.org/TR/xhtml1/DTD/xhtml1-transitional.dtd">
<html xmlns="http://www.w3.org/1999/xhtml" xml:lang="en" lang="en">
 <head>
  <title>
</title>
<meta http-equiv="Content-Type" content="text/html;charset=utf-8" />
  <meta name='ocr-system' content='tesseract 3.04.00' />
  <meta name='ocr-capabilities' content='ocr_page ocr_carea ocr_par ocr_line ocrx_word'/>
</head>
<body>
  <div class='ocr_page' id='page_1' title='image "./pindaricarminap00pindgoog_0614.png"; bbox 0 0 3406 5378; ppageno 0'>
   <div class='ocr_carea' id='block_1_1' title="bbox 744 362 1492 428">
    <p class='ocr_par' dir='ltr' id='par_1_1' title="bbox 744 362 1492 428">
     <span class='ocr_line' id='line_1_1' title="bbox 744 362 1492 428; baseline 0 -12"><span class='ocrx_word' id='word_1_1' title='bbox 744 365 971 419; x_wconf 78' lang='lat' dir='ltr'>FRAGMENTA.</span> <span class='ocrx_word' id='word_1_2' title='bbox 1429 362 1492 428; x_wconf 81' lang='grc'><strong><em>437</em></strong></span> 
     </span>
    </p>
   </div>
   <div class='ocr_carea' id='block_1_2' title="bbox 760 527 952 612">
    <p class='ocr_par' dir='ltr' id='par_1_2' title="bbox 760 527 952 612">
     <span class='ocr_line' id='line_1_2' title="bbox 760 527 952 612; baseline -0.005 -21"><span class='ocrx_word' id='word_1_3' title='bbox 760 534 823 592; x_wconf 74' lang='lat' dir='ltr'><strong><em>ree</em></strong></span> <span class='ocrx_word' id='word_1_4' title='bbox 848 527 952 612; x_wconf 83' lang='lat'>[117].</span> 
     </span>
    </p>
   </div>
   <div class='ocr_carea' id='block_1_3' title="bbox 217 631 1492 1079">
    <p class='ocr_par' dir='ltr' id='par_1_3' title="bbox 217 631 1492 1079">
     <span class='ocr_line' id='line_1_3' title="bbox 308 631 1492 720; baseline 0.002 -22"><span class='ocrx_word' id='word_1_5' title='bbox 308 639 404 700; x_wconf 88' lang='lat' dir='ltr'>Schol.</span> <span class='ocrx_word' id='word_1_6' title='bbox 424 639 528 701; x_wconf 80' lang='lat' dir='ltr'>Aesch.</span> <span class='ocrx_word' id='word_1_7' title='bbox 548 641 634 699; x_wconf 81' lang='lat' dir='ltr'>Eum.</span> <span class='ocrx_word' id='word_1_8' title='bbox 656 652 702 699; x_wconf 85' lang='lat'><strong><em>11:</em></strong></span> <span class='ocrx_word' id='word_1_9' title='bbox 727 637 915 720; x_wconf 80' lang='grc' dir='ltr'><strong><em>χαριζόμενος</em></strong></span> <span class='ocrx_word' id='word_1_10' title='bbox 931 631 1104 717; x_wconf 84' lang='grc' dir='ltr'><strong><em>Ἀθηναίοις</em></strong></span> <span class='ocrx_word' id='word_1_11' title='bbox 1123 639 1309 719; x_wconf 77' lang='grc' dir='ltr'><strong><em>καταχθῆναί</em></strong></span> <span class='ocrx_word' id='word_1_12' title='bbox 1325 656 1420 718; x_wconf 81' lang='grc' dir='ltr'><strong><em>φησιν</em></strong></span> <span class='ocrx_word' id='word_1_13' title='bbox 1438 639 1492 700; x_wconf 81' lang='grc' dir='ltr'><strong><em>αὐ-</em></strong></span> 
     </span>
     <span class='ocr_line' id='line_1_4' title="bbox 218 722 1492 813; baseline 0 -24"><span class='ocrx_word' id='word_1_14' title='bbox 218 727 269 790; x_wconf 87' lang='grc' dir='ltr'><strong><em>τὸν</em></strong></span> <span class='ocrx_word' id='word_1_15' title='bbox 292 726 382 790; x_wconf 85' lang='grc' dir='ltr'><strong><em>ἐκεῖσε</em></strong></span> <span class='ocrx_word' id='word_1_16' title='bbox 403 722 581 807; x_wconf 80' lang='grc' dir='ltr'><strong><em>Ἀπόλλωνα,</em></strong></span> <span class='ocrx_word' id='word_1_17' title='bbox 603 726 744 790; x_wconf 79' lang='grc' dir='ltr'><strong><em>κάκεῖθεν</em></strong></span> <span class='ocrx_word' id='word_1_18' title='bbox 766 725 821 806; x_wconf 76' lang='grc' dir='ltr'><strong><em>τὴν</em></strong></span> <span class='ocrx_word' id='word_1_19' title='bbox 843 727 1032 809; x_wconf 78' lang='grc' dir='ltr'><strong><em>περιποριπήν</em></strong></span> <span class='ocrx_word' id='word_1_20' title='bbox 1050 727 1128 813; x_wconf 78' lang='grc' dir='ltr'><strong><em>αὐτῷ</em></strong></span> <span class='ocrx_word' id='word_1_21' title='bbox 1147 722 1233 808; x_wconf 80' lang='grc' dir='ltr'><strong><em>εἶναι,</em></strong></span> <span class='ocrx_word' id='word_1_22' title='bbox 1252 725 1268 788; x_wconf 85' lang='grc' dir='ltr'><strong><em>δ</em></strong></span> <span class='ocrx_word' id='word_1_23' title='bbox 1288 725 1320 789; x_wconf 85' lang='grc' dir='ltr'><strong><em>δέ</em></strong></span> <span class='ocrx_word' id='word_1_24' title='bbox 1340 729 1492 810; x_wconf 88' lang='grc' dir='ltr'><strong><em>Πίνδαρος</em></strong></span> 
     </span>
     <span class='ocr_line' id='line_1_5' title="bbox 217 816 1491 899; baseline 0 -21"><span class='ocrx_word' id='word_1_25' title='bbox 217 816 250 879; x_wconf 87' lang='grc' dir='ltr'><strong><em>έιι</em></strong></span> <span class='ocrx_word' id='word_1_26' title='bbox 270 819 424 899; x_wconf 87' lang='grc' dir='ltr'><strong><em>Τανάγρας</em></strong></span> <span class='ocrx_word' id='word_1_27' title='bbox 447 827 499 897; x_wconf 80' lang='grc' dir='ltr'><strong><em>τῆς</em></strong></span> <span class='ocrx_word' id='word_1_28' title='bbox 522 820 672 892; x_wconf 77' lang='grc' dir='ltr'><strong><em>Βοιωτίας.</em></strong></span> <span class='ocrx_word' id='word_1_29' title='bbox 710 819 768 879; x_wconf 91' lang='lat' dir='ltr'><strong><em>Pro</em></strong></span> <span class='ocrx_word' id='word_1_30' title='bbox 790 817 943 898; x_wconf 90' lang='grc' dir='ltr'><strong><em>Τανάγρας</em></strong></span> <span class='ocrx_word' id='word_1_31' title='bbox 966 819 1153 879; x_wconf 85' lang='lat' dir='ltr'>scribendum</span> <span class='ocrx_word' id='word_1_32' title='bbox 1177 837 1239 879; x_wconf 89' lang='lat' dir='ltr'>csse</span> <span class='ocrx_word' id='word_1_33' title='bbox 1260 819 1402 899; x_wconf 77' lang='grc' dir='ltr'><strong><em>Τεγύρας,</em></strong></span> <span class='ocrx_word' id='word_1_34' title='bbox 1424 839 1491 896; x_wconf 93' lang='lat' dir='ltr'><strong><em>pro·</em></strong></span> 
     </span>
     <span class='ocr_line' id='line_1_6' title="bbox 218 900 1492 987; baseline 0.001 -20"><span class='ocrx_word' id='word_1_35' title='bbox 218 908 302 968; x_wconf 80' lang='lat' dir='ltr'>bavit</span> <span class='ocrx_word' id='word_1_36' title='bbox 321 906 354 969; x_wconf 94' lang='grc' dir='ltr'><strong><em>Ο.</em></strong></span> <span class='ocrx_word' id='word_1_37' title='bbox 373 908 491 987; x_wconf 82' lang='lat' dir='ltr'>Mulier,</span> <span class='ocrx_word' id='word_1_38' title='bbox 511 900 730 969; x_wconf 74' lang='lat' dir='ltr'>Orchomenos²</span> <span class='ocrx_word' id='word_1_39' title='bbox 747 929 775 985; x_wconf 92' lang='lat' dir='ltr'><strong><em>p.</em></strong></span> <span class='ocrx_word' id='word_1_40' title='bbox 796 919 863 985; x_wconf 82' lang='lat'><em>1613</em></span> <span class='ocrx_word' id='word_1_41' title='bbox 886 909 1090 987; x_wconf 79' lang='lat' dir='ltr'><strong>fragmentum</strong></span> <span class='ocrx_word' id='word_1_42' title='bbox 1108 908 1168 968; x_wconf 85' lang='lat' dir='ltr'>fuit</span> <span class='ocrx_word' id='word_1_43' title='bbox 1185 908 1308 985; x_wconf 77' lang='lat' dir='ltr'>paeonis</span> <span class='ocrx_word' id='word_1_44' title='bbox 1327 909 1358 967; x_wconf 90' lang='lat' dir='ltr'><strong><em>in</em></strong></span> <span class='ocrx_word' id='word_1_45' title='bbox 1376 909 1492 986; x_wconf 90' lang='lat' dir='ltr'>Apolli·</span> 
     </span>
     <span class='ocr_line' id='line_1_7' title="bbox 217 997 720 1079; baseline -0.002 -22"><span class='ocrx_word' id='word_1_46' title='bbox 217 1017 285 1057; x_wconf 90' lang='lat' dir='ltr'><strong><em>nem</em></strong></span> <span class='ocrx_word' id='word_1_47' title='bbox 307 997 464 1079; x_wconf 76' lang='lat' dir='ltr'>Pythium5</span> <span class='ocrx_word' id='word_1_48' title='bbox 487 998 524 1058; x_wconf 87' lang='lat' dir='ltr'><strong><em>cf.</em></strong></span> <span class='ocrx_word' id='word_1_49' title='bbox 547 998 582 1057; x_wconf 83' lang='lat' dir='ltr'><strong><em>fr.</em></strong></span> <span class='ocrx_word' id='word_1_50' title='bbox 607 1008 720 1057; x_wconf 79' lang='lat'><strong>52-56.</strong></span> 
     </span>
    </p>
   </div>
   <div class='ocr_carea' id='block_1_4' title="bbox 758 1134 950 1220">
    <p class='ocr_par' dir='ltr' id='par_1_4' title="bbox 758 1134 950 1220">
     <span class='ocr_line' id='line_1_8' title="bbox 758 1134 950 1220; baseline -0.01 -20"><span class='ocrx_word' id='word_1_51' title='bbox 758 1143 820 1201; x_wconf 79' lang='grc' dir='ltr'><strong><em>εει</em></strong></span> <span class='ocrx_word' id='word_1_52' title='bbox 847 1134 950 1220; x_wconf 70' lang='lat'>[120]</span> 
     </span>
    </p>
   </div>
   <div class='ocr_carea' id='block_1_5' title="bbox 212 1240 1491 1687">
    <p class='ocr_par' dir='ltr' id='par_1_5' title="bbox 212 1240 1491 1687">
     <span class='ocr_line' id='line_1_9' title="bbox 305 1240 1491 1334; baseline 0 -27"><span class='ocrx_word' id='word_1_53' title='bbox 305 1245 423 1325; x_wconf 82' lang='lat' dir='ltr'>[Julian</span> <span class='ocrx_word' id='word_1_54' title='bbox 442 1248 526 1325; x_wconf 84' lang='lat' dir='ltr'>epist</span> <span class='ocrx_word' id='word_1_55' title='bbox 545 1259 592 1308; x_wconf 79' lang='lat'><strong><em>19:</em></strong></span> <span class='ocrx_word' id='word_1_56' title='bbox 615 1247 758 1334; x_wconf 79' lang='grc' dir='ltr'><strong><em>Πινδάρῳ</em></strong></span> <span class='ocrx_word' id='word_1_57' title='bbox 782 1243 836 1327; x_wconf 70' lang='grc' dir='ltr'><strong><em>μὲν</em></strong></span> <span class='ocrx_word' id='word_1_58' title='bbox 859 1244 1034 1328; x_wconf 79' lang='grc' dir='ltr'><strong><em>ἀργυρέας</em></strong></span> <span class='ocrx_word' id='word_1_59' title='bbox 1057 1240 1134 1308; x_wconf 79' lang='grc' dir='ltr'><strong><em>εἶναι</em></strong></span> <span class='ocrx_word' id='word_1_60' title='bbox 1152 1246 1238 1308; x_wconf 90' lang='grc' dir='ltr'><strong><em>δοκεῖ</em></strong></span> <span class='ocrx_word' id='word_1_61' title='bbox 1251 1244 1303 1318; x_wconf 85' lang='grc' dir='ltr'><strong><em>τὰς</em></strong></span> <span class='ocrx_word' id='word_1_62' title='bbox 1323 1248 1491 1328; x_wconf 84' lang='grc' dir='ltr'><strong><em>Μούσας,</em></strong></span> 
     </span>
     <span class='ocr_line' id='line_1_10' title="bbox 215 1333 1490 1417; baseline -0.001 -19"><span class='ocrx_word' id='word_1_63' title='bbox 215 1335 306 1398; x_wconf 79' lang='grc' dir='ltr'><strong><em>οίονεδ</em></strong></span> <span class='ocrx_word' id='word_1_64' title='bbox 329 1335 360 1398; x_wconf 89' lang='grc' dir='ltr'><strong><em>τὸ</em></strong></span> <span class='ocrx_word' id='word_1_65' title='bbox 384 1334 510 1415; x_wconf 71' lang='grc' dir='ltr'><strong><em>ἔκδηλον</em></strong></span> <span class='ocrx_word' id='word_1_66' title='bbox 533 1335 632 1398; x_wconf 82' lang='grc' dir='ltr'><strong><em>αὐτῶν</em></strong></span> <span class='ocrx_word' id='word_1_67' title='bbox 659 1336 709 1398; x_wconf 83' lang='grc' dir='ltr'><strong><em>καί</em></strong></span> <span class='ocrx_word' id='word_1_68' title='bbox 736 1333 898 1416; x_wconf 80' lang='grc' dir='ltr'><strong><em>περιφανές</em></strong></span> <span class='ocrx_word' id='word_1_69' title='bbox 925 1345 978 1415; x_wconf 82' lang='grc' dir='ltr'><strong><em>τῆς</em></strong></span> <span class='ocrx_word' id='word_1_70' title='bbox 1000 1334 1103 1416; x_wconf 83' lang='grc' dir='ltr'><strong><em>τέχνης</em></strong></span> <span class='ocrx_word' id='word_1_71' title='bbox 1125 1335 1168 1408; x_wconf 82' lang='grc' dir='ltr'><strong><em>είς</em></strong></span> <span class='ocrx_word' id='word_1_72' title='bbox 1191 1335 1222 1396; x_wconf 87' lang='grc' dir='ltr'><strong><em>τδ</em></strong></span> <span class='ocrx_word' id='word_1_73' title='bbox 1246 1344 1299 1415; x_wconf 81' lang='grc' dir='ltr'><strong><em>τῆς</em></strong></span> <span class='ocrx_word' id='word_1_74' title='bbox 1322 1336 1394 1415; x_wconf 79' lang='grc' dir='ltr'><strong><em>όίης</em></strong></span> <span class='ocrx_word' id='word_1_75' title='bbox 1418 1341 1490 1417; x_wconf 81' lang='grc' dir='ltr'><strong><em>λαμ-</em></strong></span> 
     </span>
     <span class='ocr_line' id='line_1_11' title="bbox 212 1424 1488 1507; baseline 0 -20"><span class='ocrx_word' id='word_1_76' title='bbox 212 1424 355 1507; x_wconf 85' lang='grc' dir='ltr'><strong><em>πρότερον</em></strong></span> <span class='ocrx_word' id='word_1_77' title='bbox 378 1424 572 1501; x_wconf 87' lang='grc' dir='ltr'><strong><em>άπεικάζοντι.</em></strong></span> <span class='ocrx_word' id='word_1_78' title='bbox 613 1427 694 1487; x_wconf 90' lang='lat' dir='ltr'>Idem</span> <span class='ocrx_word' id='word_1_79' title='bbox 719 1427 833 1487; x_wconf 88' lang='lat' dir='ltr'>dictum</span> <span class='ocrx_word' id='word_1_80' title='bbox 855 1427 977 1486; x_wconf 80' lang='lat' dir='ltr'>Pindari</span> <span class='ocrx_word' id='word_1_81' title='bbox 1000 1429 1118 1503; x_wconf 78' lang='lat' dir='ltr'>spectat</span> <span class='ocrx_word' id='word_1_82' title='bbox 1140 1425 1259 1486; x_wconf 81' lang='lat' dir='ltr'>Tzetzes</span> <span class='ocrx_word' id='word_1_83' title='bbox 1283 1446 1327 1502; x_wconf 90' lang='lat' dir='ltr'><strong><em>ep.</em></strong></span> <span class='ocrx_word' id='word_1_84' title='bbox 1346 1438 1381 1486; x_wconf 81' lang='lat'><strong><em>42</em></strong></span> <span class='ocrx_word' id='word_1_85' title='bbox 1404 1447 1434 1504; x_wconf 91' lang='lat' dir='ltr'><strong><em>p.</em></strong></span> <span class='ocrx_word' id='word_1_86' title='bbox 1454 1439 1488 1487; x_wconf 81' lang='grc'><strong><em>38</em></strong></span> 
     </span>
     <span class='ocr_line' id='line_1_12' title="bbox 213 1513 1488 1596; baseline 0.001 -22"><span class='ocrx_word' id='word_1_87' title='bbox 213 1519 245 1575; x_wconf 89' lang='lat' dir='ltr'><strong><em>et</em></strong></span> <span class='ocrx_word' id='word_1_88' title='bbox 267 1535 313 1592; x_wconf 89' lang='lat' dir='ltr'><strong><em>ep.</em></strong></span> <span class='ocrx_word' id='word_1_89' title='bbox 333 1527 365 1575; x_wconf 76' lang='lat'><strong><em>75</em></strong></span> <span class='ocrx_word' id='word_1_90' title='bbox 389 1537 418 1593; x_wconf 93' lang='lat' dir='ltr'><strong><em>p.</em></strong></span> <span class='ocrx_word' id='word_1_91' title='bbox 438 1528 479 1577; x_wconf 83' lang='grc'><strong><em>67.</em></strong></span> <span class='ocrx_word' id='word_1_92' title='bbox 517 1516 670 1576; x_wconf 76' lang='lat' dir='ltr'>Pertinere</span> <span class='ocrx_word' id='word_1_93' title='bbox 693 1517 765 1576; x_wconf 78' lang='lat' dir='ltr'>haec</span> <span class='ocrx_word' id='word_1_94' title='bbox 785 1519 952 1576; x_wconf 78' lang='lat' dir='ltr'>commenta</span> <span class='ocrx_word' id='word_1_95' title='bbox 970 1516 1112 1576; x_wconf 86' lang='lat' dir='ltr'>videntur</span> <span class='ocrx_word' id='word_1_96' title='bbox 1130 1515 1168 1574; x_wconf 84' lang='lat' dir='ltr'><strong><em>ad</em></strong></span> <span class='ocrx_word' id='word_1_97' title='bbox 1186 1515 1208 1573; x_wconf 95' lang='grc' dir='ltr'><strong><em>Ι.</em></strong></span> <span class='ocrx_word' id='word_1_98' title='bbox 1228 1534 1251 1572; x_wconf 92' lang='lat'><strong><em>11</em></strong></span> <span class='ocrx_word' id='word_1_99' title='bbox 1271 1526 1287 1575; x_wconf 79' lang='lat'><strong>7</strong></span> <span class='ocrx_word' id='word_1_100' title='bbox 1309 1513 1488 1596; x_wconf 77' lang='grc' dir='ltr'><strong><em>Τερψιχόρας</em></strong></span> 
     </span>
     <span class='ocr_line' id='line_1_13' title="bbox 214 1601 459 1687; baseline -0.004 -22"><span class='ocrx_word' id='word_1_101' title='bbox 214 1601 459 1687; x_wconf 78' lang='grc' dir='ltr'><strong><em>ἁργυροοθείσας].</em></strong></span> 
     </span>
    </p>
   </div>
   <div class='ocr_carea' id='block_1_6' title="bbox 759 1706 950 1791">
    <p class='ocr_par' dir='ltr' id='par_1_6' title="bbox 759 1706 950 1791">
     <span class='ocr_line' id='line_1_14' title="bbox 759 1706 950 1791; baseline -0.005 -20"><span class='ocrx_word' id='word_1_102' title='bbox 759 1714 821 1773; x_wconf 73' lang='lat' dir='ltr'><strong><em>nee</em></strong></span> <span class='ocrx_word' id='word_1_103' title='bbox 845 1706 950 1791; x_wconf 61' lang='grc' dir='ltr'><strong><em>[τοι]</em></strong></span> 
     </span>
    </p>
   </div>
   <div class='ocr_carea' id='block_1_7' title="bbox 214 1811 1490 2076">
    <p class='ocr_par' dir='ltr' id='par_1_7' title="bbox 214 1811 1490 2076">
     <span class='ocr_line' id='line_1_15' title="bbox 302 1811 1490 1901; baseline 0.001 -22"><span class='ocrx_word' id='word_1_104' title='bbox 302 1820 405 1880; x_wconf 80' lang='lat' dir='ltr'>Liban.</span> <span class='ocrx_word' id='word_1_105' title='bbox 426 1841 470 1897; x_wconf 90' lang='lat' dir='ltr'><strong><em>ep.</em></strong></span> <span class='ocrx_word' id='word_1_106' title='bbox 490 1831 541 1879; x_wconf 82' lang='lat'><strong><em>34:</em></strong></span> <span class='ocrx_word' id='word_1_107' title='bbox 565 1815 581 1878; x_wconf 87' lang='grc' dir='ltr'><strong><em>δ</em></strong></span> <span class='ocrx_word' id='word_1_108' title='bbox 601 1815 655 1898; x_wconf 71' lang='grc' dir='ltr'><strong><em>μέν</em></strong></span> <span class='ocrx_word' id='word_1_109' title='bbox 674 1817 825 1901; x_wconf 89' lang='grc' dir='ltr'><strong><em>Πίνδαρός</em></strong></span> <span class='ocrx_word' id='word_1_110' title='bbox 848 1839 907 1880; x_wconf 88' lang='grc' dir='ltr'><strong><em>που</em></strong></span> <span class='ocrx_word' id='word_1_111' title='bbox 931 1816 1007 1898; x_wconf 78' lang='grc' dir='ltr'><strong><em>φησὶ</em></strong></span> <span class='ocrx_word' id='word_1_112' title='bbox 1027 1817 1128 1898; x_wconf 77' lang='grc' dir='ltr'><strong><em>μήλων</em></strong></span> <span class='ocrx_word' id='word_1_113' title='bbox 1146 1839 1176 1878; x_wconf 91' lang='grc' dir='ltr'><strong><em>τε</em></strong></span> <span class='ocrx_word' id='word_1_114' title='bbox 1194 1825 1310 1899; x_wconf 78' lang='grc' dir='ltr'><strong><em>χρυσῶν</em></strong></span> <span class='ocrx_word' id='word_1_115' title='bbox 1332 1811 1409 1878; x_wconf 77' lang='grc' dir='ltr'><strong><em>εἶναι</em></strong></span> <span class='ocrx_word' id='word_1_116' title='bbox 1431 1819 1490 1896; x_wconf 86' lang='grc' dir='ltr'><strong><em>φύ-</em></strong></span> 
     </span>
     <span class='ocr_line' id='line_1_16' title="bbox 214 1902 1490 1988; baseline -0.001 -19"><span class='ocrx_word' id='word_1_117' title='bbox 214 1911 281 1988; x_wconf 77' lang='grc' dir='ltr'><strong><em>λαξ,</em></strong></span> <span class='ocrx_word' id='word_1_118' title='bbox 310 1907 345 1969; x_wconf 85' lang='grc' dir='ltr'><strong><em>τά</em></strong></span> <span class='ocrx_word' id='word_1_119' title='bbox 374 1906 406 1969; x_wconf 79' lang='grc' dir='ltr'><strong><em>δὲ</em></strong></span> <span class='ocrx_word' id='word_1_120' title='bbox 433 1902 510 1969; x_wconf 81' lang='grc' dir='ltr'><strong><em>εἶναι</em></strong></span> <span class='ocrx_word' id='word_1_121' title='bbox 538 1911 675 1969; x_wconf 85' lang='grc' dir='ltr'><strong><em>Μουσῶν</em></strong></span> <span class='ocrx_word' id='word_1_122' title='bbox 701 1906 752 1969; x_wconf 83' lang='grc' dir='ltr'><strong><em>καί</em></strong></span> <span class='ocrx_word' id='word_1_123' title='bbox 778 1910 891 1970; x_wconf 86' lang='grc' dir='ltr'><strong><em>τούτων</em></strong></span> <span class='ocrx_word' id='word_1_124' title='bbox 915 1904 1014 1968; x_wconf 74' lang='grc' dir='ltr'><strong><em>άίίοτε</em></strong></span> <span class='ocrx_word' id='word_1_125' title='bbox 1037 1904 1136 1980; x_wconf 78' lang='grc' dir='ltr'><strong><em>άίίοις</em></strong></span> <span class='ocrx_word' id='word_1_126' title='bbox 1161 1905 1267 1986; x_wconf 79' lang='grc' dir='ltr'><strong><em>νέμειν.</em></strong></span> <span class='ocrx_word' id='word_1_127' title='bbox 1314 1907 1432 1968; x_wconf 78' lang='lat' dir='ltr'>Similia</span> <span class='ocrx_word' id='word_1_128' title='bbox 1455 1909 1490 1968; x_wconf 94' lang='lat' dir='ltr'><strong><em>de</em></strong></span> 
     </span>
     <span class='ocr_line' id='line_1_17' title="bbox 214 1995 970 2076; baseline -0.004 -17"><span class='ocrx_word' id='word_1_129' title='bbox 214 2019 269 2059; x_wconf 83' lang='lat' dir='ltr'><strong><em>sue</em></strong></span> <span class='ocrx_word' id='word_1_130' title='bbox 291 2000 378 2059; x_wconf 80' lang='lat' dir='ltr'>Musa</span> <span class='ocrx_word' id='word_1_131' title='bbox 400 1999 555 2076; x_wconf 84' lang='lat' dir='ltr'>praedicat</span> <span class='ocrx_word' id='word_1_132' title='bbox 576 1999 724 2058; x_wconf 78' lang='lat' dir='ltr'>Pindarus</span> <span class='ocrx_word' id='word_1_133' title='bbox 749 1995 783 2058; x_wconf 93' lang='grc' dir='ltr'><strong><em>Ο.</em></strong></span> <span class='ocrx_word' id='word_1_134' title='bbox 807 2017 851 2059; x_wconf 85' lang='lat' dir='ltr'><strong><em>vu</em></strong></span> <span class='ocrx_word' id='word_1_135' title='bbox 876 2010 970 2059; x_wconf 78' lang='lat'>7-11.</span> 
     </span>
    </p>
   </div>
   <div class='ocr_carea' id='block_1_8' title="bbox 759 2134 950 2221">
    <p class='ocr_par' dir='ltr' id='par_1_8' title="bbox 759 2134 950 2221">
     <span class='ocr_line' id='line_1_18' title="bbox 759 2134 950 2221; baseline 0 -22"><span class='ocrx_word' id='word_1_136' title='bbox 759 2143 820 2202; x_wconf 77' lang='lat' dir='ltr'><strong><em>ree</em></strong></span> <span class='ocrx_word' id='word_1_137' title='bbox 847 2134 950 2221; x_wconf 61' lang='grc' dir='ltr'><strong><em>[τοι]</em></strong></span> 
     </span>
    </p>
   </div>
   <div class='ocr_carea' id='block_1_9' title="bbox 212 2240 1493 2419">
    <p class='ocr_par' dir='ltr' id='par_1_9' title="bbox 212 2240 1493 2419">
     <span class='ocr_line' id='line_1_19' title="bbox 305 2240 1492 2328; baseline -0.001 -20"><span class='ocrx_word' id='word_1_138' title='bbox 305 2249 386 2310; x_wconf 90' lang='lat' dir='ltr'>Stob.</span> <span class='ocrx_word' id='word_1_139' title='bbox 401 2250 479 2309; x_wconf 81' lang='lat' dir='ltr'>Flor.</span> <span class='ocrx_word' id='word_1_140' title='bbox 496 2261 610 2308; x_wconf 75' lang='lat' dir='ltr'>cx112:</span> <span class='ocrx_word' id='word_1_141' title='bbox 629 2248 798 2327; x_wconf 82' lang='grc' dir='ltr'><strong><em>Πινδάρου·</em></strong></span> <span class='ocrx_word' id='word_1_142' title='bbox 815 2247 969 2326; x_wconf 89' lang='grc' dir='ltr'><strong><em>Πίνδαρος</em></strong></span> <span class='ocrx_word' id='word_1_143' title='bbox 982 2240 1044 2308; x_wconf 78' lang='grc' dir='ltr'><strong><em>εἶπε</em></strong></span> <span class='ocrx_word' id='word_1_144' title='bbox 1058 2245 1110 2319; x_wconf 82' lang='grc' dir='ltr'><strong><em>τὰς</em></strong></span> <span class='ocrx_word' id='word_1_145' title='bbox 1128 2244 1274 2319; x_wconf 80' lang='grc' dir='ltr'><strong><em>ἐλπίδας</em></strong></span> <span class='ocrx_word' id='word_1_146' title='bbox 1294 2240 1369 2307; x_wconf 82' lang='grc' dir='ltr'><strong><em>εἶναι</em></strong></span> <span class='ocrx_word' id='word_1_147' title='bbox 1387 2245 1492 2328; x_wconf 85' lang='grc' dir='ltr'><strong><em>ἐγρη-</em></strong></span> 
     </span>
     <span class='ocr_line' id='line_1_20' title="bbox 212 2329 1493 2419; baseline -0.002 -20"><span class='ocrx_word' id='word_1_148' title='bbox 212 2337 371 2419; x_wconf 88' lang='grc' dir='ltr'><strong><em>γορότων</em></strong></span> <span class='ocrx_word' id='word_1_149' title='bbox 399 2335 565 2399; x_wconf 82' lang='grc' dir='ltr'><strong><em>ἐνύπνια·</em></strong></span> <span class='ocrx_word' id='word_1_150' title='bbox 593 2339 716 2415; x_wconf 78' lang='lat' dir='ltr'><strong><em>respicit</em></strong></span> <span class='ocrx_word' id='word_1_151' title='bbox 742 2338 822 2397; x_wconf 93' lang='lat' dir='ltr'>Plut.</span> <span class='ocrx_word' id='word_1_152' title='bbox 845 2339 928 2396; x_wconf 82' lang='lat' dir='ltr'>Erot.</span> <span class='ocrx_word' id='word_1_153' title='bbox 954 2348 1000 2396; x_wconf 80' lang='lat'><strong><em>16:</em></strong></span> <span class='ocrx_word' id='word_1_154' title='bbox 1030 2335 1079 2396; x_wconf 80' lang='grc' dir='ltr'><strong><em>καί</em></strong></span> <span class='ocrx_word' id='word_1_155' title='bbox 1103 2334 1182 2416; x_wconf 77' lang='grc' dir='ltr'><strong><em>οὐχί,</em></strong></span> <span class='ocrx_word' id='word_1_156' title='bbox 1211 2336 1250 2408; x_wconf 76' lang='grc' dir='ltr'><strong><em>ὥς</em></strong></span> <span class='ocrx_word' id='word_1_157' title='bbox 1273 2359 1316 2409; x_wconf 90' lang='grc' dir='ltr'><strong><em>τις</em></strong></span> <span class='ocrx_word' id='word_1_158' title='bbox 1340 2329 1436 2415; x_wconf 77' lang='grc' dir='ltr'><strong><em>εἶπεν,</em></strong></span> <span class='ocrx_word' id='word_1_159' title='bbox 1460 2337 1493 2397; x_wconf 84' lang='grc' dir='ltr'><strong><em>αί</em></strong></span> 
     </span>
    </p>
   </div>
   <div class='ocr_carea' id='block_1_10' title="bbox 213 2422 1490 2594">
    <p class='ocr_par' dir='ltr' id='par_1_10' title="bbox 213 2422 1490 2594">
     <span class='ocr_line' id='line_1_21' title="bbox 213 2422 1490 2507; baseline -0.002 -18"><span class='ocrx_word' id='word_1_160' title='bbox 213 2427 363 2507; x_wconf 82' lang='grc' dir='ltr'><strong><em>ποιητικαί</em></strong></span> <span class='ocrx_word' id='word_1_161' title='bbox 386 2427 546 2504; x_wconf 85' lang='grc' dir='ltr'><strong><em>φαντασίαι</em></strong></span> <span class='ocrx_word' id='word_1_162' title='bbox 569 2425 619 2487; x_wconf 86' lang='grc' dir='ltr'><strong><em>διά</em></strong></span> <span class='ocrx_word' id='word_1_163' title='bbox 642 2425 696 2504; x_wconf 81' lang='grc' dir='ltr'><strong><em>τὴν</em></strong></span> <span class='ocrx_word' id='word_1_164' title='bbox 719 2425 873 2507; x_wconf 89' lang='grc' dir='ltr'><strong><em>ἐνάργειαν</em></strong></span> <span class='ocrx_word' id='word_1_165' title='bbox 896 2423 1097 2507; x_wconf 74' lang='grc' dir='ltr'><strong><em>ἐγρηγορότων</em></strong></span> <span class='ocrx_word' id='word_1_166' title='bbox 1120 2422 1247 2487; x_wconf 83' lang='grc' dir='ltr'><strong><em>ἐνύπνιά</em></strong></span> <span class='ocrx_word' id='word_1_167' title='bbox 1265 2425 1346 2486; x_wconf 83' lang='grc' dir='ltr'><strong><em>εἰσιν.</em></strong></span> <span class='ocrx_word' id='word_1_168' title='bbox 1387 2427 1490 2487; x_wconf 85' lang='lat' dir='ltr'>Simile</span> 
     </span>
     <span class='ocr_line' id='line_1_22' title="bbox 213 2515 1489 2594; baseline -0.002 -17"><span class='ocrx_word' id='word_1_169' title='bbox 213 2518 327 2578; x_wconf 90' lang='lat' dir='ltr'>dictum</span> <span class='ocrx_word' id='word_1_170' title='bbox 350 2517 472 2578; x_wconf 80' lang='lat' dir='ltr'>Platoni</span> <span class='ocrx_word' id='word_1_171' title='bbox 494 2517 602 2576; x_wconf 75' lang='lat' dir='ltr'>tribuit</span> <span class='ocrx_word' id='word_1_172' title='bbox 624 2516 732 2576; x_wconf 85' lang='lat' dir='ltr'>Aelien</span> <span class='ocrx_word' id='word_1_173' title='bbox 746 2517 782 2576; x_wconf 86' lang='lat' dir='ltr'><strong><em>V.</em></strong></span> <span class='ocrx_word' id='word_1_174' title='bbox 801 2516 838 2576; x_wconf 90' lang='lat' dir='ltr'><strong><em>H.</em></strong></span> <span class='ocrx_word' id='word_1_175' title='bbox 857 2534 914 2574; x_wconf 82' lang='lat' dir='ltr'><strong><em>xm</em></strong></span> <span class='ocrx_word' id='word_1_176' title='bbox 937 2527 980 2593; x_wconf 74' lang='grc' dir='ltr'><strong><em>τυ,</em></strong></span> <span class='ocrx_word' id='word_1_177' title='bbox 1003 2515 1161 2575; x_wconf 85' lang='lat' dir='ltr'>Aristoteli</span> <span class='ocrx_word' id='word_1_178' title='bbox 1183 2516 1271 2594; x_wconf 82' lang='lat' dir='ltr'>Diog.</span> <span class='ocrx_word' id='word_1_179' title='bbox 1290 2516 1389 2575; x_wconf 82' lang='lat' dir='ltr'>Laert.</span> <span class='ocrx_word' id='word_1_180' title='bbox 1407 2536 1427 2577; x_wconf 84' lang='lat' dir='ltr'><strong>v</strong></span> <span class='ocrx_word' id='word_1_181' title='bbox 1448 2527 1489 2577; x_wconf 87' lang='lat'><strong><em>18.</em></strong></span> 
     </span>
    </p>
   </div>
   <div class='ocr_carea' id='block_1_11' title="bbox 756 2654 947 2739">
    <p class='ocr_par' dir='ltr' id='par_1_11' title="bbox 756 2654 947 2739">
     <span class='ocr_line' id='line_1_23' title="bbox 756 2654 947 2739; baseline -0.005 -21"><span class='ocrx_word' id='word_1_182' title='bbox 756 2662 820 2720; x_wconf 77' lang='lat' dir='ltr'><strong><em>eoo</em></strong></span> <span class='ocrx_word' id='word_1_183' title='bbox 843 2654 947 2739; x_wconf 63' lang='lat' dir='ltr'>[roe]</span> 
     </span>
    </p>
   </div>
   <div class='ocr_carea' id='block_1_12' title="bbox 213 2761 1491 3208">
    <p class='ocr_par' dir='ltr' id='par_1_12' title="bbox 213 2761 1491 3208">
     <span class='ocr_line' id='line_1_24' title="bbox 304 2761 1491 2847; baseline -0.001 -19"><span class='ocrx_word' id='word_1_184' title='bbox 304 2767 406 2844; x_wconf 83' lang='lat' dir='ltr'>[Pane.</span> <span class='ocrx_word' id='word_1_185' title='bbox 430 2788 450 2828; x_wconf 88' lang='lat' dir='ltr'>v</span> <span class='ocrx_word' id='word_1_186' title='bbox 473 2781 517 2847; x_wconf 68' lang='grc' dir='ltr'><strong><em>τε,</em></strong></span> <span class='ocrx_word' id='word_1_187' title='bbox 541 2779 570 2827; x_wconf 76' lang='lat'><strong><em>6:</em></strong></span> <span class='ocrx_word' id='word_1_188' title='bbox 599 2763 710 2847; x_wconf 80' lang='grc' dir='ltr'><strong><em>λέγεται</em></strong></span> <span class='ocrx_word' id='word_1_189' title='bbox 740 2762 771 2825; x_wconf 78' lang='grc' dir='ltr'><strong><em>δὲ</em></strong></span> <span class='ocrx_word' id='word_1_190' title='bbox 801 2764 832 2838; x_wconf 89' lang='grc' dir='ltr'><strong><em>ἐς</em></strong></span> <span class='ocrx_word' id='word_1_191' title='bbox 862 2761 917 2845; x_wconf 78' lang='grc' dir='ltr'><strong><em>μὲν</em></strong></span> <span class='ocrx_word' id='word_1_192' title='bbox 947 2764 1106 2845; x_wconf 81' lang='grc' dir='ltr'><strong><em>Κόρκυραν</em></strong></span> <span class='ocrx_word' id='word_1_193' title='bbox 1129 2762 1169 2838; x_wconf 84' lang='grc' dir='ltr'><strong><em>ὡς</em></strong></span> <span class='ocrx_word' id='word_1_194' title='bbox 1192 2765 1312 2845; x_wconf 80' lang='grc' dir='ltr'><strong><em>μιχθείη</em></strong></span> <span class='ocrx_word' id='word_1_195' title='bbox 1338 2766 1491 2827; x_wconf 86' lang='grc' dir='ltr'><strong><em>Ποσειδῶν</em></strong></span> 
     </span>
     <span class='ocr_line' id='line_1_25' title="bbox 215 2843 1489 2942; baseline -0.001 -26"><span class='ocrx_word' id='word_1_196' title='bbox 215 2856 301 2941; x_wconf 75' lang='grc' dir='ltr'><strong><em>αὕτη·</em></strong></span> <span class='ocrx_word' id='word_1_197' title='bbox 326 2866 446 2917; x_wconf 86' lang='grc' dir='ltr'><strong><em>τοιαῦτα</em></strong></span> <span class='ocrx_word' id='word_1_198' title='bbox 469 2854 550 2938; x_wconf 76' lang='grc' dir='ltr'><strong><em>ἕτερα</em></strong></span> <span class='ocrx_word' id='word_1_199' title='bbox 572 2843 626 2942; x_wconf 74' lang='grc' dir='ltr'><strong><em>ᾖσε</em></strong></span> <span class='ocrx_word' id='word_1_200' title='bbox 645 2855 797 2936; x_wconf 90' lang='grc' dir='ltr'><strong><em>Πίνδαρος</em></strong></span> <span class='ocrx_word' id='word_1_201' title='bbox 819 2852 850 2927; x_wconf 89' lang='grc' dir='ltr'><strong><em>ἐς</em></strong></span> <span class='ocrx_word' id='word_1_202' title='bbox 872 2853 977 2934; x_wconf 82' lang='grc' dir='ltr'><strong><em>Θήβην</em></strong></span> <span class='ocrx_word' id='word_1_203' title='bbox 1000 2876 1029 2914; x_wconf 89' lang='grc' dir='ltr'><strong><em>τε</em></strong></span> <span class='ocrx_word' id='word_1_204' title='bbox 1052 2852 1102 2914; x_wconf 81' lang='grc' dir='ltr'><strong><em>καί</em></strong></span> <span class='ocrx_word' id='word_1_205' title='bbox 1124 2852 1155 2927; x_wconf 85' lang='grc' dir='ltr'><strong><em>ές</em></strong></span> <span class='ocrx_word' id='word_1_206' title='bbox 1173 2855 1239 2915; x_wconf 90' lang='grc' dir='ltr'><strong><em>Δία.</em></strong></span> <span class='ocrx_word' id='word_1_207' title='bbox 1276 2854 1432 2915; x_wconf 87' lang='lat' dir='ltr'>Pertinent</span> <span class='ocrx_word' id='word_1_208' title='bbox 1450 2857 1489 2916; x_wconf 84' lang='lat' dir='ltr'><strong><em>cd</em></strong></span> 
     </span>
     <span class='ocr_line' id='line_1_26' title="bbox 214 2937 1491 3024; baseline -0.001 -18"><span class='ocrx_word' id='word_1_209' title='bbox 214 2947 298 3006; x_wconf 90' lang='lat' dir='ltr'>Pind.</span> <span class='ocrx_word' id='word_1_210' title='bbox 314 2947 336 3005; x_wconf 91' lang='lat' dir='ltr'><strong><em>I.</em></strong></span> <span class='ocrx_word' id='word_1_211' title='bbox 352 2966 407 3007; x_wconf 87' lang='lat' dir='ltr'><strong><em>vm</em></strong></span> <span class='ocrx_word' id='word_1_212' title='bbox 423 2958 463 3005; x_wconf 82' lang='lat'><strong><em>18.</em></strong></span> <span class='ocrx_word' id='word_1_213' title='bbox 484 2947 685 3024; x_wconf 83' lang='lat' dir='ltr'>Tzctz.E1eg.</span> <span class='ocrx_word' id='word_1_214' title='bbox 701 2946 736 3005; x_wconf 92' lang='lat' dir='ltr'><strong><em>Il.</em></strong></span> <span class='ocrx_word' id='word_1_215' title='bbox 751 2965 779 3021; x_wconf 86' lang='lat' dir='ltr'><strong><em>p.</em></strong></span> <span class='ocrx_word' id='word_1_216' title='bbox 796 2957 859 3005; x_wconf 78' lang='lat'><strong>132:</strong></span> <span class='ocrx_word' id='word_1_217' title='bbox 878 2942 978 3024; x_wconf 78' lang='grc' dir='ltr'><strong><em>λαβὼν</em></strong></span> <span class='ocrx_word' id='word_1_218' title='bbox 998 2941 1029 3004; x_wconf 85' lang='grc' dir='ltr'><strong><em>δέ</em></strong></span> <span class='ocrx_word' id='word_1_219' title='bbox 1044 2941 1060 3003; x_wconf 87' lang='grc' dir='ltr'>ὁ</span> <span class='ocrx_word' id='word_1_220' title='bbox 1074 2941 1256 3023; x_wconf 80' lang='grc' dir='ltr'><strong><em>προρρηθεὶς</em></strong></span> <span class='ocrx_word' id='word_1_221' title='bbox 1271 2937 1403 3016; x_wconf 84' lang='grc' dir='ltr'><strong><em>Ἀσωπὸς</em></strong></span> <span class='ocrx_word' id='word_1_222' title='bbox 1416 2942 1491 3024; x_wconf 83' lang='grc' dir='ltr'><strong><em>πρὸς</em></strong></span> 
     </span>
     <span class='ocr_line' id='line_1_27' title="bbox 213 3027 1489 3116; baseline -0.003 -21"><span class='ocrx_word' id='word_1_223' title='bbox 213 3035 310 3116; x_wconf 88' lang='grc' dir='ltr'><strong><em>γάμον</em></strong></span> <span class='ocrx_word' id='word_1_224' title='bbox 336 3034 490 3113; x_wconf 80' lang='grc' dir='ltr'><strong><em>Μετώπην</em></strong></span> <span class='ocrx_word' id='word_1_225' title='bbox 515 3033 570 3112; x_wconf 83' lang='grc' dir='ltr'><strong><em>τὴν</em></strong></span> <span class='ocrx_word' id='word_1_226' title='bbox 591 3035 737 3106; x_wconf 84' lang='grc' dir='ltr'><strong><em>Λάδωνος</em></strong></span> <span class='ocrx_word' id='word_1_227' title='bbox 756 3030 916 3114; x_wconf 78' lang='grc' dir='ltr'><strong><em>θυγατέρα,</em></strong></span> <span class='ocrx_word' id='word_1_228' title='bbox 935 3033 1017 3093; x_wconf 86' lang='grc' dir='ltr'><strong><em>καθά</em></strong></span> <span class='ocrx_word' id='word_1_229' title='bbox 1035 3049 1128 3110; x_wconf 84' lang='grc' dir='ltr'><strong><em>φησιν</em></strong></span> <span class='ocrx_word' id='word_1_230' title='bbox 1147 3032 1300 3112; x_wconf 90' lang='grc' dir='ltr'><strong><em>Πίνδαρος</em></strong></span> <span class='ocrx_word' id='word_1_231' title='bbox 1322 3027 1370 3114; x_wconf 81' lang='lat'><strong><em>(0.</em></strong></span> <span class='ocrx_word' id='word_1_232' title='bbox 1385 3053 1416 3094; x_wconf 74' lang='grc' dir='ltr'><strong><em>τι</em></strong></span> <span class='ocrx_word' id='word_1_233' title='bbox 1432 3027 1489 3116; x_wconf 84' lang='grc'><strong><em>84),</em></strong></span> 
     </span>
     <span class='ocr_line' id='line_1_28' title="bbox 213 3119 1488 3208; baseline -0.002 -22"><span class='ocrx_word' id='word_1_234' title='bbox 213 3123 247 3186; x_wconf 82' lang='grc' dir='ltr'><strong><em>ἐκ</em></strong></span> <span class='ocrx_word' id='word_1_235' title='bbox 265 3125 373 3204; x_wconf 84' lang='grc' dir='ltr'><strong><em>ταύτης</em></strong></span> <span class='ocrx_word' id='word_1_236' title='bbox 390 3130 480 3208; x_wconf 74' lang='grc' dir='ltr'><strong><em>γεννᾷ</em></strong></span> <span class='ocrx_word' id='word_1_237' title='bbox 502 3123 619 3204; x_wconf 80' lang='grc' dir='ltr'><strong><em>Θήβην,</em></strong></span> <span class='ocrx_word' id='word_1_238' title='bbox 638 3120 805 3205; x_wconf 82' lang='grc' dir='ltr'><strong><em>Κέρκυραν,</em></strong></span> <span class='ocrx_word' id='word_1_239' title='bbox 824 3122 953 3204; x_wconf 79' lang='grc' dir='ltr'><strong><em>Αἴγιναν</em></strong></span> <span class='ocrx_word' id='word_1_240' title='bbox 971 3121 1025 3201; x_wconf 81' lang='grc' dir='ltr'><strong><em>τὴν</em></strong></span> <span class='ocrx_word' id='word_1_241' title='bbox 1044 3119 1154 3203; x_wconf 78' lang='grc' dir='ltr'><strong><em>μητέρα</em></strong></span> <span class='ocrx_word' id='word_1_242' title='bbox 1171 3131 1224 3182; x_wconf 84' lang='grc' dir='ltr'><strong><em>τοῦ</em></strong></span> <span class='ocrx_word' id='word_1_243' title='bbox 1243 3122 1372 3201; x_wconf 77' lang='grc' dir='ltr'><strong><em>Αἰακοῦ,</em></strong></span> <span class='ocrx_word' id='word_1_244' title='bbox 1390 3127 1488 3183; x_wconf 76' lang='grc' dir='ltr'><strong><em>Σαλα-</em></strong></span> 
     </span>
    </p>
   </div>
   <div class='ocr_carea' id='block_1_13' title="bbox 213 3210 830 3295">
    <p class='ocr_par' dir='ltr' id='par_1_13' title="bbox 213 3210 830 3295">
     <span class='ocr_line' id='line_1_29' title="bbox 213 3210 830 3295; baseline 0.002 -22"><span class='ocrx_word' id='word_1_245' title='bbox 213 3219 296 3294; x_wconf 82' lang='grc' dir='ltr'><strong><em>μῖνα,</em></strong></span> <span class='ocrx_word' id='word_1_246' title='bbox 310 3210 487 3295; x_wconf 73' lang='grc' dir='ltr'><strong><em>Ἅρπινναν,</em></strong></span> <span class='ocrx_word' id='word_1_247' title='bbox 510 3211 640 3293; x_wconf 75' lang='grc' dir='ltr'><strong><em>Νεμέαν,</em></strong></span> <span class='ocrx_word' id='word_1_248' title='bbox 662 3211 830 3291; x_wconf 81' lang='grc' dir='ltr'><strong><em>Κίεάνηυ].</em></strong></span> 
     </span>
    </p>
   </div>
   <div class='ocr_carea' id='block_1_14' title="bbox 813 3359 886 3418">
    <p class='ocr_par' dir='ltr' id='par_1_14' title="bbox 813 3359 886 3418">
     <span class='ocr_line' id='line_1_30' title="bbox 813 3359 886 3418; baseline -0.014 -1"><span class='ocrx_word' id='word_1_249' title='bbox 813 3359 886 3418; x_wconf 78' lang='grc'><strong>291.</strong></span> 
     </span>
    </p>
   </div>
   <div class='ocr_carea' id='block_1_15' title="bbox 212 3462 1488 3811">
    <p class='ocr_par' dir='ltr' id='par_1_15' title="bbox 212 3462 1488 3811">
     <span class='ocr_line' id='line_1_31' title="bbox 302 3462 1488 3543; baseline 0 -20"><span class='ocrx_word' id='word_1_250' title='bbox 302 3464 418 3524; x_wconf 81' lang='lat' dir='ltr'>Probus</span> <span class='ocrx_word' id='word_1_251' title='bbox 447 3465 485 3524; x_wconf 81' lang='lat' dir='ltr'><strong><em>ad</em></strong></span> <span class='ocrx_word' id='word_1_252' title='bbox 507 3463 596 3543; x_wconf 82' lang='lat' dir='ltr'>Verg.</span> <span class='ocrx_word' id='word_1_253' title='bbox 619 3465 681 3525; x_wconf 84' lang='lat' dir='ltr'>Ecl.</span> <span class='ocrx_word' id='word_1_254' title='bbox 705 3483 748 3525; x_wconf 86' lang='lat' dir='ltr'><strong><em>vn</em></strong></span> <span class='ocrx_word' id='word_1_255' title='bbox 773 3476 819 3524; x_wconf 82' lang='lat' dir='ltr'><strong><em>cl:</em></strong></span> <span class='ocrx_word' id='word_1_256' title='bbox 849 3463 997 3522; x_wconf 81' lang='lat' dir='ltr'>Pindarus</span> <span class='ocrx_word' id='word_1_257' title='bbox 1027 3463 1113 3524; x_wconf 88' lang='lat' dir='ltr'>initio</span> <span class='ocrx_word' id='word_1_258' title='bbox 1137 3462 1261 3523; x_wconf 84' lang='lat' dir='ltr'>Alciden</span> <span class='ocrx_word' id='word_1_259' title='bbox 1292 3463 1488 3541; x_wconf 80' lang='lat' dir='ltr'>nominatum,</span> 
     </span>
     <span class='ocr_line' id='line_1_32' title="bbox 213 3552 1488 3632; baseline -0.003 -17"><span class='ocrx_word' id='word_1_260' title='bbox 213 3556 318 3632; x_wconf 80' lang='lat' dir='ltr'>postea</span> <span class='ocrx_word' id='word_1_261' title='bbox 341 3553 501 3614; x_wconf 84' lang='lat' dir='ltr'>Herculem</span> <span class='ocrx_word' id='word_1_262' title='bbox 524 3555 598 3614; x_wconf 89' lang='lat' dir='ltr'>dicit</span> <span class='ocrx_word' id='word_1_263' title='bbox 619 3555 657 3613; x_wconf 85' lang='lat' dir='ltr'><strong><em>ab</em></strong></span> <span class='ocrx_word' id='word_1_264' title='bbox 680 3554 773 3632; x_wconf 83' lang='lat' dir='ltr'>Here,</span> <span class='ocrx_word' id='word_1_265' title='bbox 798 3573 890 3630; x_wconf 84' lang='lat' dir='ltr'>quem</span> <span class='ocrx_word' id='word_1_266' title='bbox 912 3553 1057 3612; x_wconf 85' lang='lat' dir='ltr'>lunonem</span> <span class='ocrx_word' id='word_1_267' title='bbox 1081 3552 1219 3631; x_wconf 83' lang='lat' dir='ltr'>dicimus,</span> <span class='ocrx_word' id='word_1_268' title='bbox 1244 3553 1324 3629; x_wconf 91' lang='lat' dir='ltr'>quod</span> <span class='ocrx_word' id='word_1_269' title='bbox 1347 3554 1411 3613; x_wconf 85' lang='lat' dir='ltr'>eins</span> <span class='ocrx_word' id='word_1_270' title='bbox 1434 3553 1488 3611; x_wconf 88' lang='lat' dir='ltr'><strong><em>im-</em></strong></span> 
     </span>
     <span class='ocr_line' id='line_1_33' title="bbox 212 3641 1487 3720; baseline -0.002 -17"><span class='ocrx_word' id='word_1_271' title='bbox 212 3643 303 3720; x_wconf 88' lang='lat' dir='ltr'>periis</span> <span class='ocrx_word' id='word_1_272' title='bbox 326 3643 497 3720; x_wconf 88' lang='lat' dir='ltr'>opinionem</span> <span class='ocrx_word' id='word_1_273' title='bbox 519 3645 691 3720; x_wconf 82' lang='lat' dir='ltr'>famemque</span> <span class='ocrx_word' id='word_1_274' title='bbox 713 3642 836 3704; x_wconf 77' lang='lat' dir='ltr'>virtutis</span> <span class='ocrx_word' id='word_1_275' title='bbox 860 3643 901 3702; x_wconf 88' lang='lat' dir='ltr'><strong><em>sit</em></strong></span> <span class='ocrx_word' id='word_1_276' title='bbox 923 3644 1108 3704; x_wconf 86' lang='lat' dir='ltr'>consecutus.</span> <span class='ocrx_word' id='word_1_277' title='bbox 1155 3641 1273 3701; x_wconf 82' lang='lat' dir='ltr'>Similia</span> <span class='ocrx_word' id='word_1_278' title='bbox 1295 3642 1358 3702; x_wconf 85' lang='lat' dir='ltr'>eine</span> <span class='ocrx_word' id='word_1_279' title='bbox 1381 3645 1487 3719; x_wconf 79' lang='lat' dir='ltr'>poetae</span> 
     </span>
     <span class='ocr_line' id='line_1_34' title="bbox 212 3732 910 3811; baseline -0.001 -20"><span class='ocrx_word' id='word_1_280' title='bbox 212 3733 331 3793; x_wconf 89' lang='lat' dir='ltr'>nomine</span> <span class='ocrx_word' id='word_1_281' title='bbox 354 3732 448 3792; x_wconf 79' lang='lat' dir='ltr'>tradit</span> <span class='ocrx_word' id='word_1_282' title='bbox 470 3733 591 3795; x_wconf 88' lang='lat' dir='ltr'>Diodor.</span> <span class='ocrx_word' id='word_1_283' title='bbox 614 3753 626 3793; x_wconf 90' lang='lat'>1</span> <span class='ocrx_word' id='word_1_284' title='bbox 649 3745 692 3811; x_wconf 71' lang='grc' dir='ltr'><strong><em>τε,</em></strong></span> <span class='ocrx_word' id='word_1_285' title='bbox 715 3744 740 3792; x_wconf 85' lang='grc'><strong><em>4.</em></strong></span> <span class='ocrx_word' id='word_1_286' title='bbox 763 3752 796 3793; x_wconf 89' lang='lat' dir='ltr'><strong><em>1v</em></strong></span> <span class='ocrx_word' id='word_1_287' title='bbox 820 3744 862 3811; x_wconf 84' lang='lat'><strong><em>10,</em></strong></span> <span class='ocrx_word' id='word_1_288' title='bbox 887 3745 910 3791; x_wconf 93' lang='lat'><strong><em>1.</em></strong></span> 
     </span>
    </p>
   </div>
   <div class='ocr_carea' id='block_1_16' title="bbox 754 3867 945 3955">
    <p class='ocr_par' dir='ltr' id='par_1_16' title="bbox 754 3867 945 3955">
     <span class='ocr_line' id='line_1_35' title="bbox 754 3867 945 3955; baseline -0.01 -21"><span class='ocrx_word' id='word_1_289' title='bbox 754 3877 816 3936; x_wconf 73' lang='grc' dir='ltr'><strong><em>εστ</em></strong></span> <span class='ocrx_word' id='word_1_290' title='bbox 841 3867 945 3955; x_wconf 67' lang='lat' dir='ltr'>[mc]</span> 
     </span>
    </p>
   </div>
   <div class='ocr_carea' id='block_1_17' title="bbox 210 3973 1486 4595">
    <p class='ocr_par' dir='ltr' id='par_1_17' title="bbox 210 3973 1486 4595">
     <span class='ocr_line' id='line_1_36' title="bbox 301 3973 1486 4063; baseline -0.003 -21"><span class='ocrx_word' id='word_1_291' title='bbox 301 3983 389 4042; x_wconf 80' lang='lat' dir='ltr'>Plato</span> <span class='ocrx_word' id='word_1_292' title='bbox 414 3983 534 4043; x_wconf 81' lang='lat' dir='ltr'>Theaet.</span> <span class='ocrx_word' id='word_1_293' title='bbox 560 3994 610 4042; x_wconf 76' lang='lat'><strong><em>173</em></strong></span> <span class='ocrx_word' id='word_1_294' title='bbox 633 3983 673 4041; x_wconf 86' lang='lat' dir='ltr'><strong><em>E:</em></strong></span> <span class='ocrx_word' id='word_1_295' title='bbox 702 3977 721 4058; x_wconf 72' lang='grc' dir='ltr'><strong><em>ἡ</em></strong></span> <span class='ocrx_word' id='word_1_296' title='bbox 745 3979 776 4041; x_wconf 78' lang='grc' dir='ltr'><strong><em>δὲ</em></strong></span> <span class='ocrx_word' id='word_1_297' title='bbox 800 3980 917 4041; x_wconf 78' lang='grc' dir='ltr'><strong><em>διάνοια</em></strong></span> <span class='ocrx_word' id='word_1_298' title='bbox 940 4025 947 4039; x_wconf 91' lang='grc'><strong>.</strong></span> <span class='ocrx_word' id='word_1_299' title='bbox 972 4029 977 4041; x_wconf 95' lang='grc'><strong>.</strong></span> <span class='ocrx_word' id='word_1_300' title='bbox 1003 4028 1008 4038; x_wconf 97' lang='grc'><strong>.</strong></span> <span class='ocrx_word' id='word_1_301' title='bbox 1034 4027 1039 4039; x_wconf 96' lang='grc'><strong>.</strong></span> <span class='ocrx_word' id='word_1_302' title='bbox 1064 3988 1196 4062; x_wconf 75' lang='grc' dir='ltr'><strong><em>πανταχῇ</em></strong></span> <span class='ocrx_word' id='word_1_303' title='bbox 1220 3977 1363 4060; x_wconf 84' lang='grc' dir='ltr'><strong><em>φέρεται</em></strong></span> <span class='ocrx_word' id='word_1_304' title='bbox 1391 3973 1486 4063; x_wconf 86' lang='grc' dir='ltr'><strong><em>(πέτε-</em></strong></span> 
     </span>
     <span class='ocr_line' id='line_1_37' title="bbox 211 4064 1485 4153; baseline -0.002 -22"><span class='ocrx_word' id='word_1_305' title='bbox 211 4095 258 4131; x_wconf 88' lang='grc' dir='ltr'><strong><em>ται</em></strong></span> <span class='ocrx_word' id='word_1_306' title='bbox 280 4093 306 4132; x_wconf 87' lang='lat' dir='ltr'><strong><em>v.</em></strong></span> <span class='ocrx_word' id='word_1_307' title='bbox 331 4064 366 4153; x_wconf 85' lang='lat' dir='ltr'><strong><em>l.)</em></strong></span> <span class='ocrx_word' id='word_1_308' title='bbox 393 4070 467 4131; x_wconf 81' lang='grc' dir='ltr'><strong><em>κατὰ</em></strong></span> <span class='ocrx_word' id='word_1_309' title='bbox 491 4070 659 4151; x_wconf 88' lang='grc' dir='ltr'><strong><em>Πίνδαρον,</em></strong></span> <span class='ocrx_word' id='word_1_310' title='bbox 685 4071 723 4131; x_wconf 91' lang='grc' dir='ltr'><strong><em>τά</em></strong></span> <span class='ocrx_word' id='word_1_311' title='bbox 750 4093 784 4130; x_wconf 88' lang='grc' dir='ltr'><strong><em>τε</em></strong></span> <span class='ocrx_word' id='word_1_312' title='bbox 810 4080 875 4150; x_wconf 86' lang='grc' dir='ltr'><strong><em>γᾶς</em></strong></span> <span class='ocrx_word' id='word_1_313' title='bbox 903 4067 1079 4149; x_wconf 76' lang='grc' dir='ltr'><strong><em>ὑπένερθε</em></strong></span> <span class='ocrx_word' id='word_1_314' title='bbox 1102 4067 1153 4129; x_wconf 82' lang='grc' dir='ltr'><strong><em>καί</em></strong></span> <span class='ocrx_word' id='word_1_315' title='bbox 1175 4067 1210 4129; x_wconf 83' lang='grc' dir='ltr'><strong><em>τά</em></strong></span> <span class='ocrx_word' id='word_1_316' title='bbox 1232 4068 1356 4129; x_wconf 82' lang='grc' dir='ltr'><strong><em>ἐπίπεδα</em></strong></span> <span class='ocrx_word' id='word_1_317' title='bbox 1378 4091 1485 4150; x_wconf 87' lang='grc' dir='ltr'><strong><em>γεωμε-</em></strong></span> 
     </span>
     <span class='ocr_line' id='line_1_38' title="bbox 211 4157 1484 4243; baseline -0.002 -22"><span class='ocrx_word' id='word_1_318' title='bbox 211 4170 330 4242; x_wconf 83' lang='grc' dir='ltr'><strong><em>τροῦσα,</em></strong></span> <span class='ocrx_word' id='word_1_319' title='bbox 354 4159 510 4240; x_wconf 84' lang='grc' dir='ltr'><strong><em>οὐρανοῦ</em></strong></span> <span class='ocrx_word' id='word_1_320' title='bbox 534 4182 567 4220; x_wconf 90' lang='grc' dir='ltr'><strong><em>τε</em></strong></span> <span class='ocrx_word' id='word_1_321' title='bbox 590 4160 678 4238; x_wconf 76' lang='grc' dir='ltr'><strong><em>ὕπερ</em></strong></span> <span class='ocrx_word' id='word_1_322' title='bbox 701 4157 925 4240; x_wconf 83' lang='grc' dir='ltr'><strong><em>άστρονομοῦσα</em></strong></span> <span class='ocrx_word' id='word_1_323' title='bbox 947 4157 997 4218; x_wconf 82' lang='grc' dir='ltr'><strong><em>καί</em></strong></span> <span class='ocrx_word' id='word_1_324' title='bbox 1014 4168 1113 4218; x_wconf 82' lang='grc' dir='ltr'><strong><em>πᾶσαν</em></strong></span> <span class='ocrx_word' id='word_1_325' title='bbox 1132 4158 1228 4243; x_wconf 81' lang='grc' dir='ltr'><strong><em>πάντη</em></strong></span> <span class='ocrx_word' id='word_1_326' title='bbox 1248 4159 1340 4235; x_wconf 84' lang='grc' dir='ltr'><strong><em>φύσιν</em></strong></span> <span class='ocrx_word' id='word_1_327' title='bbox 1359 4157 1484 4238; x_wconf 80' lang='grc' dir='ltr'><strong><em>ἐρευνω-</em></strong></span> 
     </span>
     <span class='ocr_line' id='line_1_39' title="bbox 212 4244 1486 4329; baseline -0.002 -20"><span class='ocrx_word' id='word_1_328' title='bbox 212 4248 295 4329; x_wconf 84' lang='grc' dir='ltr'><strong><em>μένη.</em></strong></span> <span class='ocrx_word' id='word_1_329' title='bbox 340 4250 413 4310; x_wconf 90' lang='lat' dir='ltr'>Inde</span> <span class='ocrx_word' id='word_1_330' title='bbox 442 4249 531 4310; x_wconf 80' lang='lat' dir='ltr'>Olem.</span> <span class='ocrx_word' id='word_1_331' title='bbox 556 4249 639 4309; x_wconf 82' lang='lat' dir='ltr'>Alex.</span> <span class='ocrx_word' id='word_1_332' title='bbox 664 4249 771 4309; x_wconf 88' lang='lat' dir='ltr'>Strom.</span> <span class='ocrx_word' id='word_1_333' title='bbox 796 4269 816 4309; x_wconf 90' lang='lat' dir='ltr'>v</span> <span class='ocrx_word' id='word_1_334' title='bbox 840 4261 904 4309; x_wconf 75' lang='lat'><strong>707:</strong></span> <span class='ocrx_word' id='word_1_335' title='bbox 934 4244 1053 4308; x_wconf 83' lang='grc' dir='ltr'><strong><em>πέταται</em></strong></span> <span class='ocrx_word' id='word_1_336' title='bbox 1079 4247 1153 4308; x_wconf 79' lang='grc' dir='ltr'><strong><em>κατὰ</em></strong></span> <span class='ocrx_word' id='word_1_337' title='bbox 1181 4248 1335 4327; x_wconf 90' lang='grc' dir='ltr'><strong><em>Πίνδαρον</em></strong></span> <span class='ocrx_word' id='word_1_338' title='bbox 1363 4256 1424 4320; x_wconf 84' lang='grc' dir='ltr'><strong><em>τάς</em></strong></span> <span class='ocrx_word' id='word_1_339' title='bbox 1451 4270 1486 4307; x_wconf 90' lang='grc' dir='ltr'><strong><em>τε</em></strong></span> 
     </span>
     <span class='ocr_line' id='line_1_40' title="bbox 210 4335 1485 4421; baseline -0.002 -23"><span class='ocrx_word' id='word_1_340' title='bbox 210 4349 273 4418; x_wconf 85' lang='grc' dir='ltr'><strong><em>γᾶς</em></strong></span> <span class='ocrx_word' id='word_1_341' title='bbox 296 4335 495 4419; x_wconf 85' lang='grc' dir='ltr'><strong><em>ὑπένερθεν</em></strong></span> <span class='ocrx_word' id='word_1_342' title='bbox 519 4337 675 4418; x_wconf 81' lang='grc' dir='ltr'><strong><em>οὐρανοῦ</em></strong></span> <span class='ocrx_word' id='word_1_343' title='bbox 699 4361 732 4399; x_wconf 91' lang='grc' dir='ltr'><strong><em>τε</em></strong></span> <span class='ocrx_word' id='word_1_344' title='bbox 755 4338 841 4416; x_wconf 83' lang='grc' dir='ltr'><strong><em>όπερ</em></strong></span> <span class='ocrx_word' id='word_1_345' title='bbox 865 4335 1055 4417; x_wconf 81' lang='grc' dir='ltr'><strong><em>άστρονομῶν</em></strong></span> <span class='ocrx_word' id='word_1_346' title='bbox 1078 4335 1127 4397; x_wconf 84' lang='grc' dir='ltr'><strong><em>καί</em></strong></span> <span class='ocrx_word' id='word_1_347' title='bbox 1150 4346 1247 4397; x_wconf 81' lang='grc' dir='ltr'><strong><em>πᾶσαν</em></strong></span> <span class='ocrx_word' id='word_1_348' title='bbox 1270 4336 1366 4421; x_wconf 87' lang='grc' dir='ltr'><strong><em>πάντη</em></strong></span> <span class='ocrx_word' id='word_1_349' title='bbox 1390 4337 1485 4415; x_wconf 83' lang='grc' dir='ltr'><strong><em>φύσιν</em></strong></span> 
     </span>
     <span class='ocr_line' id='line_1_41' title="bbox 210 4426 1485 4508; baseline -0.002 -21"><span class='ocrx_word' id='word_1_350' title='bbox 210 4426 412 4508; x_wconf 80' lang='grc' dir='ltr'><strong><em>ἕρευνάμενος.</em></strong></span> <span class='ocrx_word' id='word_1_351' title='bbox 456 4428 634 4505; x_wconf 85' lang='lat' dir='ltr'>Respiciunt</span> <span class='ocrx_word' id='word_1_352' title='bbox 657 4428 800 4489; x_wconf 85' lang='lat' dir='ltr'>Theodor.</span> <span class='ocrx_word' id='word_1_353' title='bbox 819 4448 862 4506; x_wconf 81' lang='lat' dir='ltr'><strong><em>gr.</em></strong></span> <span class='ocrx_word' id='word_1_354' title='bbox 882 4428 928 4487; x_wconf 77' lang='lat' dir='ltr'>ali.</span> <span class='ocrx_word' id='word_1_355' title='bbox 944 4446 1004 4487; x_wconf 91' lang='lat' dir='ltr'>cur.</span> <span class='ocrx_word' id='word_1_356' title='bbox 1020 4445 1064 4484; x_wconf 86' lang='lat' dir='ltr'><strong><em>x11</em></strong></span> <span class='ocrx_word' id='word_1_357' title='bbox 1085 4438 1144 4505; x_wconf 82' lang='lat'><strong>169,</strong></span> <span class='ocrx_word' id='word_1_358' title='bbox 1160 4439 1200 4487; x_wconf 92' lang='lat'><strong><em>11.</em></strong></span> <span class='ocrx_word' id='word_1_359' title='bbox 1235 4427 1329 4487; x_wconf 84' lang='lat' dir='ltr'>Galen</span> <span class='ocrx_word' id='word_1_360' title='bbox 1348 4427 1444 4487; x_wconf 91' lang='lat' dir='ltr'>Protr.</span> <span class='ocrx_word' id='word_1_361' title='bbox 1462 4441 1485 4485; x_wconf 89' lang='lat'><strong><em>1.</em></strong></span> 
     </span>
     <span class='ocr_line' id='line_1_42' title="bbox 211 4517 647 4595; baseline 0.002 -18"><span class='ocrx_word' id='word_1_362' title='bbox 211 4518 355 4595; x_wconf 88' lang='lat' dir='ltr'>Porphyr.</span> <span class='ocrx_word' id='word_1_363' title='bbox 380 4518 415 4577; x_wconf 87' lang='lat' dir='ltr'><strong><em>de</em></strong></span> <span class='ocrx_word' id='word_1_364' title='bbox 439 4517 547 4578; x_wconf 78' lang='lat' dir='ltr'>abstin.</span> <span class='ocrx_word' id='word_1_365' title='bbox 570 4536 582 4574; x_wconf 89' lang='lat'><em>1</em></span> <span class='ocrx_word' id='word_1_366' title='bbox 605 4529 647 4578; x_wconf 86' lang='lat'><strong><em>36.</em></strong></span> 
     </span>
    </p>
   </div>
   <div class='ocr_carea' id='block_1_18' title="bbox 810 4627 882 4685">
    <p class='ocr_par' dir='ltr' id='par_1_18' title="bbox 810 4627 882 4685">
     <span class='ocr_line' id='line_1_43' title="bbox 810 4627 882 4685; baseline -0.014 -2"><span class='ocrx_word' id='word_1_367' title='bbox 810 4627 882 4685; x_wconf 82' lang='lat'>293.</span> 
     </span>
    </p>
   </div>
   <div class='ocr_carea' id='block_1_19' title="bbox 210 4727 1487 4883">
    <p class='ocr_par' dir='ltr' id='par_1_19' title="bbox 210 4694 1487 4883">
     <span class='ocr_line' id='line_1_44' title="bbox 228 4727 1487 4881; baseline -0.002 -89"><span class='ocrx_word' id='word_1_368' title='bbox 228 4819 235 4841; x_wconf 23' lang='grc' dir='ltr'>ἢ</span> <span class='ocrx_word' id='word_1_369' title='bbox 288 4733 397 4881; x_wconf 49' lang='lat' dir='ltr'>,gehol</span> <span class='ocrx_word' id='word_1_370' title='bbox 412 4732 496 4791; x_wconf 90' lang='lat' dir='ltr'>Pind.</span> <span class='ocrx_word' id='word_1_371' title='bbox 512 4734 544 4792; x_wconf 90' lang='lat' dir='ltr'><strong><em>P.</em></strong></span> <span class='ocrx_word' id='word_1_372' title='bbox 560 4752 591 4790; x_wconf 85' lang='lat' dir='ltr'><strong><em>x1</em></strong></span> <span class='ocrx_word' id='word_1_373' title='bbox 611 4745 641 4793; x_wconf 83' lang='lat'><strong><em>5:</em></strong></span> <span class='ocrx_word' id='word_1_374' title='bbox 660 4741 781 4804; x_wconf 82' lang='grc' dir='ltr'><strong><em>πυκνῶς</em></strong></span> <span class='ocrx_word' id='word_1_375' title='bbox 800 4729 831 4792; x_wconf 83' lang='grc' dir='ltr'><strong><em>δέ</em></strong></span> <span class='ocrx_word' id='word_1_376' title='bbox 851 4731 973 4809; x_wconf 87' lang='grc' dir='ltr'><strong><em>τίθησιν</em></strong></span> <span class='ocrx_word' id='word_1_377' title='bbox 986 4727 1002 4790; x_wconf 87' lang='grc' dir='ltr'><strong><em>δ</em></strong></span> <span class='ocrx_word' id='word_1_378' title='bbox 1017 4730 1170 4812; x_wconf 89' lang='grc' dir='ltr'><strong><em>Πίνδαρος</em></strong></span> <span class='ocrx_word' id='word_1_379' title='bbox 1188 4727 1261 4790; x_wconf 83' lang='grc' dir='ltr'><strong><em>κατά</em></strong></span> <span class='ocrx_word' id='word_1_380' title='bbox 1279 4729 1311 4791; x_wconf 85' lang='grc' dir='ltr'><strong><em>τὸ</em></strong></span> <span class='ocrx_word' id='word_1_381' title='bbox 1330 4727 1487 4811; x_wconf 81' lang='grc' dir='ltr'><strong><em>ἀρσενικὸν</em></strong></span> 
     </span>
     <span class='ocr_line' id='line_1_45' title="bbox 210 4844 426 4883; baseline 0 -2"><span class='ocrx_word' id='word_1_382' title='bbox 210 4844 261 4883; x_wconf 88' lang='grc' dir='ltr'><strong><em>τον</em></strong></span> <span class='ocrx_word' id='word_1_383' title='bbox 284 4846 303 4881; x_wconf 92' lang='grc' dir='ltr'><strong><em>α</em></strong></span> <span class='ocrx_word' id='word_1_384' title='bbox 332 4844 426 4882; x_wconf 89' lang='grc' dir='ltr'><strong><em>υτον.</em></strong></span> 
     </span>
    </p>
   </div>
   <div class='ocr_carea' id='block_1_20' title="bbox 0 0 1708 5378">
    <p class='ocr_par' dir='ltr' id='par_1_20' title="bbox 0 0 1708 5378">
     <span class='ocr_line' id='line_1_46' title="bbox 0 0 1708 5378; baseline 0 1"><span class='ocrx_word' id='word_1_385' title='bbox 0 0 1708 5378; x_wconf 95' lang='lat' dir='ltr'><strong><em> </em></strong></span> 
     </span>
    </p>
   </div>
  </div>
 </body>
</html>
