3406 5378
274 311 316 372 14
744 311 893 362 PINDARI
911 310 1078 362 EPINICIA.

273 478 364 536 luisse
388 481 419 536 et
441 498 477 537 ex
500 478 613 554 Rhodo,
637 477 714 535 unde
738 477 869 552 primum
893 476 998 536 Gelam
1023 474 1067 535 01.
1086 477 1169 552 22,3
1190 477 1220 533 et
1239 477 1359 534 centurn
1378 479 1444 536 octo
1464 478 1552 537 annis

274 567 437 626 interiectis
451 567 652 644 Agrigentum
673 565 778 623 urbem
799 564 844 624 Ol.
860 567 912 643 49,
928 568 946 624 3
963 565 1113 624 conditam
1133 583 1195 623 esse
1215 564 1386 624 testimonio
1401 566 1552 642 Thucydi-

273 657 318 714 dis
339 675 368 714 τι
387 668 404 713 4
424 658 549 732 constat,
572 656 601 712 in
625 655 758 714 Siciliam
781 655 895 713 venisse
919 654 1122 712 credebantur.
1170 653 1338 712 Telemachi
1363 674 1433 715 vero
1460 656 1551 732 ducis,

274 745 327 820 qui
350 745 518 803 Phalaridis
542 745 730 819 tyrannidem
753 743 983 821 Agrigentinam
1006 743 1143 818 sustulit,
1172 742 1252 801 filius
1280 746 1334 800 aut
1361 763 1452 819 nepos
1480 746 1550 802 Em-

273 833 391 892 menida
418 834 492 910 fuit,
521 853 538 890 a
567 853 626 908 quo
654 832 789 909 phratria
816 832 1061 890 Emmenidarum
1089 831 1286 910 Agrigentina
1314 852 1420 891 nomen
1449 834 1549 892 traxit.

276 922 323 980 Ab
360 923 535 980 Emmenida
572 922 797 998 Aenesidemus,
839 921 1022 980 clarissimus
1059 921 1178 979 satelles
1216 921 1349 998 GeloniS,
1390 923 1550 999 descendit,

273 1011 358 1069 cuius
387 1031 422 1069 ex
450 1010 566 1069 duobus
596 1009 680 1087 filiis,
711 1010 845 1068 Therone
876 1014 906 1068 et
936 1011 1113 1086 Xenocrate,
1137 1009 1219 1084 prior
1249 1009 1372 1085 imperio
1404 1011 1550 1089 Agrigen-

274 1100 406 1158 tinorum
440 1100 556 1175 potitus
591 1102 636 1158 est
670 1101 701 1158 et
735 1118 797 1157 una
832 1119 900 1157 cum
933 1099 1057 1175 Gelone,
1089 1099 1138 1157 cui
1170 1098 1262 1156 filiam
1295 1099 1487 1158 Demaratum
1519 1101 1550 1158 in

274 1189 499 1247 matrimonium
533 1189 705 1264 collocavit,
743 1187 1003 1264 Carthaginienses
1040 1187 1078 1245 ad
1115 1187 1268 1246 Himeram
1302 1192 1382 1246 terra
1413 1190 1549 1265 marique

274 1275 361 1336 fudit.
394 1278 465 1335 Inde
485 1278 667 1336 clarissimus
686 1278 784 1335 faetus
804 1296 900 1352 aequo
919 1277 1062 1354 regimine
1081 1276 1169 1335 rebus
1187 1275 1393 1354 Agrigentinis
1416 1279 1550 1337 modera-

273 1367 374 1443 batur,
404 1367 454 1424 sed
485 1366 578 1425 nihilo
602 1367 701 1425 minus
724 1366 875 1423 intestinis
897 1366 984 1424 bellis
1007 1369 1037 1424 et
1060 1365 1293 1424 necessariorum
1316 1365 1549 1426 dissensionibus

274 1456 462 1515 vehementer
488 1455 698 1514 lacessebatur.
744 1455 884 1530 Inprimis
912 1455 943 1512 in
971 1454 1109 1512 Hieronis
1136 1454 1215 1531 regis
1243 1455 1423 1530 Syracusani
1452 1456 1549 1514 inimi·

274 1545 361 1603 eitias
386 1545 519 1621 incurrit,
543 1545 595 1620 qui
619 1564 687 1602 cum
711 1544 849 1619 Polyaele
873 1544 968 1620 fratri,
992 1543 1077 1602 cuius
1098 1543 1246 1618 praesidio
1266 1543 1338 1602 Gelo
1358 1545 1549 1606 Demaretam

274 1653 396 1692 imorem
419 1653 488 1692 cum
510 1632 603 1692 filiolo
627 1653 681 1692 suo
705 1634 900 1692 mandaverat
925 1636 956 1691 et
980 1633 1065 1690 cuius
1092 1632 1186 1690 filiam
1211 1632 1307 1691 Thero
1336 1633 1398 1708 ipse
1426 1653 1549 1693 uxorem

274 1723 412 1799 duxerat,
440 1723 629 1781 vehementer
656 1722 814 1792 invideret,
838 1721 979 1798 Theroni,
1009 1721 1089 1797 quod
1117 1721 1203 1779 illum
1232 1721 1362 1796 hospitio
1392 1726 1548 1798 exceptum

273 1815 421 1888 tueretur,
458 1831 542 1869 arma
579 1811 683 1869 intulit
719 1815 749 1869 et
781 1811 967 1887 Himeraeos,
1004 1811 1056 1885 qui
1090 1810 1356 1887 Agrigentinorum
1389 1812 1548 1888 imperium

273 1900 501 1976 aversabantur,
534 1900 629 1958 socios
662 1899 718 1957 sibi
750 1899 873 1977 iungere
906 1899 1011 1975 coepit.
1058 1897 1133 1957 (lum
1165 1899 1225 1957 iam
1257 1900 1288 1956 in
1320 1920 1354 1958 eo
1387 1920 1433 1959 res
1462 1906 1548 1977 esset,

271 1993 307 2047 ut
329 1989 431 2064 copiae
456 1989 607 2064 utrimque
623 1990 669 2049 ,ad
698 1989 808 2046 flumen
832 1989 937 2047 Gelam
964 1988 994 2045 in
1022 1988 1117 2046 aciem
1146 1989 1353 2066 educerentur,
1382 1990 1548 2049 Simonides

270 2083 359 2154 poeta
383 2079 549 2137 Theronem
575 2078 735 2154 patefactis
757 2076 989 2136 Himeraeorum
1017 2077 1193 2152 proditionis
1221 2078 1353 2136 consiliis
1381 2099 1449 2137 eum
1476 2079 1547 2138 Hie·

269 2188 341 2227 rone
365 2167 569 2226 reconciliavit
599 2160 639 2247 (v.
664 2168 752 2226 schol.
778 2166 812 2225 Ο.
833 2186 855 2223 11
878 2177 1001 2242 80.173,
1025 2187 1060 2224 ex
1083 2166 1204 2226 Timaeo
1234 2159 1354 2248 petita).
1400 2167 1455 2227 His
1479 2188 1547 2227 cum

270 2256 413 2334 dissidiis,
443 2276 519 2332 quae
549 2256 698 2315 Diodorus
727 2267 816 2314 x148
844 2255 930 2313 initio
962 2255 1032 2312 anni
1061 2254 1105 2314 01.
1127 2259 1213 2333 76,1
1244 2256 1326 2315 facta
1349 2275 1411 2316 esse
1435 2261 1547 2335 narrat,

270 2346 395 2404 insidiae
415 2345 526 2422 Capyis
550 2349 581 2405 et
603 2345 808 2422 Hippocratis,
832 2348 1028 2422 cognatorum
1048 2345 1191 2403 Theronis
1210 2336 1252 2425 (v.
1271 2346 1360 2404 sohel.
1382 2344 1414 2404 Ο.
1435 2365 1456 2403 11
1480 2340 1545 2425 173)

270 2439 349 2493 arcte
374 2435 530 2493 cohaerere
553 2435 700 2494 videntur.
729 2435 807 2492 Nam
831 2454 881 2492 ees
904 2434 993 2492 duces
1016 2433 1243 2493 Himeraeorum
1267 2437 1297 2492 et
1320 2438 1456 2494 auctores
1479 2455 1547 2511 pro-

269 2524 391 2582 ditionis
415 2523 506 2582 fuisse
531 2524 697 2582 lloeckhius
721 2528 808 2582 acute
832 2523 988 2598 perspexit.
1026 2523 1154 2598 Aliquot
1177 2524 1263 2581 annis
1281 2528 1350 2598 post
1368 2524 1463 2584 Thero
1482 2524 1547 2585 vita

268 2612 395 2671 decessit
423 2611 468 2671 01.
491 2615 590 2689 77,1,
614 2613 639 2670 si
667 2612 831 2672 Diodorum
855 2631 886 2668 xi
910 2623 943 2669 53
967 2612 1131 2689 sequimur,
1163 2610 1208 2672 01.
1229 2615 1280 2690 76,
1305 2615 1333 2689 4,
1362 2613 1387 2671 si
1415 2614 1547 2673 rationes

270 2701 414 2760 Boechhii
442 2702 528 2777 Expl.
553 2723 581 2777 p.
605 2714 656 2759 209
680 2701 852 2777 probamus,
880 2701 916 2758 de
944 2700 1022 2759 bona
1050 2701 1112 2759 eius
1137 2701 1356 2761 existimatione
1379 2701 1452 2761 haec
1475 2702 1546 2762 Dio-

270 2790 359 2848 dorus
378 2791 397 2850 l.
413 2791 430 2848 l.
445 2792 550 2848 refert:
574 2788 628 2866 τὴν
647 2787 740 2868 ἀρχὴν
763 2787 896 2859 ἐπιεικῶς
921 2786 1072 2872 διῳκηκὼς
1096 2788 1144 2848 καὶ
1168 2791 1225 2860 ζῶν
1248 2789 1374 2869 μεγάλης
1397 2787 1547 2870 ἀποδοχῆς

269 2876 406 2958 ἐτύγχανε
430 2876 508 2957 παρὰ
532 2884 593 2949 τοῖς
616 2878 746 2949 πολίταις
769 2877 818 2937 καὶ
841 2876 1012 2954 τελευτήσας
1034 2873 1171 2956 ἡρωικῶν
1194 2877 1273 2958 ἔτυχε
1296 2887 1395 2956 τιμῶν.

362 2968 425 3026 lam
449 2967 534 3026 nobis
558 2968 759 3043 quaerendum
782 2971 840 3044 est,
865 2987 922 3042 quo
947 2986 1025 3025 anno
1049 2968 1145 3026 Thero
1168 2968 1324 3027 victoriam
1350 2967 1547 3046 Olympicam,

271 3075 361 3132 quam
385 3056 441 3114 hac
465 3057 522 3114 oda
544 3056 691 3114 Pindarus
714 3057 856 3132 illustrat,
879 3059 1046 3132 reportasse
1069 3057 1214 3117 videatur.
1245 3057 1377 3116 Vecillat
1400 3058 1488 3136 enim,
1512 3063 1547 3116 ut

270 3165 305 3202 ex
329 3145 433 3203 critico
458 3148 605 3221 apparatu
628 3164 804 3223 cognoscere
827 3146 910 3222 licet,
939 3145 1027 3203 huius
1054 3146 1097 3204 rei
1120 3146 1276 3223 memoria,
1303 3166 1371 3206 oum
1394 3147 1446 3205 alii
1470 3148 1547 3206 hanc

268 3233 427 3292 victoriam
451 3233 496 3292 01.
515 3237 553 3294 76
574 3260 615 3280 =
637 3238 700 3295 476
720 3255 747 3293 a.
762 3234 838 3312 Chr,
863 3234 915 3293 alii
940 3233 985 3294 Ol.
1002 3237 1042 3294 77
1063 3261 1104 3282 =
1125 3238 1189 3294 472
1209 3254 1235 3295 a.
1250 3234 1317 3296 t'hr.
1341 3239 1458 3311 partam
1482 3255 1545 3296 esse

269 3324 409 3380 referant.
455 3324 556 3399 Atque
587 3323 660 3381 mihi
691 3324 810 3399 quidem
839 3323 982 3382 Boeckhii
1012 3325 1089 3384 ratio
1120 3324 1248 3400 priorem
1278 3325 1457 3384 sententiam
1485 3344 1546 3405 am·

268 3411 426 3486 plectentis
454 3412 541 3471 unice
569 3413 721 3488 probatur.
767 3413 846 3470 Nam
877 3416 908 3471 et
939 3413 1050 3472 recenti
1082 3413 1287 3491 indignatione
1315 3414 1480 3474 Theronem
1508 3415 1545 3474 ob

268 3501 407 3559 Hieronis
431 3500 586 3576 perfidiam
613 3505 644 3560 et
671 3501 870 3576 proditionem
893 3502 1075 3577 patruelium
1098 3502 1240 3579 flagrasse
1264 3522 1299 3560 ex
1323 3503 1379 3562 ode
1402 3503 1468 3579 ipsa
1491 3522 1543 3578 ap·

268 3592 354 3664 paret
384 3581 426 3671 (v.
452 3600 493 3647 18.
518 3602 559 3651 aa.
586 3584 663 3671 1'06),
694 3593 725 3649 et
754 3611 832 3650 anno
857 3593 898 3649 47
903 3593 920 3649 2
945 3594 1008 3649 tarn
1033 3591 1144 3667 insigni
1173 3591 1379 3651 familiaritate
1403 3592 1542 3652 Hieronis

269 3678 416 3737 Pindarus
444 3679 598 3756 utebatur,
626 3683 662 3736 ut
689 3684 755 3738 tum
784 3680 926 3756 temporis
949 3679 1070 3739 minime
1094 3680 1120 3738 ei
1144 3680 1246 3740 liceret
1268 3679 1423 3756 perfidiam
1446 3684 1477 3741 et
1499 3682 1542 3740 in-

267 3767 376 3826 iuriam
399 3768 538 3826 Hieronis
562 3769 681 3845 oblique
705 3788 833 3844 carpere.
870 3770 973 3844 Neque
994 3770 1072 3844 quod
1091 3769 1239 3828 Diodorus
1257 3770 1380 3829 dissidia
1399 3770 1543 3830 Theronis

268 3860 299 3915 et
315 3857 454 3917 Hieronis
475 3856 520 3916 Ol.
538 3860 587 3935 76,
607 3862 622 3916 1
640 3859 722 3917 facta
741 3877 804 3917 esse
830 3861 941 3934 narrat,
967 3858 998 3915 id
1015 3861 1128 3916 erecta
1148 3858 1198 3917 via
1219 3861 1249 3917 te
1269 3859 1383 3919 deicere
1408 3879 1464 3935 par
1489 3863 1542 3920 est.

268 3946 363 4022 Saepe
387 3947 466 4004 enirn
490 3946 540 4005 ille
563 3966 618 4024 res,
643 3967 718 4022 quae
742 3948 803 4006 iam
826 3947 912 4006 initio
936 3947 1041 4007 solaris
1065 3947 1136 4006 anni
1156 3950 1258 4025 gestae
1277 3951 1371 4025 erant,
1390 3948 1420 4006 in
1441 3947 1542 4025 Olym·

266 4035 364 4110 piadis
383 4036 552 4111 proximum
570 4056 683 4095 annum
698 4037 860 4113 transtulit,
879 4036 957 4095 unde
976 4057 1034 4096 non
1054 4037 1175 4096 audacis
1194 4042 1239 4096 est
1257 4040 1373 4114 putare,
1392 4037 1454 4096 iem
1472 4041 1542 4097 ante

267 4143 396 4182 mensem
421 4125 601 4202 Augustum,
626 4146 683 4201 quo
707 4126 769 4183 ludi
790 4124 938 4201 Olympici
963 4126 1136 4203 agebantur,
1161 4126 1227 4186 lites
1250 4126 1324 4186 istas
1348 4127 1491 4186 Theronis
1512 4130 1543 4186 et

266 4212 406 4270 Hieronis
429 4218 527 4273 motas
550 4217 580 4272 et
603 4215 784 4290 compositas
808 4233 879 4273 esse.
916 4214 1019 4289 Neque
1043 4219 1143 4273 tamen
1167 4216 1286 4275 silentio
1309 4219 1464 4292 praetereo
1484 4236 1541 4276 non

267 4320 368 4358 onmes
396 4301 476 4360 viros
504 4303 606 4362 doctos
634 4303 779 4362 Boeckhii
804 4303 971 4363 rationibus
999 4304 1177 4380 adstipulari
1205 4308 1237 4363 et
1265 4305 1441 4384 Berglrimn,
1473 4325 1542 4365 cum

267 4389 354 4447 odam
383 4389 416 4448 Ο.
441 4408 475 4445 111
505 4394 574 4466 post
603 4391 636 4452 Ο,
660 4412 671 4449 1
700 4393 841 4469 scriptam
872 4412 933 4452 esse
968 4393 1023 4451 sibi
1054 4394 1250 4469 persuasisset
1280 4400 1311 4453 et
1341 4394 1375 4453 Ο.
1399 4414 1410 4452 ι
1437 4397 1540 4454 contra

267 4478 355 4535 fidem
384 4477 609 4555 Olympicorum
637 4482 769 4541 indicum
798 4482 843 4541 01.
865 4486 904 4543 76
930 4484 1042 4541 factam
1065 4502 1127 4542 esse
1157 4483 1370 4561 perhibuisset,
1399 4483 1543 4543 Theronis

266 4567 424 4626 victoriam
448 4569 486 4625 ad
510 4567 663 4646 Ol.77,1
686 4572 846 4632 rettulisse.

356 4656 512 4715 Summum
535 4659 675 4719 carminis
694 4661 725 4717 in
744 4661 888 4720 Theronis
907 4660 1069 4720 virtutibus
1092 4661 1279 4721 illustrandis
1302 4662 1423 4737 eiusque
1443 4663 1542 4721 anime

265 4745 300 4805 de
325 4746 441 4805 iniuriis
461 4747 497 4805 ab
517 4747 617 4824 impiis
636 4749 806 4810 hominibus
825 4750 955 4826 acceptis
975 4751 1153 4812 consolando
1173 4755 1317 4830 versatur,
1336 4752 1422 4811 cuius
1441 4752 1544 4812 solatii
