3406 5378
750 367 899 420 ISTHMIA
918 368 939 419 1.

260 535 341 617 άμμι
365 530 395 596 δ’
422 534 506 596 ἔοικε
531 532 665 615 Κρόνου
689 527 869 613 σεισίχθον’
897 529 973 594 νίὸν

260 638 381 723 γείτον’
406 636 635 722 ἀμειβομένοις
657 635 831 722 εὐεργέταν

260 747 415 832 ἁρμάτων
441 746 660 829 ἱπποδρόμιον
683 745 874 828 κελαδῆσαι,

209 873 241 919 55
261 853 315 919 καί
339 853 454 934 σέθεν,
476 851 701 937 Ἀμφιτρύων,

261 963 381 1038 παῖδας
403 971 608 1045 προσειπεῖν,
632 959 690 1023 τὸν
716 959 831 1023 Μινύα
854 981 888 1022 τε
911 959 1017 1041 μυχὸν

261 1067 313 1132 καί
338 1069 375 1132 τὸ
399 1066 577 1151 Δάματρος
598 1066 720 1130 κλυτὸν
743 1066 842 1142 άλσος
863 1062 968 1129 Ἐλευ-

246 1257 251 1266 .
307 1187 384 1239 σλνιι
406 1172 461 1239 καὶ
486 1174 650 1256 Εύ-βοιαν
673 1171 709 1236 έν
733 1183 913 1256 γναμπτοῖς
935 1171 1083 1255 δρόμοις·

263 1408 471 1491 Πρωτεσίλα,
494 1406 531 1470 τὸ
554 1404 629 1470 τεὸν
652 1402 683 1467 δ’
710 1402 843 1488 ἀνδρῶν
864 1400 1002 1488 Ἀχαιῶν

263 1513 299 1578 έν
324 1511 462 1600 Φυλάκᾳ
485 1511 618 1597 τέμενος
641 1510 878 1596 συμβάλλομαι.

211 1639 244 1685 60
264 1621 370 1685 πάντα
394 1618 425 1684 δ’
451 1618 603 1702 ἐξειπεῖν,
627 1616 677 1684 ὅσ’
704 1616 846 1701 ἀγώνιος
864 1615 984 1702 Ἑρμᾶς

259 1725 429 1815 Ἡροδότῳ
453 1730 571 1811 ἔπορεν

265 1836 391 1917 ἵπποις,
415 1833 603 1918 ἀφαιρεῖται
626 1835 732 1917 βραχὺ
756 1830 876 1917 μέτρον
900 1835 984 1916 ἔχων

264 1942 376 2025 ὕμνος.
422 1936 441 2022 ἦ
465 1941 531 2024 μάν
553 1939 692 2005 πολλάκι
715 1938 770 2004 καί
794 1940 831 2004 τὸ
855 1956 955 2003 σεσω-

308 2046 455 2133 παμένον
478 2047 660 2131 εύ-θυμίαν
683 2050 779 2131 μείζω
803 2044 905 2131 φέρει.

266 2286 315 2361 eiu
339 2303 394 2343 νιν
417 2279 579 2363 εὐφώνων
601 2278 819 2362 πτερύγεσσιν
841 2275 990 2362 ἀερθέντ’
1020 2277 1156 2360 ἀγλααῖς
1306 2274 1371 2340 'Era
1392 2277 1411 2339 δ
1417 2275 1434 2339 ’.
1454 2292 1488 2347 νο

214 2404 246 2449 65
267 2387 436 2470 Πιερίδων
460 2389 507 2450 ἔτι
530 2384 584 2450 καί
605 2390 779 2449 Πυθῶθεν
796 2383 1027 2468 Ὀλυμπιάδων
1051 2382 1079 2449 τ’
1102 2382 1276 2468 ἐξαιρέτοις

265 2491 405 2577 Ἀλφεοῦ
428 2496 537 2578 ἔρνεσι
561 2490 684 2576 φράξαι
706 2503 812 2576 χεῖρα,
835 2493 934 2576 τιμάν
958 2489 1154 2567 ἑπταπύλοις
1454 2507 1488 2554 95

285 2800 326 2848 53.
342 2794 434 2865 ἀμοιβ.
451 2794 481 2847 D
496 2827 528 2834 —
544 2798 585 2847 bt.
602 2788 796 2862 ἱπποδρομίαν
810 2791 879 2846 coni
895 2791 1103 2846 Rauchenstcin
1119 2824 1151 2831 -
1167 2797 1209 2846 61.
1224 2789 1387 2859 ’Προδίτοιο
1402 2790 1489 2860 πόρεν

215 2865 285 2919 coni.
300 2865 468 2931 Mommuem
488 2866 522 2920 cf.
538 2864 575 2917 ad
590 2863 621 2919 Ο.
637 2883 646 2916 r
662 2880 699 2917 ros
715 2896 748 2904 —
764 2862 884 2933 έμπορεν
900 2864 926 2917 Β
942 2896 972 2904 -
990 2868 1031 2917 63.
1051 2860 1233 2932 σεσιγαμένον
1247 2862 1318 2917 coni.
1334 2863 1489 2923 Hermann:

215 2938 249 2990 cl.
265 2938 296 2990 0.
312 2955 360 2988 rru
375 2953 400 2990 aa
420 2969 452 2976 -
473 2933 609 3006 εὐομνίαν
628 2934 699 2988 coni.
714 2935 810 2989 Nabar
828 2968 863 2974 -
881 2940 924 2989 64.
944 2935 1108 3004 πτερύγεσιν
1124 2935 1185 2989 BD
1204 2967 1236 2973 —
1257 2935 1375 3003 ἀγλααῖς
1392 2933 1489 2988 Trici:

215 3008 357 3077 ἀγλαίαισι
380 3009 419 3077 Β,
446 3008 576 3077 ἀγλααῖσι
600 3008 629 3062 D
652 3038 686 3046 -
710 3012 752 3063 to,
778 3003 913 3060 πνθύθεν
938 3006 1005 3060 BD
1023 3038 1058 3045 -
1076 3011 1118 3060 66.
1145 3014 1238 3076 χεῖρας
1264 3006 1326 3060 sort.
1346 3014 1436 3073 πρᾶτα
1457 3038 1488 3045 -

219 3184 284 3239 iecti
299 3185 356 3238 vim
375 3184 501 3240 obtinere
515 3184 587 3239 duco
602 3216 636 3224 -
651 3190 693 3237 bd.
712 3182 776 3238 υἱὸν
790 3184 894 3254 pendet
908 3185 944 3238 ab
959 3183 1161 3257 ἀμειβομένοις,
1179 3180 1366 3253 ἱπποδρόμιον
1380 3201 1398 3237 a
1412 3188 1490 3238 ιιελα·

216 3259 313 3325 δῆσαι·
324 3253 436 3326 γείτονα
446 3260 540 3310 autem
551 3256 713 3325 Neptunum
723 3254 803 3322 dixit,
813 3256 888 3323 quod
899 3255 1055 3309 Onchestus
1065 3273 1121 3309 non
1131 3255 1212 3321 longe
1223 3271 1241 3307 a
1250 3253 1354 3309 Thebis
1364 3254 1492 3309 distabat

218 3360 250 3367 —
271 3334 313 3382 bt.
334 3326 521 3397 ἱπποδρόμων
541 3325 600 3382 scil.
619 3324 708 3395 ύμνον
727 3326 771 3380 vel
791 3326 886 3394 νόμον,
905 3325 984 3380 cuius
1003 3325 1112 3396 generis
1131 3327 1297 3394 hymnorum
1315 3328 1405 3380 metra
1425 3326 1489 3379 dac-

217 3398 434 3469 tylo-epitritica
456 3398 570 3468 propria
593 3397 680 3451 fuisse
703 3396 768 3451 inde
792 3396 908 3485 colligo,
932 3398 1006 3466 quod
1030 3398 1102 3451 Plut.
1123 3397 1157 3451 de
1177 3414 1272 3451 muer
1293 3396 1491 3465 Stesichorum,

218 3471 390 3524 inventorem
410 3468 727 3539 dactylo-epitritorum,
746 3468 885 3542 ἀρματτιῳ
905 3466 1157 3559 νόμῳγρήσασθαι
1176 3467 1316 3522 tradit-
1336 3474 1378 3522 55.
1398 3467 1491 3535 σέθεν,

215 3541 393 3609 Ἀμφιτρύων,
408 3543 523 3604 παῖδας·
540 3540 646 3596 lolaum
661 3541 690 3593 et
699 3538 855 3601 Herculem,
869 3557 986 3608 quorum
1006 3539 1117 3594 Ιολάετα
1132 3557 1180 3593 seu
1192 3538 1342 3607 Ἡράκλεια
1356 3539 1492 3594 Thebana

217 3614 342 3679 lirerunt;
361 3614 396 3667 cf.
411 3611 484 3666 Prcl.
500 3631 544 3665 xor
559 3644 592 3652 -
607 3617 649 3666 56.
667 3611 766 3665 Μινύα
780 3609 876 3682 μογόν,
892 3610 1095 3665 Orchomenum
1110 3612 1207 3665 urhem
1222 3610 1251 3664 in
1265 3611 1397 3665 interiore
1410 3614 1491 3681 parte

217 3684 351 3738 Boeotiae
380 3683 480 3748 sitam3
508 3683 542 3737 de
570 3682 645 3737 ludis
673 3681 865 3737 Orchomeniis
893 3685 922 3737 et
949 3683 1098 3737 Euboeicis
1127 3702 1151 3736 v.
1175 3682 1246 3737 Prol.
1269 3701 1367 3735 sxxxrx
1388 3701 1428 3752 sq.
1458 3714 1489 3722 -

219 3761 259 3808 58.
280 3755 437 3821 Protesilai,
457 3753 504 3824 qui
524 3754 629 3824 primus
647 3757 714 3809 ante
732 3753 846 3808 Troiam
865 3754 1046 3823 occubuerat,
1066 3753 1127 3808 ludi
1146 3753 1274 3808 funebres
1293 3752 1443 3822 Phylacae‚
1462 3753 1492 3806 in

220 3830 338 3896 paterno
353 3844 421 3896 agro
434 3827 610 3881 Achaeorum
623 3824 847 3880 Thessalicorum
867 3829 948 3879 erant
962 3858 995 3865 -
1010 3826 1130 3895 ἀγώνιος
1144 3822 1256 3893 Ἑρμᾶς,
1275 3824 1428 3878 Mercurius
1443 3824 1493 3913 gui

217 3897 375 3967 palaestrae
400 3900 429 3952 et
451 3896 524 3951 ludis
548 3899 671 3967 praeest;
691 3896 725 3951 cf.
740 3896 770 3951 P.
785 3916 806 3949 11
821 3913 853 3950 ιο.
874 3895 904 3950 Ο.
920 3916 948 3948 vr
962 3913 988 3950 rs
1005 3929 1041 3936 —
1059 3902 1101 3951 ὃν.
1126 3896 1214 3968 βραχύ
1230 3891 1335 4018 μέτρον
1354 3894 1424 3965 ἔχων
1442 3916 1491 3965 ομ

219 3987 278 4031 νος·
303 3969 355 4022 hoc
375 3985 408 4022 ex
427 3968 488 4024 loco
507 3968 718 4022 Drachmannus
742 3967 782 4022 De
800 3983 853 4021 rec.
873 3966 923 4022 int.
938 3967 1017 4020 Pind.
1033 3968 1050 4021 l.
1066 3987 1093 4021 rr.
1109 3985 1132 4020 c.
1147 3987 1167 4019 rr
1185 3966 1228 4020 col
1242 3966 1318 4036 igere
1337 3983 1421 4020 ausus
1440 3970 1491 4033 est,

217 4041 251 4093 de
271 4043 347 4093 certo
366 4040 487 4108 quodam
508 4039 616 4093 ambitu
636 4038 768 4092 carminis
787 4037 861 4092 inter
874 4038 1008 4091 victorem
1023 4041 1052 4092 et
1069 4042 1183 4108 poetam
1202 4036 1378 4105 convenisse;
1398 4039 1492 4093 confer

216 4111 302 4164 etium
326 4111 359 4164 N.
379 4130 407 4163 ιν
425 4128 451 4165 aa
471 4145 503 4151 —
524 4118 565 4166 63.
590 4110 621 4165 τὸ
646 4109 885 4179 σεσωπαμένον..
903 4109 1015 4177 ,φέρειΙ
1042 4109 1201 4181 generalem
1228 4109 1410 4177 seutentiam,
1437 4109 1491 4162 nisi

216 4181 348 4252 languide
368 4199 430 4236 eam
450 4183 602 4237 adhaerere
622 4182 717 4244 ducas,
736 4182 773 4234 ad
791 4180 872 4233 ludos
887 4179 1072 4235 Athenienses
1087 4184 1213 4250 spectare
1233 4179 1408 4246 crediderim,
1422 4197 1492 4249 quos

215 4253 265 4307 illo
284 4257 421 4323 tempore,
449 4271 504 4321 quo
523 4252 650 4307 Thebani
674 4269 736 4306 eum
755 4251 974 4306 Atheniensibus
994 4252 1195 4321 confligebant,
1215 4267 1368 4305 memorare
1387 4251 1492 4306 Thebis

216 4325 359 4394 ingratum
378 4324 445 4392 fuit3
465 4328 539 4379 certe
558 4325 665 4379 Nemea
684 4322 759 4392 quod
778 4322 891 4377 silentio
910 4322 1057 4393 praeteriri
1076 4323 1245 4378 scholiastae
1260 4322 1364 4390 dicunt,
1384 4323 1414 4376 id
1428 4339 1491 4377 con-

216 4396 324 4450 iectura
348 4396 594 4466 grammaticorum
617 4394 718 4449 nititur
742 4395 821 4448 iuxta
840 4394 958 4448 Isthmia
977 4394 1108 4464 Olympia
1127 4394 1230 4463 Pythia
1249 4393 1419 4448 mentionem
1437 4394 1492 4449 Ne·

215 4484 339 4521 meorum
359 4467 580 4521 desiderantium
601 4500 632 4507 -
652 4471 694 4520 64.
714 4466 877 4535 πτερύγεσσι
891 4468 1040 4532 Πιερίδων,
1059 4464 1230 4520 carminibus
1249 4465 1392 4535 epiniciis;
1412 4467 1447 4521 ot.
1462 4467 1491 4520 P.

215 4559 232 4591 v
249 4556 284 4592 ιιι
305 4570 338 4578 -
359 4544 400 4593 66.
420 4538 527 4607 φράξαι
546 4545 625 4608 χεῖρα
644 4538 713 4592 mire
732 4536 852 4602 dictum,
872 4537 947 4605 quod
967 4539 1052 4607 caput
1070 4536 1179 4592 coronis
1199 4536 1370 4591 redimibant
1389 4541 1418 4591 et
1436 4537 1492 4591 vic-

215 4614 303 4664 torem
327 4611 431 4679 fingerc
455 4609 519 4663 aliis
544 4608 652 4663 coronis
679 4612 806 4732 temgora
825 4607 992 4676 cingentem,
1013 4607 1083 4662 alias
1102 4626 1186 4662 manu
1207 4611 1400 4678 capessentem
1419 4609 1492 4679 puti-

215 4683 280 4734 dum
308 4685 362 4739 est:
390 4680 520 4748 equidem
545 4681 575 4734 in
600 4697 629 4733 re
655 4679 766 4733 difficri
790 4696 904 4733 manum
928 4697 945 4732 a
969 4682 1053 4748 poeta
1078 4683 1323 4734 commemoratam
1350 4680 1434 4747 duco,
1463 4684 1493 4733 ut

217 4753 387 4806 Herodotum
415 4752 507 4821 ipsum
535 4752 592 4807 suis
621 4751 751 4805 manibus
779 4768 865 4819 equos
890 4753 1029 4803 recturum
1053 4768 1113 4805 esse
1139 4750 1323 4819 significaret;
1354 4751 1388 4805 cf.
1409 4769 1433 4806 v.
1455 4766 1491 4818 153

215 4823 369 4879 Schroedcr
388 4828 532 4895 comparat
552 4826 582 4879 0.
603 4843 622 4877 u
642 4839 667 4879 ss
686 4854 721 4863 -
