3406 5378
404 328 468 391 288
880 331 1026 380 insonui
1047 330 1212 379 smmum.

456 494 569 577 μολὼν
592 495 730 577 χθονός,
754 492 791 558 ἔν
809 532 823 541 -
843 494 1007 557 Πυθίοισι
1031 487 1067 555 δὲ
1091 488 1248 566 δαπέδοις

404 616 438 662 ao
457 611 560 664 κεῖται
584 599 740 684 Πριάμου
763 602 862 664 πόλιν
881 640 893 647 -
912 594 1124 681 Νεοπόλεμος
1147 594 1216 661 ἐπεὶ
1239 598 1384 680 πράθεν,

458 716 498 791 τᾷ
522 704 576 770 καίΙ
599 704 730 770 Δαναοὶ
753 708 931 788 τύνη-σαν·
956 704 973 769 ὁ
997 702 1025 767 δ’
1055 702 1230 768 ἀποπλέων

459 814 595 898 Σκύρου
618 809 679 896 μέν
703 813 861 898 ἅμαρτεν,
884 812 1011 875 ί-κοντο
1035 808 1066 874 δ’
1092 811 1139 886 είς
1161 808 1307 894 Ἐφύραν
1329 810 1498 891 πλάνητες.
1649 826 1686 872 οδ

460 994 634 1077 Μολοσσίᾳ
653 1031 666 1039 -
686 988 719 1054 δ’
745 987 974 1073 ἐμβασίλευεν
997 988 1112 1071 ὀλίγον
1499 985 1564 1051 Ἐπ.
1584 986 1628 1069 β’.

457 1100 592 1181 χρόνον·
616 1096 698 1181 ἀτάρ
722 1095 818 1178 γένος
841 1093 920 1159 αί-ελ
944 1093 1037 1181 φέρει

404 1222 440 1266 oo
460 1207 558 1269 τοῦτό
581 1210 635 1268 fot
659 1201 764 1286 γέρας.
811 1200 927 1289 ᾥ-χετο
952 1199 987 1266 δὲ
1011 1204 1094 1285 πρὸς
1116 1205 1214 1283 θεόν,

458 1308 566 1375 κτέαν’
592 1312 684 1392 ἀγων
712 1313 892 1395 Τροΐα-διν
915 1308 1135 1393 ἀκροθινίων·

458 1418 513 1482 ἵνα
536 1428 642 1502 κρεῶν
665 1440 721 1481 νιν
743 1416 826 1499 ύπερ
850 1415 955 1500 μάχας

502 1528 618 1588 ἔλασεν
640 1520 849 1606 ἀντιτυχόντ’
875 1521 959 1607 ἀνὴρ
983 1526 1136 1609 μαχαίρᾳ.

457 1702 629 1786 βάρυνθεν
653 1698 688 1764 δὲ
712 1701 852 1785 περισσὰ
874 1698 1020 1783 Asi-pol
1044 1699 1221 1782 ξεναγέται.
1486 1704 1564 1783 Στρ.
1585 1697 1626 1780 γ’.

457 1808 540 1873 ἀλλά
563 1809 600 1872 τὸ
623 1809 786 1891 μόρσιμον
809 1806 991 1871 ἀπέδωκεν·
1016 1805 1065 1890 έχ-

502 1913 629 2000 ρῆνδί
648 1911 710 1978 τιν’
739 1913 838 1977 ἔνδον
861 1914 968 1977 ἀλ-σει
992 1913 1180 2000 παλαιτάτῳ
1649 1930 1684 1976 oo

403 2090 457 2159 γὰρ
469 2134 473 2143 .
487 2136 491 2144 .
505 2089 619 2159 ,ἔμολεν
630 2088 699 2155 BD,
714 2087 814 2156 quain
829 2087 948 2141 lectione
964 2087 1061 2157 ἔμολεν
1075 2105 1125 2157 pro
1139 2088 1264 2158 genuina
1277 2087 1376 2158 ἔμολον
1387 2088 1431 2142 vel
1446 2086 1531 2157 μόλον
1542 2103 1556 2140 e
1567 2086 1683 2154 Didymi

403 2161 565 2215 coniectura
575 2158 710 2229 scriptum
720 2174 781 2212 esse
792 2157 900 2212 scholia
909 2161 1061 2225 testantur,
1076 2158 1129 2229 γὰρ
1139 2159 1206 2214 eioo.
1217 2159 1367 2227 Hermann,
1378 2158 1460 2229 μόλεν
1471 2157 1542 2213 coni.
1553 2157 1683 2222 Schmid3

406 2229 529 2305 βοαθύν·
557 2226 573 2300 ἦ
595 2249 658 2285 τοι,
675 2274 680 2283 .
698 2276 701 2283 .
719 2227 802 2298 μόλεν
828 2229 898 2284 coni.
918 2229 1003 2284 Neine
1023 2261 1056 2269 -
1075 2237 1117 2283 35.
1141 2230 1265 2301 πριάμου
1288 2230 1384 2286 Tricl:
1411 2229 1480 2297 πριά
1502 2249 1545 2284 oro
1564 2230 1627 2283 BD
1647 2261 1682 2267 —

404 2302 526 2357 Νεοπόλ.
543 2302 655 2371 scripsi:
675 2299 800 2355 νεοκτόλ.
815 2301 905 2369 codd,
925 2302 1031 2355 Νευτιτ.
1046 2300 1195 2369 Boehmer;
1215 2302 1249 2356 of.
1269 2301 1448 2355 Kretzohmer
1496 2300 1524 2355 Z.
1544 2317 1569 2355 aa
1587 2304 1684 2367 (1895)

403 2391 441 2429 orl
462 2405 494 2413 -
515 2379 556 2427 37.
585 2372 704 2442 ἅμαρτε,
730 2376 786 2425 πλα
806 2370 922 2441 χθέντες
940 2371 968 2425 δ’
986 2372 1024 2434 είς
1045 2370 1172 2441 Ἐφύραν
1191 2373 1315 2428 Boeckh:
1335 2372 1466 2443 ἅμαρτεν.
1482 2370 1576 2425 ἵκοντο
1595 2369 1623 2423 δ’
1642 2371 1684 2433 είς

403 2444 513 2514 ἔφύροιν
534 2449 607 2514 πλαγ
625 2443 726 2507 θέντες
747 2394 808 2497 BD
828 2446 942 2513 (πλαχδ.
963 2444 1049 2509 D⁸⁰);
1072 2443 1118 2513 ἀμ.
1138 2442 1174 2499 ίκ,
1195 2442 1222 2497 δ’
1245 2445 1284 2507 εἰς
1308 2444 1351 2511 ἔφ.
1372 2444 1510 2497 πλάναιον
1532 2441 1588 2511 (vel
1611 2442 1682 2495 πλά-

403 2520 495 2586 νητες)
515 2516 584 2569 coni.
605 2466 698 2585 Dergk
720 2548 750 2553 -
771 2520 812 2569 39.
842 2514 922 2584 φέρει
946 2515 987 2569 D:
1010 2513 1098 2582 φέρεν
1118 2518 1157 2581 Β,
1185 2514 1264 2585 ἔσχεν
1291 2515 1421 2585 paraphr.
1455 2546 1482 2553 —
1513 2519 1554 2567 41.
1584 2511 1681 2567 κτέατ’

403 2639 518 2710 ἀνάγων
531 2641 569 2704 D,
588 2639 663 2707 quod
682 2656 716 2692 ex
735 2638 847 2708 duplice
866 2638 986 2692 lectione
1005 2607 1098 2693 utrdd'
1115 2643 1206 2693 ortum
1225 2656 1285 2693 esse
1306 2639 1417 2694 videtur
1440 2671 1467 2678 —
1489 2644 1530 2690 4³.
1550 2637 1682 2708 βάρυνθε

404 2712 433 2766 D
451 2742 485 2751 *
505 2710 536 2765 dt
555 2710 673 2779 περισσὰ
693 2710 765 2765 coni.
785 2709 911 2764 Schmid:
930 2711 1048 2777 περιττὰ
1067 2711 1098 2765 δέ
1119 2711 1180 2765 BD
1197 2742 1232 2751 -

475 2859 509 2907 33
524 2872 560 2907 ss.
580 2855 696 2906 mortem
711 2852 875 2905 occumbere
889 2869 984 2905 omnes
1001 2852 1136 2920 homines,
1150 2852 1200 2906 sed
1213 2852 1319 2905 honore
1333 2851 1426 2905 ornari
1440 2868 1557 2920 quorum
1573 2852 1682 2905 samam

403 2928 576 2979 mortuorum
603 2924 672 2977 deus
695 2926 813 2992 augeat,
839 2924 965 2993 exemplo
995 2923 1171 2993 Neoptolemi
1198 2925 1283 2993 poeta
1310 2922 1447 2991 illustrat,
1476 2923 1525 2992 qui
1553 2925 1682 2977 mortuus

403 2995 522 3049 antistes
554 3011 720 3065 pomparum
752 2994 951 3064 Delphicamm
978 3011 996 3047 a
1023 2994 1078 3049 diis
1110 2994 1280 3049 constitutus
1313 2993 1351 3047 sit
1383 3026 1415 3033 -
1444 3000 1485 3049 33.
1519 3015 1560 3048 τοι
1593 2994 1681 3049 tertio

403 3068 463 3120 loco
482 3066 606 3135 positum
624 3065 786 3120 defenditur
804 3065 943 3119 similibus
963 3066 1097 3135 exemplis
1120 3066 1149 3120 P.
1170 3084 1189 3118 u
1208 3082 1241 3121 ss.
1265 3084 1315 3119 vm
1332 3082 1367 3121 os.
1400 3065 1432 3119 lr.
1452 3084 1475 3119 ει
1497 3098 1530 3106 -
1549 3065 1681 3134 ὀμφαλὸν

424 3135 523 3200 θονόφ
543 3135 679 3206 Delphos;
699 3137 733 3191 os.
753 3136 783 3189 P.
797 3154 851 3190 rvr
872 3168 904 3176 —-
923 3144 966 3191 35.
986 3135 1165 3207 Νεοπόλεμος
1182 3154 1232 3207 pro
1252 3133 1447 3206 Νεοπτόλεμος
1466 3137 1502 3190 ad
1521 3135 1681 3205 exemplum

405 3160 527 3278 duplicis
553 3208 659 3261 formae
685 3207 849 3261 Homericae
874 3205 1009 3278 πτόλεμος
1033 3212 1063 3262 et
1087 3206 1205 3278 πόλεμος
1230 3224 1364 3278 usurpare
1389 3224 1423 3261 eo
1447 3208 1537 3278 magis
1556 3206 1681 3262 Pindaro

404 3279 497 3347 licuit,
521 3279 597 3349 puod
620 3277 734 3349 pinguis
757 3278 853 3333 littera
876 3298 912 3332 πτ
936 3279 1018 3333 huius
1040 3279 1162 3333 nominis
1186 3279 1334 3349 prosodioa
1356 3279 1478 3348 ratione,
1501 3296 1536 3333 ne
1554 3277 1681 3347 quinque

403 3350 531 3419 syllabae
554 3350 653 3403 breves
677 3366 737 3403 sese
761 3349 892 3419 deinceps
915 3350 1087 3420 exciperent,
1112 3355 1181 3405 nata
1204 3355 1265 3405 erat
1288 3383 1321 3390 -
1344 3356 1386 3404 36.
1406 3352 1454 3404 καὶ
1474 3347 1595 3404 Δαναοί·
1622 3367 1681 3404 non

402 3422 494 3475 solum
513 3421 647 3489 Dardani,
667 3421 716 3473 sed
736 3420 820 3475 etiam
840 3420 932 3475 Danai
950 3421 1027 3476 mala
1044 3422 1169 3492 perpessi
1188 3425 1305 3475 sunt-
1326 3426 1368 3477 37,
1389 3421 1513 3489 Σκύρου·
1533 3438 1618 3489 quam
1636 3421 1679 3474 in·

402 3492 493 3546 sulam
520 3493 638 3562 primam
665 3490 864 3561 Neoptolemus
890 3492 1019 3561 petebat,
1045 3494 1119 3561 quod
1144 3493 1172 3546 in
1195 3510 1230 3548 ea
1252 3497 1334 3547 natus
1358 3497 1388 3547 et
1409 3493 1544 3546 educatus
1563 3496 1625 3546 erat
1646 3524 1678 3532 -

400 3562 537 3632 Ἐφύραν,
558 3563 737 3633 Epiroticam,
757 3564 830 3618 unde
849 3564 879 3616 in
897 3564 1081 3618 Molossorum
1100 3567 1203 3618 terram
1217 3564 1296 3618 venit
1313 3568 1342 3618 et
1360 3582 1477 3633 regnum
1491 3563 1680 3617 Aeacidarum

401 3634 542 3702 condidit,
562 3635 659 3688 eadem
675 3633 852 3704 Neoptolemi
867 3635 927 3689 fata
941 3635 1040 3704 attigit
1053 3635 1086 3688 N.
1098 3655 1124 3687 rr
1135 3652 1161 3689 ua
1171 3666 1203 3675 —
1215 3641 1256 3689 40.
1272 3633 1362 3704 γέρας,
1378 3640 1518 3704 sceptmm
1532 3640 1561 3690 et
1576 3633 1678 3687 solium

400 3706 525 3776 regis-
540 3713 582 3760 41.
602 3703 697 3759 κτέαν’
715 3704 902 3773 ἀκροθινίων·
923 3722 966 3760 res
986 3709 1094 3775 captae,
1114 3706 1245 3775 equibus
1259 3706 1401 3775 primitiae
1416 3705 1486 3760 belli
1500 3706 1679 3773 constabant,

401 3781 433 3831 ut
452 3777 481 3830 in
499 3776 649 3831 notissima
668 3777 788 3831 formula
808 3775 888 3845 ἕρκος
906 3776 1037 3831 ὀδόντων.
1074 3777 1196 3831 Pindaro
1220 3776 1307 3848 igitur
1330 3778 1399 3831 haec
1418 3794 1504 3831 causa
1522 3776 1679 3831 iustissima

401 3848 510 3902 itineris
521 3847 698 3918 Neoptolemi
708 3848 828 3917 placuit;
844 3848 915 3902 alios
926 3848 1009 3903 aliter
1023 3848 1150 3916 sensisse,
1165 3848 1334 3917 quinetiam
1349 3849 1443 3916 fuisse,
1458 3849 1506 3917 qui
1522 3848 1679 3918 praedandi

400 3919 495 3990 gratia
514 3936 578 3973 aum
599 3919 721 4009 Delphos
740 3920 895 3988 profectum
920 3936 979 3974 esse
1002 3919 1140 3985 dicerent,
1167 3918 1275 3973 scholia
1293 3923 1322 3973 et
1341 3919 1442 3974 Strabo
1461 3939 1487 3990 p.
1502 3938 1541 3973 ενι
1562 3919 1680 3973 tradunt

400 4022 435 4031 -
454 3997 496 4045 42.
516 3990 605 4045 fusius
629 3991 844 4059 Neoptolemum
863 4008 880 4043 a
899 3989 1008 4060 Delpho
1034 3992 1155 4059 quodam
1183 3991 1378 4060 interemptum
1405 4007 1466 4045 esso
1492 3995 1589 4045 narrat
1613 3990 1678 4045 Eur.

400 4063 485 4116 Andr.
503 4080 555 4117 ιιιο
569 4080 604 4116 aa.
622 4094 654 4102 -
669 4067 711 4115 ta.
732 4060 877 4134 βάρυνθεν
893 4060 923 4115 δὲ·
938 4064 1056 4130 περισσὰ
1072 4062 1178 4130 Δελφοὶ
1192 4064 1349 4131 ξεναγεταί·
1371 4062 1494 4131 Delphos
1514 4061 1678 4131 aegerrime,

399 4150 456 4201 qua
474 4138 555 4187 erant
574 4134 681 4202 pietate
701 4150 768 4202 erga
787 4133 920 4202 hospites,
939 4132 1118 4214 Neoptolemi
1136 4132 1249 4187 caedem
1269 4132 1367 4187 tulisse
1387 4137 1472 4202 poeta
1491 4132 1678 4195 adseveravit,

400 4208 550 4258 uteorum
574 4220 688 4258 causam
713 4221 730 4257 a
753 4204 857 4258 scelere
887 4205 1007 4274 improbi
1033 4204 1159 4257 cultrarii
1186 4208 1331 4272 separaret
1355 4208 1385 4258 et
1412 4209 1501 4259 semet
1524 4204 1615 4274 ipsum
1640 4204 1677 4257 ab

399 4275 559 4329 excusando
583 4275 639 4328 isto
663 4276 787 4329 facinore
811 4292 895 4343 quam
918 4275 1039 4329 maxime
1063 4274 1213 4328 abhorrere
1236 4275 1402 4329 ostenderet.
1441 4276 1521 4329 Hanc
1547 4276 1620 4329 enirn
1648 4276 1678 4328 in

400 4346 590 4415 suspicionem
610 4350 695 4400 antea
712 4346 859 4409 inciderat,
879 4363 941 4399 cum
960 4346 989 4400 in
1007 4362 1115 4415 paeane
1135 4344 1214 4399 nulla
1233 4345 1337 4400 doloris
1356 4347 1563 4416 significatione
1577 4346 1678 4401 addita

399 4416 488 4470 solum
515 4417 627 4470 dixerat
654 4416 868 4486 Neoptolemum
897 4416 1031 4471 occidisse
1059 4415 1244 4486 ἀμφιπόλοισι
1269 4418 1451 4487 μαρνάμενον
1475 4427 1589 4489 μοιριᾶν
1612 4420 1676 4485 περὶ

398 4496 482 4557 τιμᾶν
500 4487 598 4542 mahol.
614 4489 690 4542 adv.
706 4498 741 4557 ss)
759 4520 788 4527 —
808 4494 849 4542 44.
870 4488 964 4557 ἐχρῆν·
986 4489 1037 4543 hoc
1057 4486 1118 4544 loco
1137 4488 1253 4541 verbum
1271 4489 1349 4542 valet
1367 4488 1405 4553 id,
1425 4490 1498 4543 unde
1513 4493 1604 4543 ortum
1624 4493 1677 4557 est,

416 4557 476 4625 ρεία
495 4553 538 4628 ἦν,
558 4558 647 4612 fatale
666 4559 729 4627 luit,
749 4564 780 4613 ut
798 4576 883 4628 saepe
901 4559 976 4628 apud
995 4560 1093 4628 poetas
1111 4560 1234 4630 tragicos
1251 4590 1282 4599 -
1298 4559 1381 4614 ἔνδον
1396 4561 1484 4615 άλσει·
1506 4562 1539 4614 cf.
1556 4560 1676 4614 Ninos

398 4580 482 4683 ἔνδον
505 4631 589 4699 τέγει,
613 4630 715 4699 quibus
739 4629 808 4683 locis
828 4629 940 4683 danaus
959 4648 1016 4683 non
1027 4630 1138 4754 pendet
1157 4631 1193 4683 ab
1214 4631 1309 4695 ἔνδον,
1331 4632 1379 4685 scd
1398 4632 1496 4686 dativo
1515 4632 1570 4685 loci
1590 4631 1676 4699 ἄλσει,

398 4700 470 4769 τέγει
489 4701 526 4753 ad
545 4717 602 4754 rem
621 4702 780 4755 accuratius
795 4700 994 4755 declarandam
1009 4718 1026 4756 a
1047 4701 1173 4755 verbium
1188 4702 1272 4756 ἔνδον
1287 4702 1416 4756 additum
1430 4706 1481 4757 est.
1510 4702 1675 4772 Sepulcrum

399 4770 577 4843 Neoptolemi
596 4789 674 4827 muro
694 4773 815 4827 cinctum
836 4772 947 4825 exeunti
967 4770 1100 4841 templum
1120 4772 1157 4827 ad
1176 4773 1319 4827 sinistram
1338 4773 1424 4829 fuisse
1449 4774 1531 4828 docet
1556 4774 1638 4829 Paua.
1659 4796 1676 4828 x
