3406 5378
730 420 888 471 OLYMPIA
907 421 928 472 1.

402 583 507 646 ἄπυεν
530 582 744 665 βαρύκτυπον

324 704 357 752 75
404 688 621 773 Εὐτρίαιναν·
645 688 663 753 ὁ
687 686 718 752 d’
745 688 834 776 αὐτῷ

402 796 469 879 πάρ
493 791 571 859 ποδὶ
594 796 713 879 σχεδὸν
736 794 835 879 φάνη,

401 910 446 988 τῷ
471 897 531 984 μὲν
554 895 636 965 εἷπε·
685 904 785 965 Φίλια
809 901 901 985 δῶρα

445 1010 598 1092 Κυπρίας
620 1005 673 1090 ἄγ’
699 1013 732 1071 εί
752 1030 798 1088 τι,
823 1008 1038 1089 Ποσεί-ὃαον,
1062 1005 1094 1083 ἐς
1118 1008 1214 1090 χάριν
1290 1025 1341 1072 1⁴20

401 1112 562 1189 τέλλεται,
585 1111 729 1178 πέδασον
753 1116 847 1197 ἔγχος
871 1113 1229 1197 Οἰνομάου-χάλκεον,

402 1217 457 1304 ἐμὲ
481 1218 512 1283 δ’
538 1218 591 1284 ἐπὶ
614 1221 804 1304 ταχυτάτων
827 1224 992 1306 πόρευσον
1015 1219 1171 1306 ἁρμάτων
1290 1237 1340 1284 125

322 1344 356 1392 80
402 1325 435 1402 ἐς
452 1321 560 1410 Ἆλιν,
582 1327 695 1411 κράτει
717 1323 754 1391 di
776 1325 928 1393 πέλασον.

402 1430 471 1498 ἐπεὶ
493 1444 581 1517 τρεῖς
603 1456 638 1497 τε
660 1432 715 1497 καλ
739 1431 806 1498 δέκ’
833 1435 958 1519 ἄνδρας
981 1432 1111 1509 ὀλέσαις

402 1549 549 1624 ματῆρας
573 1538 790 1622 ἀναβάλλεται
813 1539 921 1623 γάμον

1121 1734 1188 1801 Ἐπ.
1211 1734 1253 1819 γ’.

403 1845 581 1924 θυγατρός.
627 1841 644 1905 ὁ
668 1840 768 1925 με’γας
791 1838 827 1905 δὲ
850 1843 918 1905 κίν-

447 1949 549 2024 δυνος
572 1950 710 2013 ἄναλκιν
734 1948 774 2013 οὐ
797 1960 891 2033 φῶτα
915 1947 1083 2032 λαμβάνει.
1288 1965 1338 2013 130

403 2060 523 2119 θανεῖν
546 2053 578 2118 d'
603 2046 692 2119 οἷσιν
715 2054 813 2137 ἀνάγ-

447 2185 503 2243 κα,
527 2164 561 2226 τί
582 2160 620 2225 κε’
640 2185 690 2237 τις
713 2160 890 2245 ἀνώνυμον

324 2284 357 2332 85
404 2276 507 2351 γῆρας
529 2267 565 2332 ἐν
588 2270 693 2354 σκότῳ
717 2270 905 2352 καθήμενος
926 2266 1017 2344 ἕ-όοι
1040 2268 1162 2352 μάταν,

405 2373 561 2438 ἁπάντων
583 2378 694 2438 καλῶν

447 2482 607 2564 ἄμμορος;
631 2479 703 2544 ἀλλ’
730 2478 801 2564 ε’μολ
824 2477 884 2564 μὲν
908 2477 1005 2557 οὗτος
1027 2482 1148 2556 ἄεθλος
1291 2498 1341 2546 135

403 2586 624 2651 ὑποκείσεται·
649 2589 688 2651 τὺ
712 2583 747 2651 dl
772 2585 906 2672 πρᾶ-ξιν
924 2591 1027 2670 φίλαν
1050 2587 1148 2651 δίδοι.

263 2801 303 2849 ἰ’ὀ.
329 2793 491 2863 εὐτρίαιναν
513 2797 596 2867 Byr:
621 2793 818 2865 εόρντρίαιναν
837 2795 959 2850 ABGD
979 2827 1011 2835 -
1036 2800 1076 2849 76.
1102 2795 1193 2865 ἐφάνη
1213 2798 1239 2851 Α
1265 2829 1297 2837 -
1324 2804 1364 2853 Π.
1390 2798 1464 2854 ἔειπε

194 2866 248 2921 OD
271 2900 304 2907 —
329 2867 357 2921 εἴ
376 2887 419 2921 τοι
445 2867 521 2922 G—
546 2872 587 2921 78.
612 2866 704 2937 ἔγχοςε
729 2866 806 2931 ἔντος
829 2866 1007 2921 Ammonium
1031 2867 1057 2920 lc
1080 2866 1132 2921 'sse
1156 2884 1189 2921 ex
1213 2868 1326 2923 scholiis
1350 2869 1467 2940 collegit

192 2938 276 2991 Lchrs
291 2937 483 2992 Pindarschol.
503 2954 528 2991 ro
543 2969 574 2979 -
595 2945 637 2994 80.
657 2940 697 3002 εἰς
710 2939 740 2993 D
756 2970 786 2978 —
803 2936 884 2993 αὖλιν
901 2940 923 2993 0
940 2970 972 2978 -
992 2942 1035 2993 81.
1071 2936 1169 3002 λεόοας
1182 2942 1209 2995 Α
1228 2971 1261 2980 -
1281 2947 1322 2995 82.
1343 2949 1469 3010 ματῆρας

194 3009 264 3062 coni.
284 3009 377 3079 Bergk
396 3008 501 3064 collato
520 3009 599 3064 Hom.
615 3030 643 3063 rx
656 3027 708 3065 aaa:
732 3018 891 3112 μναοιρρας
914 3018 1019 3078 (papus.
1043 3009 1084 3069 D)
1102 3010 1234 3077 ABGD,
1254 3011 1375 3081 ἐρῶντας
1397 3013 1467 3083 Byr.

194 3082 223 3133 et
244 3079 375 3135 Philostr.
396 3081 481 3148 imag.
500 3100 510 3133 1
528 3098 554 3135 ao
576 3113 612 3121 —
635 3087 677 3135 84.
704 3077 776 3135 olore
795 3082 824 3135 D
843 3105 849 3136 :
870 3077 912 3142 οἷς
929 3081 1064 3136 ABUD¹
1084 3111 1114 3120 -
1135 3079 1161 3134 τί
1180 3082 1300 3139 B'O’D
1318 3085 1348 3137 et
1366 3082 1466 3139 schol:

193 3150 228 3204 τὰ
246 3152 364 3207 AB¹0¹
384 3156 413 3205 ct
432 3151 514 3221 Greg.
533 3150 593 3206 Cor.
613 3168 758 3221 parcam
776 3184 811 3191 —
830 3157 872 3205 86,
892 3151 1007 3221 ἄμοιρος
1025 3151 1055 3205 D
1076 3184 1106 3191 -

197 3292 332 3346 auxilium
360 3293 390 3347 in
417 3293 510 3348 medio
537 3292 650 3347 flumine
677 3293 845 3417 implorante
873 3298 970 3347 namet.
992 3300 1023 3348 ll.
1044 3313 1071 3347 vr
1090 3310 1124 3348 so.
1171 3294 1258 3349 Grato
1281 3312 1347 3349 vero
1375 3296 1468 3350 colore

195 3363 351 3418 orationem
369 3364 517 3419 fabulosae
530 3363 710 3418 namatiuncu

195 3433 338 3503 inaucta,
364 3436 440 3504 quod
465 3435 607 3506 nigricans
633 3436 669 3489 ad
696 3453 773 3490 mare
798 3435 931 3490 Pelcrem
957 3435 1136 3490 accedentem
1158 3436 1251 3505 finxit,
1271 3437 1355 3491 deum
1374 3440 1468 3492 autem

193 3506 304 3559 nomine
328 3523 384 3560 non
408 3507 506 3561 addito
534 3506 649 3577 pulchro
672 3507 794 3561 tridente
812 3511 842 3562 et
859 3455 973 3562 liemitu
992 3507 1121 3576 aequoris
1140 3507 1327 3562 adumbravit.
1365 3507 1470 3563 Contra

192 3579 385 3646 portentosum
408 3578 438 3631 in
462 3578 575 3632 modum
603 3577 723 3632 similem
747 3578 874 3633 fabulam
900 3577 1083 3649 exaggeravit
1106 3578 1221 3633 Nonnus
1248 3579 1362 3648 llionys.
1387 3598 1469 3633 xxxxv

195 3665 232 3704 ras
252 3666 287 3702 ss.
313 3681 345 3688 —
371 3653 412 3703 78.
437 3649 515 3719 ἔγχος
538 3648 668 3720 χάλκεον·
691 3649 776 3703 hasta
800 3650 971 3704 Oenomaum
996 3649 1162 3704 instructum
1187 3649 1268 3717 fecit,
1296 3653 1329 3704 ut
1355 3668 1411 3705 non
1434 3651 1469 3705 de

193 3719 303 3774 ludicra
321 3736 433 3788 corona,
453 3721 502 3774 sed
521 3721 556 3774 de
574 3720 634 3775 vita
652 3724 793 3775 certamen
812 3722 937 3774 futuram
957 3720 1136 3790 significaret,
1155 3738 1243 3775 aenea
1262 3724 1357 3776 auteur
1378 3722 1469 3791 hasta,

194 3791 270 3857 quod
289 3791 388 3845 heroes
406 3791 588 3861 hominesque
611 3791 697 3862 prisci
721 3791 783 3846 aevi
807 3792 915 3858 aeneis,
939 3808 994 3845 non
1017 3791 1114 3846 ferreis
1134 3792 1218 3845 armis
1237 3792 1279 3846 uti
1298 3793 1468 3847 terebantur.

194 3862 301 3915 Notata
321 3879 386 3915 vero
406 3862 523 3932 dignum
542 3866 593 3931 eet,
612 3863 686 3931 qaod
706 3863 792 3917 ctiam
810 3863 840 3917 in
859 3866 993 3934 tympano
1012 3862 1160 3933 principali
1180 3863 1259 3917 aedis
1277 3863 1356 3917 Jovis
1375 3863 1469 3933 Olym-

196 3932 252 4001 pici
268 3934 441 3988 Oenomaum
456 3936 485 3988 et
498 3934 629 4005 Pelopem
644 3934 757 3988 hastam
770 3952 856 3988 manu
870 3937 998 3989 tenentes
1008 3933 1110 3988 artifex
1124 3934 1213 4002 finxit,
1222 3933 1347 4001 Pindari,
1363 3934 1469 4004 opinor,

196 4004 269 4057 huuc
289 4004 381 4058 locum
400 4008 511 4060 sec-utus
535 4038 562 4045 -
586 4011 626 4059 79.
646 4005 819 4059 celeritatem
838 4022 933 4059 currus
951 4006 1023 4059 bene
1042 4004 1164 4059 numeria
1182 4004 1312 4059 iambicis
1327 4007 1356 4059 et
1370 4005 1469 4059 solutis

195 4075 287 4144 longis
306 4075 422 4143 syllabis
441 4079 526 4146 poeta
544 4076 680 4143 imitatur,
700 4080 731 4130 ut
749 4076 823 4129 infra
841 4094 866 4130 v.
881 4093 914 4130 aa.
935 4109 967 4116 —
988 4080 1029 4130 81.
1050 4075 1194 4130 Redecim
1213 4093 1312 4145 procos
1326 4076 1362 4129 ab
1378 4076 1468 4131 Oeno·

196 4162 259 4198 mao
289 4145 450 4201 interemtos
477 4147 523 4201 hic
551 4152 581 4201 et
609 4147 639 4201 in
666 4147 765 4201 threno
792 4147 825 4202 fr.
850 4164 889 4202 ras
916 4147 1053 4201 Pindarus
1084 4152 1181 4201 narrat
1208 4164 1327 4216 eumque
1355 4150 1467 4203 secutus

196 4214 391 4286 Philostratus,
411 4217 587 4288 imagg.11a
617 4219 647 4271 ln
665 4221 728 4273 tota
746 4219 799 4272 hac
817 4218 915 4272 fabula
934 4222 962 4273 et
982 4218 1100 4272 tortasse
1119 4219 1206 4273 etiam
1225 4219 1253 4272 iu
1273 4235 1387 4273 numero
1405 4236 1469 4289 pro-

195 4304 290 4340 corum
308 4286 429 4344 Pindaro
447 4289 600 4360 praciviese
620 4289 772 4343 Hesiodum
791 4290 820 4342 in
839 4289 949 4361 magnis
968 4289 1050 4344 lloeis
1069 4290 1224 4344 Pausaniae
1242 4310 1268 4342 vr
1288 4306 1322 4358 rr,
1338 4307 1363 4345 ιο
1381 4293 1469 4345 testa-

195 4360 241 4410 tur
260 4391 292 4398 —
312 4362 355 4412 82.
374 4359 492 4415 ἄναλκιν
511 4361 544 4415 οὐ
563 4369 643 4430 φῶτα
662 4358 809 4433 λαμβάνει·
830 4361 977 4430 quominus
997 4360 1128 4427 ἄναλκιν,
1153 4362 1186 4415 οὐ
1207 4370 1287 4431 φῶτα
1311 4361 1470 4432 distinguas

196 4429 382 4499 interpretans
395 4431 520 4501 periculo
534 4449 636 4501 magno
652 4430 778 4500 inertem,
797 4448 853 4485 non
873 4434 1016 4486 strenuum
1035 4431 1125 4485 virum
1144 4431 1271 4502 percelli,
1291 4432 1410 4502 impedit
1427 4432 1470 4486 via

194 4500 325 4555 vocabuli
344 4500 449 4570 φωτός,
469 4503 544 4571 quod
562 4502 712 4570 hominem,
731 4519 787 4557 non
806 4503 946 4557 hominem
965 4503 1069 4557 virtute
1088 4504 1188 4558 horoas
1208 4507 1375 4572 aequantem
1395 4522 1412 4557 a
1433 4504 1470 4556 ud

195 4571 346 4626 Pindarum
371 4573 523 4643 significat3
551 4591 637 4641 quare
660 4573 796 4645 λαμβάνει
824 4573 916 4628 simile
941 4574 1075 4643 quiddam
1104 4577 1190 4643 atque
1216 4573 1348 4645 λαγχάνει
1377 4523 1470 4629 vallare

195 4646 272 4697 ratus
300 4644 479 4713 interpretor:
508 4660 641 4715 magnum
662 4644 823 4735 periculum
850 4645 967 4700 inertem
996 4645 1135 4700 hominem
1164 4663 1221 4700 uon
1247 4645 1376 4700 admittit
1402 4646 1421 4701 i.
1446 4663 1469 4699 c.

194 4714 301 4784 respuit
319 4747 354 4755 -
372 4718 414 4769 db.
436 4714 466 4770 ἐν
484 4713 572 4787 σκότῳ
590 4720 753 4786 saraptana
771 4715 847 4783 λ’ψον
867 4716 901 4770 cf.
917 4717 937 4772 Ι.
953 4734 973 4785 a,
988 4734 1014 4772 ἰο
1032 4714 1106 4789 ἥβαν
1124 4718 1176 4771 οόκ
1195 4717 1314 4784 ἄπειρον
1332 4716 1388 4771 ὑπὸ
1424 4722 1468 4791 uqi

194 4789 286 4840 καλῶν
312 4786 451 4855 δάμασεν,
478 4786 613 4841 P.1v1ec
636 4786 726 4842 αἰῶνα
752 4786 890 4843 nicrum
916 4821 947 4828 -
971 4789 1088 4856 πρᾶξιν,
1111 4791 1254 4857 eventum,
1278 4804 1385 4855 quaec
1425 4804 1468 4842 em

194 4856 238 4911 vis
257 4857 337 4911 verbi
355 4861 399 4912 est
417 4874 461 4927 ap.
481 4856 562 4912 Hom.
581 4860 607 4911 a
623 4873 662 4913 τοι
681 4888 714 4899 -

723 3381 756 3418 ae
775 3367 861 3435 poeta
878 3364 971 3431 tinxit,
991 3364 1066 3433 quod
1085 3364 1183 3434 solum,
1202 3367 1277 3433 quod
1292 3366 1468 3421 tenebricosa
