3406 5378
737 301 885 351 PINDARI
903 300 1070 352 EPINIGIA.

427 459 604 545 Ἡρακλέα.
650 461 775 537 πύκτας
798 459 827 524 δ’
856 461 892 525 έν
910 459 1107 545 Ὀλυμπιάδι
1130 471 1234 524 νικῶν

416 567 489 655 Ἴλᾳ
512 566 638 654 φερέτω
663 569 759 654 χάριν

422 674 655 759 Ἁγησίδαμος,
679 676 724 751 ὡς

420 780 544 866 Ἀχιλεῖ
564 783 769 867 Πάτροκλος·

348 906 382 953 20
427 887 546 971 θήξαις
569 887 610 952 δέ
629 911 665 952 κε
688 886 786 972 φύντ’
814 886 913 975 ἀρετᾷ
935 886 1011 952 ποτὶ

426 997 591 1079 πελώριον
614 994 755 1081 ὁρμάσαι

478 1100 572 1177 κλέος
595 1100 679 1187 ἀνὴρ
703 1107 786 1166 θεοῦ
810 1104 874 1166 σὺν
897 1102 1039 1189 παλάμᾳ.

425 1316 552 1379 άπονον
575 1312 605 1378 δ’
632 1317 753 1398 ἔλαβον
776 1314 884 1401 χάρμα
906 1317 1033 1398 παῦροί
1052 1337 1153 1396 τινες,
1246 1316 1317 1397 Στρ
1340 1313 1384 1397 β’.

423 1424 530 1506 ἔργων
552 1421 616 1507 πρὸ
640 1421 775 1485 πάντων
797 1423 897 1508 βιότῳ
922 1415 1016 1506 φάος.

424 1527 537 1610 ἀγῶνα
560 1526 590 1591 δ’
618 1526 784 1613 ἐξαίρετον
806 1527 913 1593 ἀεῖσαι

475 1631 609 1717 θέμιτες
632 1629 746 1717 ὦρσαν
768 1636 867 1716 Διός,
892 1632 931 1699 ὃν
955 1633 1012 1718 άρ-

477 1742 559 1827 χαέςο
584 1739 704 1823 σάματι
728 1762 794 1825 παρ
820 1739 972 1817 Πέλοπος

345 1864 378 1912 26
424 1851 546 1931 βωμῶν
570 1843 751 1931 ἑξάριθμον
774 1844 960 1929 ἐκτίσσατο,

425 1950 494 2018 ἐπεὶ
517 1951 743 2017 Ποσειδάνιον

424 2059 529 2144 πέφνε
553 2056 701 2146 Κτέατον
724 2058 878 2145 ἀμύμονα

439 2187 479 2194 ..-.-

266 2272 364 2310 mann:
387 2250 514 2308 Κνκνελα
537 2254 620 2325 Βμτ.,
645 2249 752 2308 κνκνέα
779 2252 901 2308 ABOD
929 2284 963 2293 -
991 2259 1033 2309 16.
1063 2253 1214 2326 ὀλυμπιάδι
1240 2262 1327 2310 νικῶν
1354 2253 1395 2308 D:
1424 2248 1545 2323 ὀλνμπλα

264 2337 351 2382 νικῶν
370 2325 450 2394 13¹0,
474 2323 680 2394 δλνμπιονικῶν
698 2325 726 2379 A
745 2355 778 2364 -
799 2330 840 2379 17.
864 2324 910 2398 λλρι
928 2325 1004 2380 BD:
1032 2322 1094 2380 λάλοι
1112 2327 1174 2382 Ao
1189 2358 1222 2367 —
1243 2331 1284 2382 19.
1306 2325 1420 2397 Ἀχιλλελ
1436 2324 1492 2379 01)
1512 2355 1544 2363 -

265 2404 308 2453 λθ.
332 2397 398 2465 θήξ.
418 2396 551 2452 ABGD:
577 2395 644 2463 θάξ.
663 2396 772 2450 Ahrens
791 2394 864 2450 Dial.
883 2415 924 2465 gr.
943 2413 1022 2452 11140
1046 2429 1079 2438 —
1103 2417 1135 2452 κε
1158 2398 1233 2453 BD:
1258 2398 1307 2452 καὶ
1325 2396 1384 2451 ΑΟ
1405 2427 1438 2437 -
1458 2393 1543 2465 φύντ’

265 2469 373 2524 ABD:
401 2464 472 2537 φῶτ’
499 2468 523 2523 O
543 2499 576 2508 -
599 2465 668 2522 ποτὲ
691 2468 719 2522 A
743 2498 776 2508 -
800 2472 842 2521 21.
866 2465 1010 2537 παλάμαις
1031 2469 1091 2524 Ao
1111 2500 1144 2509 -
1168 2475 1210 2524 λλ.
1235 2467 1309 2531 τινὲς
1332 2475 1437 2535 παῦροι
1459 2466 1489 2521 D
1511 2497 1547 2506 -

265 2547 307 2596 23.
328 2540 416 2609 ἔργον
433 2538 489 2607 πρὸ
512 2538 627 2594 πάντων
653 2539 748 2594 coddr
774 2537 858 2592 ἐτέων
875 2536 1045 2606 προτάκτων
1064 2539 1170 2595 schol?
1189 2571 1223 2580 -
1242 2537 1325 2613 βιότω
1344 2542 1389 2607 (ον
1408 2540 1504 2608 supra)
1525 2537 1549 2592 G

264 2642 300 2652 -
318 2617 361 2666 λλ.
382 2609 508 2679 λξήριτον
527 2627 560 2665 ex
579 2610 665 2665 schol.
681 2612 713 2680 (t)
728 2609 826 2665 elicuit
843 2609 988 2663 Hermann
1006 2642 1040 2651 -
1059 2616 1102 2666 2⁵.
1122 2613 1222 2685 βωμῶν
1241 2612 1269 2666 Α
1288 2613 1317 2665 et
1335 2609 1433 2664 schol:
1452 2608 1547 2681 βωμὸν

266 2684 300 2751 0,
323 2684 405 2756 βωμῶ
424 2682 499 2748 BD,
522 2681 557 2736 τά
579 2702 600 2735 π
619 2680 674 2736 σθ’
696 2680 767 2735 coni.
787 2680 1008 2749 Rauchenstein,
1032 2681 1093 2752 ipse
1117 2680 1213 2738 πόνων
1238 2681 1348 2736 tentavi
1367 2712 1400 2720 -
1420 2677 1547 2735 έκτλαατο

229 2785 235 2796 ·
265 2758 291 2808 Α
311 2757 341 2808 ct
360 2737 459 2808 celiel:
479 2751 605 2821 ἐκτήσαθ
633 2750 785 2821 Ἡρακλέης
805 2752 834 2820 0,
852 2751 989 2821 ἡρακλέης
1008 2750 1106 2808 έκτλσο.
1125 2753 1196 2821 BD,
1216 2751 1263 2825 βλη
1278 2749 1429 2825 Ἡρακλέος
1448 2747 1547 2806 ἑκτέον.

263 2827 375 2899 (βωμῶν
394 2822 550 2895 ἑξάριθμον
568 2823 691 2894 omissis)
710 2823 780 2895 Byr.
799 2853 835 2863 --
853 2828 895 2877 26.
915 2823 1114 2880 ποτειδάνειον
1130 2826 1159 2879 Β
1178 2855 1212 2865 -

264 2971 294 3023 et
312 2966 421 3021 musica
439 2966 499 3019 erte
518 2965 660 3019 excellunt
681 2967 710 3020 et
731 2981 818 3019 aeneo
836 2965 937 3035 Marte,
951 2967 1027 3035 quod
1040 2984 1129 3037 nuper
1143 2967 1362 3037 comprobarunt
1375 2964 1546 3020 Anaxilaum

264 3042 416 3108 tyrannum
451 3036 666 3106 otentissimum‚
685 3039 717 3090 ut
731 3035 840 3106 Cycnus
859 3036 926 3091 olim
945 3037 1088 3108 ingentem
1103 3038 1260 3107 Herculem,
1279 3038 1365 3093 armis
1383 3037 1546 3105 coicientes,

266 3110 303 3164 ad
322 3056 519 3163 fortitudinem
536 3110 620 3162 natus
639 3125 712 3162 nunc
731 3107 818 3162 etiam
832 3108 1019 3178 Agesidemus
1034 3114 1070 3179 (v,
1085 3114 1123 3176 so)
1137 3110 1251 3180 insuper
1267 3109 1338 3163 disci
1358 3108 1419 3162 lina
1437 3108 1546 3178 aliptae

265 3178 537 3304 optimelintstitutus
551 3182 613 3303 Ielsim
640 3179 747 3303 rneriltol
764 3178 852 3303 igitufr
870 3182 905 3305 ett
916 3179 977 3249 ipse
995 3181 1151 3250 praemium
1169 3180 1273 3264 meruit
1291 3183 1320 3235 et
1338 3128 1464 3262 gobitam
1476 3196 1547 3305 ςῖρ

264 3255 335 3392 iil?
346 3257 1501 3394 εῗέδὶὶδάκλεῗοοαάδθέέέθροέλέδῗρίῐίθἒδὲεεοολῐέθνιάάῖδςρδῗιξῃῗοάὲδῃ’δίδὲλῃοο
1517 3268 1548 3376 vl

265 3393 363 3450 aoristi
378 3392 552 3461 νικήσαντος,
567 3392 601 3448 ci.
618 3392 648 3448 Ο.
664 3412 693 3446 rx
706 3409 753 3447 ue.
768 3411 817 3445 xm
831 3409 865 3448 co.
884 3393 919 3448 N.
934 3413 973 3448 vu
988 3410 1021 3449 το.
1040 3396 1060 3449 l.
1077 3414 1115 3448 vn
1130 3412 1141 3450 r
1157 3426 1190 3436 -
1206 3399 1247 3450 19.
1259 3392 1358 3464 Ἀχιλεῖ
1370 3392 1545 3461 Πάτροκλος·

264 3465 344 3521 Hom.
363 3465 395 3520 Il.
411 3482 457 3517 τιτι
471 3481 497 3519 ee
512 3481 547 3519 ss.
566 3467 653 3533 poeta
674 3463 802 3533 respicit,
825 3481 881 3532 quo
904 3464 966 3520 loeo
990 3465 1127 3534 Achilles,
1151 3483 1215 3520 cum
1238 3465 1400 3519 Patroclum
1423 3463 1546 3518 Achaeis

264 3537 370 3591 auxilio
396 3536 534 3604 mitteret,
558 3535 648 3590 aciem
670 3534 786 3589 instruit
811 3538 840 3590 et
865 3536 902 3590 sd
925 3553 984 3590 rem
1009 3535 1120 3591 fortiter
1144 3537 1297 3607 gerendam
1323 3535 1492 3590 adhortatur
1508 3564 1544 3576 —-

265 3614 307 3664 22.
327 3606 538 3677 Agesidamnm,
557 3606 607 3676 qui
621 3623 704 3688 aegre
719 3623 809 3676 neque
824 3606 884 3660 sine
898 3606 1061 3661 vulneribus
1075 3607 1176 3662 vicisse
1190 3607 1311 3673 ridetur,
1325 3623 1358 3661 eo
1373 3605 1543 3676 consoletur,

265 3680 341 3749 quod
356 3678 416 3732 sine
430 3678 526 3732 labore
540 3678 625 3748 pauci
640 3677 776 3732 victoriae
813 3677 929 3761 audium
945 3677 1146 3759 adipiscantur,
1163 3695 1218 3748 quo
1233 3695 1328 3733 omnes
1345 3681 1432 3732 entes
1445 3680 1543 3733 exant-

263 3748 962 3890 ttltitttt:sttttattlltfffltt'l
970 3750 1158 3887 ’λίἓάῗλλ
1177 3749 1351 3889 illini}
1362 3749 1402 3877 ἕλ’
1416 3767 1542 3892 istri.

264 3893 326 3964 cyr·
337 3909 580 4035 λέέδέάέέριίωσω
597 3961 728 4016 ludorum
747 3961 956 4044 ⁸Olympicorum
974 3963 1060 4017 refert
1073 3995 1106 4004 —
1122 3969 1165 4018 24.
1184 3962 1298 4034 θέμιτες
1314 3960 1391 4032 Διός,
1409 3962 1545 4017 instituta

268 4039 297 4093 et
314 4036 392 4119 leges
411 4036 498 4104 Iovis,
518 4033 620 4104 quibus
640 4036 794 4087 certamina
812 4033 942 4088 ludorum
962 4033 1172 4106 Olympicorum
1190 4037 1219 4089 et
1236 4034 1387 4117 praeconia
1405 4033 1546 4088 victorum

265 4110 421 4162 constituta
439 4110 521 4161 erant
539 4137 573 4146 -
593 4103 696 4174 σάματι
713 4123 772 4172 παρ
791 4103 929 4168 Πέλοπος·
950 4105 984 4161 cf.
1000 4105 1031 4161 0.
1046 4123 1104 4161 193.
1136 4106 1315 4160 Recentrores
1334 4105 1493 4176 scriptores,
1512 4108 1546 4159 ut

264 4179 346 4233 Paos.
360 4197 379 4232 v
393 4194 426 4247 ra,
442 4193 462 4242 a,
481 4176 629 4231 Herculem
643 4192 661 4229 a
674 4175 777 4246 Pelope
791 4179 893 4244 quarto
906 4177 1119 4248 propugationis
1138 4177 1229 4248 mado
1246 4177 1414 4231 descendere
1431 4175 1543 4231 fabulu-

263 4250 368 4304 bantur
387 4279 421 4289 -
440 4254 482 4302 λδ.
507 4249 606 4321 βωμῶν
630 4245 796 4316 ἑξάριθμον·
821 4247 856 4301 de
875 4263 922 4300 sex
941 4247 998 4302 eris
1018 4248 1166 4318 Olympiae
1184 4248 1249 4303 vide
1269 4248 1306 4302 ad
1325 4247 1356 4302 0.
1371 4266 1402 4301 m
1417 4264 1450 4303 re.
1487 4247 1543 4302 aed

265 4336 327 4375 oum
347 4321 447 4393 βωμῶν
465 4319 582 4373 metrico
600 4318 670 4372 vitio
689 4317 800 4373 laboret
818 4320 847 4372 et
865 4334 931 4374 arae
948 4318 1021 4372 nihil
1040 4321 1077 4374 sd
1096 4322 1237 4374 certamen
1255 4320 1373 4390 (ἀγῶνα)
1392 4319 1543 4389 attineant,

264 4393 364 4465 βωμῶν
388 4408 421 4445 ex
440 4389 536 4445 πόνων
554 4392 715 4460 corruptum
738 4406 799 4444 esse
818 4388 902 4458 duco,
926 4392 959 4443 ut
976 4407 1049 4458 quae
1067 4391 1142 4444 infra
1161 4408 1209 4445 sex
1226 4407 1331 4461 genera
1348 4391 1542 4460 certaminum,

264 4479 347 4517 cursu
358 4462 436 4517 luctu
449 4461 580 4533 pugilatu
590 4461 690 4529 quadri
714 4460 735 4513 's
749 4459 843 4514 ieculo
853 4458 938 4527 disco,
948 4462 1114 4530 referuntur,
1125 4463 1183 4517 iam
1196 4462 1250 4516 hoc
1263 4461 1325 4516 loco
1339 4461 1542 4533 significentur.

263 4533 386 4588 Duritiei
399 4535 494 4587 autem
508 4532 578 4587 vitio
593 4532 683 4586 oratio
692 4478 823 4600 llborat,
837 4532 913 4600 quod
927 4533 1084 4588 subiectum
1098 4533 1177 4588 verbi
1191 4531 1334 4588 ἐκτίσσατο
1349 4533 1461 4588 demum
1474 4551 1500 4588 v.
1516 4550 1542 4589 ιο

264 4605 388 4677 positum
407 4607 462 4673 est;
483 4603 634 4659 cf.O.1xro
650 4634 682 4644 -
698 4609 777 4660 26ss.
792 4601 926 4657 Hercules
940 4620 1003 4658 cum
1016 4608 1059 4659 Au
1097 4621 1139 4674 ae,
1151 4605 1212 4676 regi
1225 4604 1323 4672 Elidis,
1340 4608 1456 4675 propter
1469 4622 1541 4660 mer·
1620 4607 1624 4612 ”

264 4678 362 4733 cedem
380 4693 430 4746 pro
450 4674 563 4730 stabulo
581 4677 702 4746 purgato
723 4677 857 4746 negatam
880 4673 985 4729 bellum
1004 4676 1047 4730 int
1080 4677 1159 4745 sset,
1183 4675 1303 4800 primum
1322 4678 1359 4730 ab
1378 4675 1542 4731 Molionidis

265 4747 364 4805 Cteeto
378 4750 407 4802 et
421 4747 536 4819 Euryto,
551 4747 600 4818 qui
616 4746 751 4802 exercitui
768 4746 829 4801 eins
847 4745 966 4802 insidias
986 4750 1153 4820 struxerant,
1172 4747 1282 4802 eadem
1301 4747 1419 4819 accepit,
1439 4747 1542 4807 deinde
