3406 5378
213 308 278 373 316
658 381 661 384 γ
685 315 833 368 arsuras
852 314 1018 365 arrrrcra.

1290 473 1377 541 ’Λντ
1400 475 1448 541 δ’.

267 582 330 647 ἀπὸ
360 581 526 665 Ταϋγέτου
548 582 763 664 πεδαυγάζων
786 583 857 647 ἴδεν
882 584 1033 665 Λυγκεὺς
1056 583 1158 667 δρυὸς
1181 581 1217 647 ἐν
1240 582 1387 666 στελέχει
1451 601 1508 648 115

266 691 400 775 ἥμενον·
424 693 536 754 κείνου
560 691 622 774 γὰρ
647 689 850 774 ἐπιχθονίων
872 689 1007 755 πάντων
1030 688 1132 773 γένετ’
1155 688 1314 766 ὀξύτατον

266 799 367 882 όμμα·
391 801 565 883 λαιψηροῖς
589 794 625 861 δὲ
648 799 807 862 πόδεσσιν
830 799 920 881 άφαρ

268 903 454 989 ἐξικέσθαν,
477 902 531 968 καί
554 903 637 989 μέγα
659 903 782 990 ίέργον
804 901 958 988 ἐμήσαντ’
984 901 1101 981 ὠκέως.
1448 922 1508 969 120

214 1029 247 1076 65
267 1010 321 1076 καί
344 1012 457 1077 πάθον
480 1012 593 1076 δεινὸν
615 1011 779 1095 παλάμαις
797 1009 1015 1097 Ἀφαρητίδαι
1038 1014 1133 1088 Διός·
1158 1009 1275 1075 αὐτίκα
1297 1011 1361 1096 γάρ

266 1113 348 1201 ήλθε
374 1118 486 1201 Λήδας
507 1131 584 1194 παῖς
607 1118 751 1183 διώκων·
774 1115 825 1183 τοί
850 1115 878 1181 δ’
907 1120 999 1182 ἔναν-

310 1250 349 1290 τα
372 1224 496 1290 στάθεν
519 1225 631 1312 τύμβῳ
655 1226 773 1308 σχεδὸν
796 1228 964 1312 πατρωίφ·

266 1425 366 1487 ἔνθεν
389 1421 590 1506 ἁρπάξαντες
613 1420 731 1506 ἄγαλμ’
755 1419 860 1504 Ἀίδα,
885 1418 997 1498 ξεστὸν
1019 1417 1154 1504 πέτρον,
1284 1418 1353 1484 'Era
1374 1419 1422 1485 δ’.
1445 1438 1504 1486 125

285 1640 326 1689 61.
346 1631 410 1687 πεδ’
432 1630 467 1686 αὖ
487 1654 510 1702 γ.
531 1632 568 1700 D,
587 1631 654 1687 πόδ’
676 1635 737 1700 αύγ.
758 1635 793 1700 Β,
812 1651 927 1701 ποταυγ,
948 1631 1106 1700 Stephanus
1127 1663 1157 1670 —
1179 1637 1220 1685 62,
1243 1629 1347 1699 ἥμενον
1365 1630 1502 1686 Aristar·

215 1707 291 1772 chus,
311 1722 395 1773 quarn
410 1704 529 1758 eandem
548 1704 696 1759 lectionem
716 1707 872 1773 agnoscunt
891 1701 976 1757 schol.
990 1701 1133 1771 Aristoph.
1149 1701 1221 1755 Plnt.
1239 1718 1278 1755 rio
1297 1705 1325 1755 et
1345 1701 1455 1757 Suidas
1477 1722 1501 1759 s.

213 1775 342 1846 Λυγκέως
361 1775 491 1845 Apollod.
505 1774 575 1829 bibl.
590 1795 620 1828 111
640 1793 689 1830 rao:
711 1774 812 1844 ήμενος
830 1775 903 1842 BD,
921 1773 1022 1843 ήμένος
1041 1773 1085 1827 vel
1103 1772 1211 1843 ήμένως
1230 1772 1411 1827 scribendum
1432 1792 1501 1829 esse

213 1847 334 1902 coniecit
351 1845 496 1916 Didymus,
512 1844 604 1915 ήμένω
619 1846 689 1900 coni.
704 1845 853 1913 Thiersch3
873 1845 1019 1899 conferunt
1037 1843 1105 1898 O.1r
1124 1860 1156 1912 rs,
1176 1845 1225 1898 sed
1244 1863 1268 1898 v.
1285 1848 1437 1900 comment.
1461 1880 1499 1887 —

213 1925 254 1973 63,
278 1917 394 1973 κόδεσιν
415 1917 483 1973 BD
502 1949 533 1958 -
554 1923 595 1972 64.
623 1915 754 1988 ἐμήσαντ’
775 1917 846 1972 coni.
866 1915 992 1970 Schmid:
1017 1913 1147 1984 ἐρωήσαιτ’
1169 1917 1209 1984 Β,
1233 1913 1384 1985 ἐμνήσαντ’
1407 1918 1438 1972 D
1460 1951 1499 1959 -

213 1996 255 2044 65.
274 1993 369 2045 πόθον
384 1991 413 2044 D
429 2021 462 2028 -
480 1987 665 2057 ’Λφαρηϊάδαι
683 1989 753 2043 coni.
769 1988 905 2042 Boehmer
919 2021 952 2027 —
969 1993 1009 2041 66.
1029 1986 1125 2055 Λήδας
1138 1995 1217 2050 nale:
1236 1987 1299 2041 fort.
1314 1996 1382 2050 παῖς
1399 1987 1499 2058 Ζηνός

214 2095 245 2102 -—
266 2061 395 2134 πατρωίῳ
414 2059 539 2116 Schmid:
559 2061 676 2134 πατρωίῳ
695 2061 763 2131 (κίειν
782 2061 821 2129 D)
839 2061 867 2114 B
873 2061 902 2114 D
922 2092 954 2100 —

284 2210 315 2258 tl
329 2223 364 2257 ss.
383 2221 440 2257 non
453 2202 546 2273 pergit
564 2205 648 2272 poeta
666 2203 695 2256 in
714 2220 743 2257 re
763 2219 847 2272 quam
861 2202 1005 2272 inceperat
1018 2201 1167 2268 narranda,
1183 2201 1231 2255 sed
1247 2203 1398 2271 postquam
1413 2221 1496 2258 sum-

213 2293 288 2329 mam
313 2274 354 2329 rei
378 2274 537 2345 proposuit,
564 2275 718 2329 orationem
737 2278 810 2328 retro
830 2273 915 2327 vertit
934 2274 970 2326 ad
989 2272 1101 2326 initium
1120 2272 1160 2326 rei
1179 2272 1381 2342 exponendum.
1420 2274 1495 2329 Dio-

212 2363 354 2401 scurorum
387 2349 415 2399 et
442 2345 677 2415 Apharetidarum
707 2363 831 2415 pugnam
858 2344 1045 2414 Apollodorus
1071 2363 1102 2396 ur
1129 2361 1166 2397 ras
1195 2344 1315 2398 Pindaro
1348 2344 1424 2414 ipso,
1462 2346 1495 2400 ni

213 2418 307 2487 fallor,
332 2421 444 2471 auctore
469 2435 535 2470 usus
558 2417 658 2472 refert:
685 2417 900 2485 στρατεύσαντες
918 2414 949 2470 δὲ
969 2415 1014 2470 ἐπί
1033 2415 1185 2505 Μεσσήνην
1204 2414 1231 2468 οἱ
1250 2412 1417 2484 Διόσκουροι
1437 2417 1495 2485 τήν

211 2509 240 2544 τε
260 2492 338 2543 λείαν
358 2488 468 2557 ἐκείνην
486 2489 534 2541 καὶ
552 2488 657 2557 πολλὴν
676 2488 761 2557 ἀλλην
779 2489 987 2542 συνελαύνουσι.
1021 2488 1069 2540 κα1
1086 2486 1136 2540 τόν
1160 2489 1229 2540 reas
1249 2485 1350 2557 ἐλόχων
1369 2489 1418 2542 καί
1438 2489 1494 2544 τὸν

211 2560 330 2629 Λνγκέα.
360 2561 484 2629 Λυγκεὺς
502 2557 534 2613 δὲ
554 2559 622 2613 ίδὼν
637 2558 768 2626 Κάστορα
787 2559 924 2629 ἐμήνυσεν
936 2557 998 2632 Ἴδᾳ
1013 2560 1142 2621 κάκεῖνος
1156 2558 1243 2611 αύτδν
1257 2555 1366 2612 κτείνει,
1397 2562 1492 2614 Πολυ-

212 2631 313 2701 δεύκης
332 2630 362 2685 δέ
384 2629 496 2697 ἐδίωξεν
515 2631 617 2694 αύτούς
635 2632 683 2684 κα1
701 2631 751 2685 τὸν
769 2628 820 2700 μὲν
836 2628 948 2702 Λυγκέα
962 2627 1064 2684 κτείνει
1078 2629 1109 2683 τὸ
1124 2627 1193 2697 δόρυ
1207 2628 1367 2699 προέμενος,
1386 2630 1437 2685 τὸν
1458 2631 1492 2686 δὲ

207 2701 286 2757 Ἴδαν
312 2704 433 2771 διώκων,
460 2702 575 2773 βληθείς
599 2700 648 2756 ὑπ’
671 2699 779 2756 ἐκείνου
799 2699 887 2776 πέτρμ
906 2700 977 2755 κατὰ
996 2708 1044 2769 τῆς
1062 2705 1192 2775 κεφαλῆς,
1212 2698 1307 2754 πίπτει
1326 2700 1492 2771 σκοτωθείς,

212 2775 260 2828 κα1
280 2775 349 2837 Ζεύς
367 2772 445 2827 Ἴδαν
464 2781 610 2840 κεραυνοῖ,
629 2773 811 2840 Πολυδεύκην
830 2771 861 2827 δὲ
881 2773 920 2835 είς
939 2771 1060 2839 οὐρανὸν
1080 2770 1187 2841 ἀνοίγει.
1225 2772 1257 2841 μ’
1283 2771 1435 2841 δεχομένου
1456 2773 1491 2828 δέ

213 2845 410 2907 Πολυδεύκους
428 2844 478 2912 τήν
498 2841 662 2897 ἀθανασίαν
681 2843 762 2907 ὄντος
780 2852 881 2911 νεκροῦ
896 2843 1046 2910 Κάστορος,
1066 2843 1134 2905 Ζεὺς
1148 2793 1317 2912 ἀμφοτίροις
1334 2843 1403 2913 παρ’
1421 2843 1490 2914 ἡμέ-

212 2938 265 2983 ραν
288 2917 336 2970 καλ
359 2915 389 2969 ἐν
412 2919 491 2975 θεοῖς
514 2910 588 2968 εἶναι
613 2915 658 2968 κα1
680 2914 710 2969 ἐν
729 2919 845 2983 θνητοῖς
864 2914 949 2969 ἐδωκε
968 2947 1001 2954 -
1021 2920 1063 2969 62.
1089 2911 1201 2984 ήμένος·
1229 2914 1365 2982 Didymus
1389 2933 1486 2984 gram·

211 2987 343 3054 maticus,
367 2989 399 3040 ut
421 2984 535 3040 lectioni
558 2985 660 3053 ήμένος
681 2984 726 3039 vel
750 2983 857 3075 ἡμένας
879 2986 1114 3056 patrocinaretur,
1138 2985 1302 3055 provocavit
1325 2985 1360 3039 ad
1385 3003 1488 3041 versus

212 3058 386 3128 Cypriorum:
411 3053 485 3123 αἶψα
504 3055 535 3110 δέ
554 3055 678 3126 Λυγκεύς
694 3058 698 3128 i
717 3061 859 3126 Τανγετον
876 3057 1043 3128 προσέβαινε
1062 3058 1146 3111 ποσίν
1164 3056 1289 3126 ταχέεσσι.
1308 3059 1464 3121 πεποιθώς.
1485 3072 1488 3121 i

211 3127 367 3197 ἀκρότατον
390 3127 418 3182 δ’
439 3126 549 3200 ἀναβὰς
572 3125 730 3196 διεδέρκετο
750 3137 836 3197 νῖγσον
854 3126 968 3183 ἅπασαν
985 3129 989 3200 Ι
1007 3125 1182 3181 Τανταλίδον
1200 3125 1339 3196 Πέλοπος,
1362 3127 1435 3198 τάχα
1456 3129 1487 3183 δ’

211 3200 297 3254 εἴσιδε
316 3200 431 3270 κύδιμος
450 3197 521 3268 ήρως
538 3203 541 3267 Ι
558 3201 661 3263 δεινοῖς
684 3198 874 3268 ὀφθαλμοῖσιν
893 3199 944 3254 ἐσω
963 3198 1048 3266 δρυὸς
1067 3199 1150 3267 ἄμφω
1170 3195 1262 3267 κοίλης
1279 3203 1282 3266 l
1299 3198 1429 3268 Κάστορά
1450 3200 1488 3256 θ’

211 3271 372 3341 ἱπποδάμου
391 3271 439 3324 καί
457 3268 637 3339 ἀεθλοφόρου
655 3272 847 3336 Πολυδεύκεα,
864 3277 868 3338 Ι
885 3272 950 3337 νύξε
974 3269 1001 3324 δ’
1023 3269 1070 3337 ἄρ’
1092 3270 1157 3340 ἀγχι
1180 3268 1246 3332 στὰς
1264 3270 1386 3339 μεγάλην
1405 3274 1487 3339 δρῦν.

211 3344 279 3396 Cum
299 3345 392 3396 vetere
411 3340 533 3395 carmine
552 3340 715 3410 Cypriorum
734 3341 822 3412 igitur
840 3341 923 3396 lectio
950 3341 1048 3412 ἡμίνας
1067 3341 1084 3395 i.
1102 3358 1124 3396 ε.
1144 3338 1264 3410 ἡμένους
1283 3340 1413 3409 Κάστορα
1437 3346 1489 3398 κα1

211 3414 401 3481 Πολυδεύκην,
421 3412 502 3465 unice
522 3413 671 3481 conspirat.
700 3413 754 3466 Sed
773 3413 925 3482 quaeritur,
944 3431 1010 3466 num
1028 3412 1166 3466 Pindarus
1181 3412 1344 3482 Cypriorum
1363 3413 1489 3483 vestigia

213 3484 312 3556 legerit
330 3500 420 3553 neque
434 3487 556 3538 veterem
576 3484 680 3538 lamam
695 3483 747 3537 hoc
762 3501 872 3553 quoque
891 3484 952 3538 loco
972 3483 1170 3551 immutaverit,
1185 3490 1218 3537 ut
1231 3483 1373 3539 Castorem
1393 3484 1488 3540 solum

212 3555 357 3609 aduobus
381 3554 562 3625 Apharetidis
586 3572 748 3626 oppressum
773 3572 832 3609 esse
855 3556 979 3625 lingeret.
1018 3554 1097 3608 Certe
1119 3553 1218 3609 melius
1238 3555 1328 3610 oratio
1346 3555 1487 3626 procedit,

211 3627 234 3680 si
254 3627 361 3694 omnia,
381 3643 453 3695 quae
471 3643 515 3681 vv.
531 3643 610 3680 so-sa
629 3629 785 3695 narrantur,
805 3626 841 3680 ad
860 3644 945 3680 unum
964 3625 1107 3682 Castorem
1126 3626 1279 3696 pertinent,
1300 3630 1328 3680 et
1346 3645 1390 3680 rr.
1406 3644 1432 3681 cs
1448 3646 1486 3684 ss.

210 3699 321 3752 demum
345 3698 381 3751 ad
405 3713 463 3751 rem
486 3715 511 3752 v.
530 3713 556 3752 σε
579 3697 740 3752 inchoatam
763 3701 847 3767 poeta
870 3697 949 3751 redit.
988 3697 1033 3751 Sic
1057 3697 1142 3751 stiam
1166 3696 1277 3752 facilius
1297 3697 1362 3751 ferri
1380 3701 1487 3769 potest,

211 3771 284 3837 quod
300 3788 325 3824 r.
342 3786 368 3824 cs
382 3768 481 3823 Pollux
495 3768 588 3822 verbis
602 3769 699 3836 Λήδας
712 3777 786 3835 παῖς,
801 3785 855 3822 non
870 3768 965 3836 Λήδας
980 3767 1072 3835 λ’τερος
1085 3776 1152 3830 παῖς
1166 3768 1337 3837 der-laratur3
1352 3768 1487 3825 nimirum

210 3844 294 3912 poeta
313 3842 349 3895 ad
368 3857 478 3895 versum
497 3856 535 3906 oo,
554 3857 609 3908 quo
629 3857 729 3894 nomen
749 3841 930 3908 Πολυδεύκην
949 3839 1067 3906 dixerat,
1087 3839 1127 3892 ita
1146 3839 1228 3906 redit,
1247 3843 1369 3908 atquae
1389 3842 1488 3896 media

210 3913 359 3967 interiecta
373 3916 446 3976 sunt,
465 3910 599 3982 neglegat
613 3914 758 3980 tamquam
772 3910 802 3964 in
814 3910 977 3993 parenthesi
991 3910 1075 3966 dicta.
1104 3910 1263 3965 Lectionem
1279 3911 1366 3982 igitur
1379 3910 1487 3981 ἥμενον

210 3984 372 4037 Aristarcho
395 3983 545 4052 probatam
568 3986 596 4036 ct
621 3982 680 4051 ipse
703 3981 834 4050 probavi,
860 3981 1030 4052 optimorum
1054 3981 1181 4036 codicum
1208 3982 1356 4036 lectionem
1383 3983 1489 4052 ἡμενος

210 4072 265 4108 non
291 4073 324 4109 ex
350 4057 443 4108 vetere
469 4052 607 4122 scriptura
632 4052 800 4107 remansisse
824 4057 853 4107 et
875 4053 911 4106 ab
930 4053 1092 4107 Aristarcho
1112 4056 1265 4108 correctam
1284 4071 1356 4114 csse,
1381 4054 1431 4108 sed
1452 4073 1487 4109 ex

211 4127 323 4195 Didymi
342 4123 559 4193 interpolatione
579 4124 690 4178 fluxisse
710 4127 786 4178 ratus
806 4155 839 4165 —
864 4130 905 4179 64.
933 4122 1094 4190 ἐξικέσθαν
1119 4126 1244 4193 Lynceus
1263 4128 1292 4178 et
1311 4125 1387 4191 ldas;
1412 4126 1486 4195 Lyn-

210 4215 274 4251 ceus
295 4197 383 4263 solus,
403 4212 459 4264 qua
478 4198 538 4249 erat
557 4196 616 4249 acic
636 4195 790 4262 oculorum,
818 4195 960 4250 Castorem
979 4196 1009 4250 in
1028 4198 1125 4250 trunco
1144 4196 1252 4250 arboris
1270 4195 1488 4251 delitescentem

209 4271 404 4338 conspexerat,
431 4267 479 4320 sed
504 4267 586 4320 ambo
605 4267 705 4321 iratres
725 4266 754 4320 in
774 4266 916 4321 Castorem
936 4267 1071 4337 impetum
1090 4268 1215 4321 fecerunt
1234 4284 1352 4335 eumque
1372 4285 1486 4337 oppres-

209 4342 312 4394 serunt.
350 4337 464 4391 Pindari
487 4337 561 4391 hunc
584 4338 675 4392 locum
699 4338 815 4409 respicit
837 4337 1054 4406 Paus.1vs,r:
1081 4340 1214 4405 νεώτερος
1237 4337 1266 4391 δὲ
1292 4334 1326 4407 ἦν
1350 4341 1486 4408 Λυγκεύς,

209 4409 241 4464 ὃν
261 4410 314 4479 ἐφη
335 4408 488 4475 Πίνδαρος,
513 4407 566 4480 ὅτῳ
589 4411 685 4477 πιστά,
711 4409 797 4472 οὕτως
820 4409 868 4474 ὀξύ
893 4409 974 4477 δρᾶν,
1001 4411 1037 4472 ὡς
1060 4411 1107 4463 καί
1126 4411 1174 4463 διὰ
1194 4410 1337 4479 στελίχους
1354 4414 1487 4464 θεᾶσθαι

208 4480 300 4549 δρυός,
338 4481 462 4534 Eandem
486 4480 613 4533 fabulam
637 4484 745 4550 spectat
763 4481 858 4534 Horat.
879 4498 945 4550 epi
967 4499 985 4547 1,
1005 4496 1043 4536 rs:
1068 4499 1122 4535 uon
1142 4484 1231 4550 possis
1254 4484 1331 4535 οαιιλο
1350 4489 1487 4550 priuatam

208 4555 365 4608 ιοκῖευιίινε
380 4554 507 4622 Lynceus
522 4584 554 4591 -
570 4558 611 4605 66.
631 4552 727 4619 Λήδας
741 4560 821 4615 παῖς·
842 4552 1029 4619 Πολυδεύκης,
1049 4552 1127 4605 cuius
1146 4570 1246 4605 nornen
1266 4557 1295 4606 ct
1314 4555 1398 4605 antea
1417 4571 1442 4606 v.
1460 4570 1487 4608 ss

208 4627 237 4678 et
255 4628 353 4694 postea
374 4642 397 4676 v.
413 4640 438 4675 rs
458 4621 564 4676 dictum
583 4626 640 4689 est3
663 4626 751 4693 Ζηνὸς
769 4631 842 4687 παῖς,
862 4622 937 4690 quod
957 4622 1075 4690 conieci,
1096 4624 1263 4690 accuratius,
1283 4627 1396 4677 uterer
1416 4624 1487 4677 duo-

208 4695 260 4748 bus
284 4696 376 4748 Ledae
400 4693 464 4747 filiis
489 4693 694 4764 intellegendus
719 4697 804 4761 esset,
828 4694 991 4748 declararet.
1030 4695 1158 4747 Ceterum
1177 4694 1307 4748 similiter
1326 4695 1398 4747 infra
1417 4714 1442 4749 v.
1460 4713 1486 4751 ιε

212 4764 388 4834 Τυνδαρίδας
407 4767 450 4819 est
468 4781 539 4818 unus
555 4781 587 4817 ex
602 4764 772 4834 Tyndaridis
790 4764 889 4819 Pollux
906 4798 937 4805 —
956 4772 997 4820 67.
1018 4763 1119 4835 ἄγαλμ’
1137 4763 1224 4819 ’Atta
1245 4766 1365 4834 cippum,
1386 4765 1487 4833 quales
