3406 5378
573 1330 1048 1416 PROLEGOMENA.

798 1632 822 1697 l.

415 1783 468 1841 DE
493 1780 704 1841 CODICIBUS
729 1781 1005 1851 SUBSIDIISQUE
1031 1780 1207 1841 ORITICIS.

259 1919 342 1986 Cum
356 1921 419 1984 duo
434 1918 495 1983 viri
510 1919 548 1983 de
562 1917 693 1983 Pindari
708 1918 906 1983 carminibus
921 1919 1127 1982 emendandis
1141 1923 1218 2003 post
1230 1913 1450 1983 immortalem

170 2028 253 2113 Aug.
272 2026 429 2091 Boeckhii
458 2025 648 2090 memoriam
675 2024 877 2089 meritissimi
904 2025 952 2090 ita
978 2025 1012 2089 in
1035 2030 1207 2108 utramque
1230 2030 1356 2108 partem
1379 2048 1450 2109 pcc·

171 2139 311 2216 cessent,
342 2138 380 2197 ut
406 2132 565 2197 librorum
593 2155 691 2196 manu
719 2132 913 2216 scriptorum
942 2133 1017 2197 fidei
1046 2131 1128 2196 alter
1154 2132 1306 2216 nimium,
1335 2155 1448 2217 parum

171 2241 253 2306 alter
280 2240 450 2322 tribueret,
483 2239 562 2303 mihi
592 2239 732 2303 mediam
759 2238 841 2303 inire
869 2240 954 2303 viam
983 2239 1088 2303 visum
1116 2243 1174 2303 est.
1220 2239 1331 2323 Tycho
1363 2240 1448 2304 enim

170 2345 417 2428 Mommsenius,
440 2369 480 2410 ne
504 2367 657 2431 magnam
681 2367 812 2430 operam
836 2345 1001 2411 codicibus
1025 2346 1176 2432 religiose
1197 2345 1396 2410 excutiendis
1416 2351 1449 2410 et

171 2453 251 2518 scite
283 2452 467 2538 digerendis
499 2456 651 2517 navatam
683 2451 786 2516 iacere
819 2452 1022 2516 contemnive
1051 2453 1184 2535 sineret,
1215 2453 1340 2537 reliqua
1368 2453 1448 2518 artis

170 2559 300 2624 criticae
333 2559 491 2645 subsidia,
523 2580 605 2642 quae
636 2559 671 2623 in
704 2559 902 2624 carminibus
930 2544 1202 2645 recognoscendis
1231 2564 1265 2623 et
1290 2560 1386 2645 plura
1415 2565 1448 2625 et

168 2666 298 2751 potiora
329 2688 400 2730 esse
432 2666 553 2749 solent,
585 2666 634 2730 ita
665 2666 873 2751 posthabuit,
909 2671 946 2730 ut
977 2666 1064 2730 haud
1096 2688 1170 2730 raro
1202 2672 1317 2751 poetae
1350 2668 1449 2733 verba

170 2795 370 2837 summorum
394 2772 537 2837 virorum
562 2794 621 2857 ope
645 2772 711 2837 fere
729 2773 891 2857 perpolita
909 2772 1068 2837 librorum
1086 2773 1197 2838 naevis
1217 2778 1314 2859 atque
1334 2776 1447 2839 errori-

169 2880 230 2945 bus
248 2879 367 2944 iterum
386 2880 645 2944 commacularet.
681 2880 870 2945 Theodorus
890 2887 999 2944 autem
1016 2879 1178 2966 Bergkius
1197 2880 1324 2946 codices
1342 2903 1447 2965 neque

170 2987 310 3071 optimos
329 3008 432 3071 neque
452 2986 616 3050 subtiliter
635 2987 829 3069 ponderatos
849 2986 999 3051 adhibuit
1013 2991 1046 3050 et
1063 3009 1202 3070 summa,
1222 3010 1286 3071 qua
1300 2988 1447 3074 florebat,

168 3093 291 3178 ingenii
318 3093 474 3159 felicitate
501 3093 604 3157 fretus
631 3092 673 3157 iis
700 3115 828 3178 quoque
855 3092 950 3176 locis,
978 3093 1096 3177 quibus
1125 3117 1144 3157 a
1171 3094 1335 3159 codicibus
1359 3100 1446 3160 recte

170 3199 350 3265 aestimatis
372 3201 424 3265 lex
444 3222 481 3266 ac
499 3222 613 3264 norma
633 3206 702 3265 erat
720 3201 872 3286 petenda,
896 3222 956 3265 suo
975 3200 1111 3264 arbitrio
1130 3201 1298 3287 indulgere
1317 3202 1447 3288 maluit3

169 3306 203 3371 in
225 3306 404 3371 novissima
425 3329 502 3370 vero
527 3305 594 3370 sive
617 3311 734 3390 quarta
756 3306 897 3371 editione
922 3306 1095 3371 Poetarum
1118 3307 1294 3391 lyricorum
1319 3330 1447 3394 graeco·

168 3437 240 3478 rum
263 3412 368 3477 virum
392 3413 558 3499 egregium
578 3413 682 3498 magis
702 3412 810 3477 studio
830 3413 968 3477 aliorum
988 3413 1156 3498 opiniones
1175 3413 1329 3479 reiciendi
1348 3437 1445 3499 quam

169 3543 245 3585 suos
265 3542 390 3585 errores
410 3519 591 3605 corrigendi
615 3520 748 3584 ductum
768 3542 837 3586 esse
855 3520 890 3584 in
909 3542 1044 3585 censura
1062 3520 1131 3584 eius
1149 3520 1225 3585 libri
1245 3517 1332 3609 (ann.
1352 3522 1445 3587 class.

168 3627 245 3711 phil.
272 3627 356 3692 1889
384 3649 414 3710 p.
442 3625 559 3713 lsqq.)
586 3625 741 3711 exemplis
770 3626 987 3711 comprobavi.
1033 3627 1106 3711 lpse
1140 3634 1173 3691 et
1202 3627 1237 3691 in
1264 3650 1316 3713 ea,
1348 3650 1445 3712 quam

168 3732 285 3818 viginti
323 3732 464 3816 quinque
497 3733 589 3797 annis
623 3733 742 3798 abhinc
773 3734 807 3796 in
840 3733 1046 3799 Bibliotheca
1077 3733 1302 3799 Teubneriana
1334 3738 1445 3820 parari

169 3839 309 3904 editione
336 3839 425 3903 etin
449 3838 523 3924 hac,
551 3861 648 3923 quam
670 3863 757 3906 nunc
779 3840 814 3904 in
836 3840 942 3906 lucem
966 3841 1095 3925 emitto,
1122 3840 1234 3904 sedulo
1258 3841 1381 3926 curavi,
1410 3848 1445 3906 ut

168 3951 201 4011 et
233 3947 379 4012 codicum
412 3946 566 4010 subsidiis
596 3970 615 4011 a
642 3947 856 4013 Mommsenio
884 3946 1091 4031 potissimum
1119 3947 1242 4031 paratis
1270 3949 1445 4030 prudenter

167 4058 276 4117 uterer
307 4058 340 4116 et
368 4051 499 4118 Pindari
527 4054 669 4119 rationes
698 4055 849 4118 metricas
878 4054 1171 4138 grammaticusque
1197 4053 1444 4140 diligentissime

168 4164 336 4224 scrutarer.

256 4266 309 4330 De
337 4267 548 4332 codicibus.
593 4266 633 4330 In
660 4272 817 4352 apparatu
846 4267 958 4332 critico
988 4268 1183 4332 adstruendo
1211 4267 1445 4335 Mommsenius

167 4373 346 4440 rectissime
365 4372 507 4458 monuit,
524 4373 665 4459 primum
684 4374 828 4438 omnium
847 4375 948 4439 libros
968 4397 987 4438 a
1003 4374 1193 4458 Byzantinis
1214 4376 1445 4461 grammaticis,

166 4480 292 4545 Thema
314 4480 474 4566 Magistro
497 4480 710 4565 Moschopulo
734 4480 903 4566 Triclinio,
928 4481 1142 4564 interpolatos
1166 4504 1185 4545 a
1207 4482 1370 4546 veteribus
1393 4482 1444 4547 in·

166 4587 331 4672 tegrisque
351 4586 589 4670 exemplaribus
606 4589 708 4673 probe
728 4610 798 4653 esse
817 4588 1071 4675 distinguendos.
1101 4587 1161 4652 Isti
1179 4588 1355 4675 magistelli
1370 4612 1443 4654 cum

166 4716 225 4758 suo
242 4682 354 4758 'Marte
382 4694 513 4758 scabros
541 4717 691 4761 numeros
720 4695 868 4779 expedire
897 4699 930 4759 et
958 4695 1114 4759 orationis
1144 4696 1260 4759 menda
1283 4696 1442 4780 expellere

166 4801 332 4865 studerent
355 4823 427 4886 nec,
455 4801 482 4864 si
505 4823 626 4884 paucos
650 4802 807 4885 quosdam
830 4801 919 4866 locos
943 4805 980 4865 ut
1003 4800 1143 4866 0.x18.
1167 4799 1207 4865 N.
1226 4819 1238 4864 1
1257 4803 1309 4867 52.
1332 4804 1442 4867 11135.
