<?xml version="1.0" encoding="UTF-8"?>
<!DOCTYPE html PUBLIC "-//W3C//DTD XHTML 1.0 Transitional//EN"
    "http://www.w3.org/TR/xhtml1/DTD/xhtml1-transitional.dtd">
<html xmlns="http://www.w3.org/1999/xhtml" xml:lang="en" lang="en">
 <head>
  <title>
</title>
<meta http-equiv="Content-Type" content="text/html;charset=utf-8" />
  <meta name='ocr-system' content='tesseract 3.04.00' />
  <meta name='ocr-capabilities' content='ocr_page ocr_carea ocr_par ocr_line ocrx_word'/>
</head>
<body>
  <div class='ocr_page' id='page_1' title='image "./pindaricarminap00pindgoog_0010.png"; bbox 0 0 3406 5378; ppageno 0'>
   <div class='ocr_carea' id='block_1_1' title="bbox 549 1279 1024 1402">
    <p class='ocr_par' dir='ltr' id='par_1_1' title="bbox 549 1279 1024 1402">
     <span class='ocr_line' id='line_1_1' title="bbox 549 1279 1024 1402; baseline 0.008 -4"><span class='ocrx_word' id='word_1_1' title='bbox 549 1279 1024 1402; x_wconf 69' lang='lat' dir='ltr'><strong>Phocaeorum.</strong></span> 
     </span>
    </p>
   </div>
   <div class='ocr_carea' id='block_1_2' title="bbox 390 1618 1183 1837">
    <p class='ocr_par' dir='ltr' id='par_1_2' title="bbox 390 1618 1183 1837">
     <span class='ocr_line' id='line_1_2' title="bbox 775 1618 799 1683; baseline -0.042 0"><span class='ocrx_word' id='word_1_2' title='bbox 775 1618 799 1683; x_wconf 93' lang='grc' dir='ltr'><strong>Ι.</strong></span> 
     </span>
     <span class='ocr_line' id='line_1_3' title="bbox 390 1765 1183 1837; baseline 0.001 -11"><span class='ocrx_word' id='word_1_3' title='bbox 390 1769 444 1826; x_wconf 86' lang='lat' dir='ltr'><strong>DE</strong></span> <span class='ocrx_word' id='word_1_4' title='bbox 469 1765 681 1828; x_wconf 80' lang='lat' dir='ltr'>CODICIBUS</span> <span class='ocrx_word' id='word_1_5' title='bbox 705 1766 982 1837; x_wconf 82' lang='lat' dir='ltr'><strong>SUBSIDHSQUE</strong></span> <span class='ocrx_word' id='word_1_6' title='bbox 1007 1765 1183 1827; x_wconf 82' lang='lat' dir='ltr'>ORITIOIS.</span> 
     </span>
    </p>
   </div>
   <div class='ocr_carea' id='block_1_3' title="bbox 146 1898 1426 2630">
    <p class='ocr_par' dir='ltr' id='par_1_3' title="bbox 146 1898 1426 2630">
     <span class='ocr_line' id='line_1_4' title="bbox 236 1898 1426 1988; baseline -0.003 -17"><span class='ocrx_word' id='word_1_7' title='bbox 236 1905 318 1972; x_wconf 72' lang='lat' dir='ltr'><strong>(lum</strong></span> <span class='ocrx_word' id='word_1_8' title='bbox 332 1907 395 1970; x_wconf 94' lang='lat' dir='ltr'><strong>duo</strong></span> <span class='ocrx_word' id='word_1_9' title='bbox 410 1904 524 1970; x_wconf 87' lang='lat' dir='ltr'><strong>viride</strong></span> <span class='ocrx_word' id='word_1_10' title='bbox 540 1903 670 1969; x_wconf 88' lang='lat' dir='ltr'><strong>Pindari</strong></span> <span class='ocrx_word' id='word_1_11' title='bbox 685 1903 882 1968; x_wconf 84' lang='lat' dir='ltr'><strong>carminibus</strong></span> <span class='ocrx_word' id='word_1_12' title='bbox 897 1904 1104 1969; x_wconf 78' lang='lat' dir='ltr'><strong>emendandis</strong></span> <span class='ocrx_word' id='word_1_13' title='bbox 1118 1908 1194 1988; x_wconf 89' lang='lat' dir='ltr'><strong>post</strong></span> <span class='ocrx_word' id='word_1_14' title='bbox 1206 1898 1426 1968; x_wconf 79' lang='lat' dir='ltr'><strong>immortalem</strong></span> 
     </span>
     <span class='ocr_line' id='line_1_5' title="bbox 146 2010 1426 2100; baseline -0.002 -22"><span class='ocrx_word' id='word_1_15' title='bbox 146 2014 230 2100; x_wconf 81' lang='lat' dir='ltr'><strong>Aug.</strong></span> <span class='ocrx_word' id='word_1_16' title='bbox 249 2012 406 2078; x_wconf 89' lang='lat' dir='ltr'><strong>Boeekhii</strong></span> <span class='ocrx_word' id='word_1_17' title='bbox 434 2011 625 2077; x_wconf 85' lang='lat' dir='ltr'><strong>memoriam</strong></span> <span class='ocrx_word' id='word_1_18' title='bbox 652 2010 854 2075; x_wconf 80' lang='lat' dir='ltr'><strong>meritissimi</strong></span> <span class='ocrx_word' id='word_1_19' title='bbox 880 2011 929 2076; x_wconf 90' lang='lat' dir='ltr'><strong>ita</strong></span> <span class='ocrx_word' id='word_1_20' title='bbox 954 2011 989 2074; x_wconf 93' lang='lat' dir='ltr'><strong>in</strong></span> <span class='ocrx_word' id='word_1_21' title='bbox 1012 2015 1183 2094; x_wconf 89' lang='lat' dir='ltr'><strong>utramque</strong></span> <span class='ocrx_word' id='word_1_22' title='bbox 1206 2015 1332 2095; x_wconf 87' lang='lat' dir='ltr'><strong>partem</strong></span> <span class='ocrx_word' id='word_1_23' title='bbox 1355 2034 1426 2095; x_wconf 87' lang='lat' dir='ltr'><strong>pec-</strong></span> 
     </span>
     <span class='ocr_line' id='line_1_6' title="bbox 148 2117 1425 2202; baseline -0.003 -17"><span class='ocrx_word' id='word_1_24' title='bbox 148 2125 288 2202; x_wconf 85' lang='lat' dir='ltr'><strong>cassent,</strong></span> <span class='ocrx_word' id='word_1_25' title='bbox 318 2124 356 2183; x_wconf 93' lang='lat' dir='ltr'><strong>ut</strong></span> <span class='ocrx_word' id='word_1_26' title='bbox 382 2119 542 2183; x_wconf 90' lang='lat' dir='ltr'><strong>librorum</strong></span> <span class='ocrx_word' id='word_1_27' title='bbox 569 2140 667 2182; x_wconf 89' lang='lat' dir='ltr'><strong>manu</strong></span> <span class='ocrx_word' id='word_1_28' title='bbox 696 2118 889 2201; x_wconf 89' lang='lat' dir='ltr'><strong>scriptorum</strong></span> <span class='ocrx_word' id='word_1_29' title='bbox 918 2118 993 2182; x_wconf 87' lang='lat' dir='ltr'><strong>fidei</strong></span> <span class='ocrx_word' id='word_1_30' title='bbox 1023 2117 1104 2182; x_wconf 89' lang='lat' dir='ltr'><strong>alter</strong></span> <span class='ocrx_word' id='word_1_31' title='bbox 1130 2117 1282 2201; x_wconf 91' lang='lat' dir='ltr'><strong>nimium,</strong></span> <span class='ocrx_word' id='word_1_32' title='bbox 1310 2140 1425 2202; x_wconf 89' lang='lat' dir='ltr'><strong>parum</strong></span> 
     </span>
     <span class='ocr_line' id='line_1_7' title="bbox 147 2224 1425 2309; baseline -0.003 -17"><span class='ocrx_word' id='word_1_33' title='bbox 147 2227 230 2292; x_wconf 84' lang='lat' dir='ltr'><strong>alter</strong></span> <span class='ocrx_word' id='word_1_34' title='bbox 257 2226 426 2309; x_wconf 76' lang='lat' dir='ltr'><strong>tribueret,</strong></span> <span class='ocrx_word' id='word_1_35' title='bbox 458 2224 539 2289; x_wconf 91' lang='lat' dir='ltr'><strong>mihi</strong></span> <span class='ocrx_word' id='word_1_36' title='bbox 569 2225 708 2290; x_wconf 89' lang='lat' dir='ltr'><strong>mediam</strong></span> <span class='ocrx_word' id='word_1_37' title='bbox 735 2224 818 2290; x_wconf 92' lang='lat' dir='ltr'><strong>inire</strong></span> <span class='ocrx_word' id='word_1_38' title='bbox 846 2226 931 2289; x_wconf 88' lang='lat' dir='ltr'><strong>viam</strong></span> <span class='ocrx_word' id='word_1_39' title='bbox 959 2224 1064 2289; x_wconf 81' lang='lat' dir='ltr'><strong>visum</strong></span> <span class='ocrx_word' id='word_1_40' title='bbox 1092 2231 1150 2289; x_wconf 86' lang='lat' dir='ltr'><strong>est.</strong></span> <span class='ocrx_word' id='word_1_41' title='bbox 1196 2225 1307 2309; x_wconf 87' lang='lat' dir='ltr'><strong>Tycho</strong></span> <span class='ocrx_word' id='word_1_42' title='bbox 1339 2225 1425 2288; x_wconf 89' lang='lat' dir='ltr'><strong>enim</strong></span> 
     </span>
     <span class='ocr_line' id='line_1_8' title="bbox 147 2331 1426 2418; baseline -0.002 -21"><span class='ocrx_word' id='word_1_43' title='bbox 147 2331 393 2414; x_wconf 89' lang='lat' dir='ltr'><strong>Mommsenius,</strong></span> <span class='ocrx_word' id='word_1_44' title='bbox 416 2354 456 2396; x_wconf 90' lang='lat' dir='ltr'><strong>ne</strong></span> <span class='ocrx_word' id='word_1_45' title='bbox 481 2353 633 2418; x_wconf 86' lang='lat' dir='ltr'><strong>magnam</strong></span> <span class='ocrx_word' id='word_1_46' title='bbox 658 2354 789 2416; x_wconf 89' lang='lat' dir='ltr'><strong>operam</strong></span> <span class='ocrx_word' id='word_1_47' title='bbox 812 2332 977 2397; x_wconf 79' lang='lat' dir='ltr'><strong>codicibus</strong></span> <span class='ocrx_word' id='word_1_48' title='bbox 1002 2332 1152 2417; x_wconf 79' lang='lat' dir='ltr'><strong>religiose</strong></span> <span class='ocrx_word' id='word_1_49' title='bbox 1173 2331 1373 2396; x_wconf 83' lang='lat' dir='ltr'><strong>excutiendis</strong></span> <span class='ocrx_word' id='word_1_50' title='bbox 1393 2336 1426 2395; x_wconf 91' lang='lat' dir='ltr'><strong>et</strong></span> 
     </span>
     <span class='ocr_line' id='line_1_9' title="bbox 147 2437 1424 2524; baseline 0 -21"><span class='ocrx_word' id='word_1_51' title='bbox 147 2438 227 2504; x_wconf 88' lang='lat' dir='ltr'><strong>scite</strong></span> <span class='ocrx_word' id='word_1_52' title='bbox 261 2438 443 2524; x_wconf 82' lang='lat' dir='ltr'><strong>digerendis</strong></span> <span class='ocrx_word' id='word_1_53' title='bbox 475 2443 628 2505; x_wconf 81' lang='lat' dir='ltr'><strong>navatam</strong></span> <span class='ocrx_word' id='word_1_54' title='bbox 660 2438 763 2502; x_wconf 88' lang='lat' dir='ltr'><strong>iacere</strong></span> <span class='ocrx_word' id='word_1_55' title='bbox 795 2437 998 2503; x_wconf 85' lang='lat' dir='ltr'><strong>contemnive</strong></span> <span class='ocrx_word' id='word_1_56' title='bbox 1027 2439 1160 2521; x_wconf 89' lang='lat' dir='ltr'><strong>sineret,</strong></span> <span class='ocrx_word' id='word_1_57' title='bbox 1191 2438 1317 2522; x_wconf 89' lang='lat' dir='ltr'><strong>reliqua</strong></span> <span class='ocrx_word' id='word_1_58' title='bbox 1344 2438 1424 2503; x_wconf 90' lang='lat' dir='ltr'><strong>artis</strong></span> 
     </span>
     <span class='ocr_line' id='line_1_10' title="bbox 147 2530 1425 2630; baseline 0.001 -21"><span class='ocrx_word' id='word_1_59' title='bbox 147 2546 276 2610; x_wconf 86' lang='lat' dir='ltr'><strong>criticae</strong></span> <span class='ocrx_word' id='word_1_60' title='bbox 310 2545 467 2630; x_wconf 86' lang='lat' dir='ltr'><strong>subsidia,</strong></span> <span class='ocrx_word' id='word_1_61' title='bbox 500 2568 582 2629; x_wconf 91' lang='lat' dir='ltr'><strong>quae</strong></span> <span class='ocrx_word' id='word_1_62' title='bbox 613 2545 648 2609; x_wconf 93' lang='lat' dir='ltr'><strong>in</strong></span> <span class='ocrx_word' id='word_1_63' title='bbox 681 2545 878 2610; x_wconf 88' lang='lat' dir='ltr'><strong>carminibus</strong></span> <span class='ocrx_word' id='word_1_64' title='bbox 906 2530 1178 2630; x_wconf 50' lang='lat' dir='ltr'><strong>&#39;recognoscendis</strong></span> <span class='ocrx_word' id='word_1_65' title='bbox 1207 2549 1241 2608; x_wconf 86' lang='lat' dir='ltr'><strong>et</strong></span> <span class='ocrx_word' id='word_1_66' title='bbox 1267 2545 1362 2629; x_wconf 88' lang='lat' dir='ltr'><strong>plura</strong></span> <span class='ocrx_word' id='word_1_67' title='bbox 1392 2552 1425 2610; x_wconf 91' lang='lat' dir='ltr'><strong>et</strong></span> 
     </span>
    </p>
   </div>
   <div class='ocr_carea' id='block_1_4' title="bbox 143 2652 1425 4874">
    <p class='ocr_par' dir='ltr' id='par_1_4' title="bbox 144 2652 1425 4211">
     <span class='ocr_line' id='line_1_11' title="bbox 145 2652 1425 2737; baseline 0.002 -20"><span class='ocrx_word' id='word_1_68' title='bbox 145 2652 274 2737; x_wconf 92' lang='lat' dir='ltr'><strong>potiora</strong></span> <span class='ocrx_word' id='word_1_69' title='bbox 306 2674 376 2717; x_wconf 87' lang='lat' dir='ltr'><strong>esse</strong></span> <span class='ocrx_word' id='word_1_70' title='bbox 409 2652 530 2736; x_wconf 78' lang='lat' dir='ltr'><strong>solent,</strong></span> <span class='ocrx_word' id='word_1_71' title='bbox 562 2652 610 2717; x_wconf 90' lang='lat' dir='ltr'><strong>ita</strong></span> <span class='ocrx_word' id='word_1_72' title='bbox 642 2652 849 2737; x_wconf 88' lang='lat' dir='ltr'><strong>posthabuit,</strong></span> <span class='ocrx_word' id='word_1_73' title='bbox 885 2656 923 2716; x_wconf 91' lang='lat' dir='ltr'><strong>ut</strong></span> <span class='ocrx_word' id='word_1_74' title='bbox 954 2652 1040 2716; x_wconf 87' lang='lat' dir='ltr'><strong>haud</strong></span> <span class='ocrx_word' id='word_1_75' title='bbox 1072 2673 1146 2716; x_wconf 89' lang='lat' dir='ltr'><strong>raro</strong></span> <span class='ocrx_word' id='word_1_76' title='bbox 1179 2658 1294 2737; x_wconf 87' lang='lat' dir='ltr'><strong>poetae</strong></span> <span class='ocrx_word' id='word_1_77' title='bbox 1326 2654 1425 2719; x_wconf 84' lang='lat' dir='ltr'><strong>rerba</strong></span> 
     </span>
     <span class='ocr_line' id='line_1_12' title="bbox 146 2758 1424 2844; baseline 0.001 -21"><span class='ocrx_word' id='word_1_78' title='bbox 146 2781 347 2824; x_wconf 88' lang='lat' dir='ltr'><strong>summorum</strong></span> <span class='ocrx_word' id='word_1_79' title='bbox 370 2758 514 2824; x_wconf 87' lang='lat' dir='ltr'><strong>virorum</strong></span> <span class='ocrx_word' id='word_1_80' title='bbox 538 2781 598 2843; x_wconf 92' lang='lat' dir='ltr'><strong>ope</strong></span> <span class='ocrx_word' id='word_1_81' title='bbox 622 2758 688 2824; x_wconf 88' lang='lat' dir='ltr'><strong>fere</strong></span> <span class='ocrx_word' id='word_1_82' title='bbox 706 2759 868 2844; x_wconf 89' lang='lat' dir='ltr'><strong>perpolita</strong></span> <span class='ocrx_word' id='word_1_83' title='bbox 885 2759 1045 2823; x_wconf 91' lang='lat' dir='ltr'><strong>librorum</strong></span> <span class='ocrx_word' id='word_1_84' title='bbox 1062 2759 1173 2823; x_wconf 84' lang='lat' dir='ltr'><strong>naevis</strong></span> <span class='ocrx_word' id='word_1_85' title='bbox 1193 2763 1291 2844; x_wconf 88' lang='lat' dir='ltr'><strong>atque</strong></span> <span class='ocrx_word' id='word_1_86' title='bbox 1310 2761 1424 2825; x_wconf 90' lang='lat' dir='ltr'><strong>errori-</strong></span> 
     </span>
     <span class='ocr_line' id='line_1_13' title="bbox 145 2865 1424 2951; baseline 0.001 -21"><span class='ocrx_word' id='word_1_87' title='bbox 145 2866 207 2930; x_wconf 90' lang='lat' dir='ltr'><strong>bus</strong></span> <span class='ocrx_word' id='word_1_88' title='bbox 225 2865 344 2930; x_wconf 90' lang='lat' dir='ltr'><strong>iterum</strong></span> <span class='ocrx_word' id='word_1_89' title='bbox 362 2865 621 2930; x_wconf 87' lang='lat' dir='ltr'><strong>commacularet.</strong></span> <span class='ocrx_word' id='word_1_90' title='bbox 658 2865 847 2931; x_wconf 83' lang='lat' dir='ltr'><strong>Theodorus</strong></span> <span class='ocrx_word' id='word_1_91' title='bbox 866 2871 975 2930; x_wconf 91' lang='lat' dir='ltr'><strong>autem</strong></span> <span class='ocrx_word' id='word_1_92' title='bbox 993 2865 1154 2951; x_wconf 80' lang='lat' dir='ltr'><strong>Bergkius</strong></span> <span class='ocrx_word' id='word_1_93' title='bbox 1173 2867 1299 2932; x_wconf 88' lang='lat' dir='ltr'><strong>codices</strong></span> <span class='ocrx_word' id='word_1_94' title='bbox 1318 2888 1424 2951; x_wconf 90' lang='lat' dir='ltr'><strong>neque</strong></span> 
     </span>
     <span class='ocr_line' id='line_1_14' title="bbox 146 2972 1423 3059; baseline 0.002 -24"><span class='ocrx_word' id='word_1_95' title='bbox 146 2973 287 3058; x_wconf 90' lang='lat' dir='ltr'><strong>optimos</strong></span> <span class='ocrx_word' id='word_1_96' title='bbox 305 2995 409 3057; x_wconf 91' lang='lat' dir='ltr'><strong>neque</strong></span> <span class='ocrx_word' id='word_1_97' title='bbox 428 2972 594 3037; x_wconf 86' lang='lat' dir='ltr'><strong>subtiliter</strong></span> <span class='ocrx_word' id='word_1_98' title='bbox 611 2972 806 3055; x_wconf 86' lang='lat' dir='ltr'><strong>ponderatos</strong></span> <span class='ocrx_word' id='word_1_99' title='bbox 826 2972 975 3036; x_wconf 90' lang='lat' dir='ltr'><strong>adhibuit</strong></span> <span class='ocrx_word' id='word_1_100' title='bbox 990 2975 1023 3036; x_wconf 89' lang='lat' dir='ltr'><strong>et</strong></span> <span class='ocrx_word' id='word_1_101' title='bbox 1039 2994 1178 3056; x_wconf 88' lang='lat' dir='ltr'><strong>summa,</strong></span> <span class='ocrx_word' id='word_1_102' title='bbox 1198 2995 1262 3057; x_wconf 90' lang='lat' dir='ltr'><strong>qua</strong></span> <span class='ocrx_word' id='word_1_103' title='bbox 1276 2973 1423 3059; x_wconf 88' lang='lat' dir='ltr'><strong>florebat,</strong></span> 
     </span>
     <span class='ocr_line' id='line_1_15' title="bbox 145 3078 1423 3164; baseline 0.001 -21"><span class='ocrx_word' id='word_1_104' title='bbox 145 3080 267 3164; x_wconf 86' lang='lat' dir='ltr'><strong>ingenii</strong></span> <span class='ocrx_word' id='word_1_105' title='bbox 295 3079 450 3146; x_wconf 84' lang='lat' dir='ltr'><strong>felicitate</strong></span> <span class='ocrx_word' id='word_1_106' title='bbox 478 3080 581 3144; x_wconf 89' lang='lat' dir='ltr'><strong>fretus</strong></span> <span class='ocrx_word' id='word_1_107' title='bbox 608 3079 650 3143; x_wconf 91' lang='lat' dir='ltr'><strong>iis</strong></span> <span class='ocrx_word' id='word_1_108' title='bbox 677 3101 805 3164; x_wconf 89' lang='lat' dir='ltr'><strong>quoque</strong></span> <span class='ocrx_word' id='word_1_109' title='bbox 832 3078 926 3161; x_wconf 89' lang='lat' dir='ltr'><strong>locis,</strong></span> <span class='ocrx_word' id='word_1_110' title='bbox 955 3078 1073 3163; x_wconf 88' lang='lat' dir='ltr'><strong>quibus</strong></span> <span class='ocrx_word' id='word_1_111' title='bbox 1101 3102 1121 3143; x_wconf 88' lang='lat' dir='ltr'><strong>a</strong></span> <span class='ocrx_word' id='word_1_112' title='bbox 1148 3080 1312 3144; x_wconf 89' lang='lat' dir='ltr'><strong>codicibus</strong></span> <span class='ocrx_word' id='word_1_113' title='bbox 1336 3083 1423 3144; x_wconf 87' lang='lat' dir='ltr'><strong>recte</strong></span> 
     </span>
     <span class='ocr_line' id='line_1_16' title="bbox 146 3185 1424 3273; baseline 0.003 -23"><span class='ocrx_word' id='word_1_114' title='bbox 146 3186 326 3251; x_wconf 84' lang='lat' dir='ltr'><strong>aestimatis</strong></span> <span class='ocrx_word' id='word_1_115' title='bbox 349 3187 401 3252; x_wconf 88' lang='lat' dir='ltr'><strong>lex</strong></span> <span class='ocrx_word' id='word_1_116' title='bbox 421 3209 458 3251; x_wconf 89' lang='lat' dir='ltr'><strong>ac</strong></span> <span class='ocrx_word' id='word_1_117' title='bbox 476 3208 591 3251; x_wconf 91' lang='lat' dir='ltr'><strong>norma</strong></span> <span class='ocrx_word' id='word_1_118' title='bbox 609 3192 679 3252; x_wconf 88' lang='lat' dir='ltr'><strong>erat</strong></span> <span class='ocrx_word' id='word_1_119' title='bbox 697 3187 849 3272; x_wconf 90' lang='lat' dir='ltr'><strong>petenda,</strong></span> <span class='ocrx_word' id='word_1_120' title='bbox 873 3207 932 3251; x_wconf 95' lang='lat' dir='ltr'><strong>suo</strong></span> <span class='ocrx_word' id='word_1_121' title='bbox 952 3185 1088 3251; x_wconf 89' lang='lat' dir='ltr'><strong>arbitrio</strong></span> <span class='ocrx_word' id='word_1_122' title='bbox 1106 3186 1274 3271; x_wconf 85' lang='lat' dir='ltr'><strong>indulgere</strong></span> <span class='ocrx_word' id='word_1_123' title='bbox 1293 3187 1424 3273; x_wconf 80' lang='lat' dir='ltr'><strong>maluit3</strong></span> 
     </span>
     <span class='ocr_line' id='line_1_17' title="bbox 145 3291 1424 3380; baseline 0.001 -22"><span class='ocrx_word' id='word_1_124' title='bbox 145 3293 180 3358; x_wconf 90' lang='lat' dir='ltr'><strong>in</strong></span> <span class='ocrx_word' id='word_1_125' title='bbox 202 3294 380 3358; x_wconf 83' lang='lat' dir='ltr'><strong>novissima</strong></span> <span class='ocrx_word' id='word_1_126' title='bbox 402 3315 479 3358; x_wconf 88' lang='lat' dir='ltr'><strong>vero</strong></span> <span class='ocrx_word' id='word_1_127' title='bbox 504 3292 571 3357; x_wconf 87' lang='lat' dir='ltr'><strong>sive</strong></span> <span class='ocrx_word' id='word_1_128' title='bbox 595 3298 711 3376; x_wconf 86' lang='lat' dir='ltr'><strong>quarta</strong></span> <span class='ocrx_word' id='word_1_129' title='bbox 733 3292 874 3358; x_wconf 84' lang='lat' dir='ltr'><strong>editione</strong></span> <span class='ocrx_word' id='word_1_130' title='bbox 899 3291 1071 3356; x_wconf 86' lang='lat' dir='ltr'><strong>Poetarum</strong></span> <span class='ocrx_word' id='word_1_131' title='bbox 1094 3292 1271 3377; x_wconf 86' lang='lat' dir='ltr'><strong>lyricorum</strong></span> <span class='ocrx_word' id='word_1_132' title='bbox 1295 3315 1424 3380; x_wconf 84' lang='lat' dir='ltr'><strong>graeco·</strong></span> 
     </span>
     <span class='ocr_line' id='line_1_18' title="bbox 145 3398 1422 3486; baseline 0 -21"><span class='ocrx_word' id='word_1_133' title='bbox 145 3424 218 3466; x_wconf 91' lang='lat' dir='ltr'><strong>rum</strong></span> <span class='ocrx_word' id='word_1_134' title='bbox 240 3399 345 3464; x_wconf 85' lang='lat' dir='ltr'><strong>virum</strong></span> <span class='ocrx_word' id='word_1_135' title='bbox 368 3401 536 3486; x_wconf 80' lang='lat' dir='ltr'><strong>egregium</strong></span> <span class='ocrx_word' id='word_1_136' title='bbox 554 3400 659 3485; x_wconf 80' lang='lat' dir='ltr'><strong>magis</strong></span> <span class='ocrx_word' id='word_1_137' title='bbox 679 3399 787 3463; x_wconf 92' lang='lat' dir='ltr'><strong>studio</strong></span> <span class='ocrx_word' id='word_1_138' title='bbox 807 3398 945 3464; x_wconf 90' lang='lat' dir='ltr'><strong>aliorum</strong></span> <span class='ocrx_word' id='word_1_139' title='bbox 964 3398 1132 3484; x_wconf 86' lang='lat' dir='ltr'><strong>opiniones</strong></span> <span class='ocrx_word' id='word_1_140' title='bbox 1151 3398 1306 3464; x_wconf 90' lang='lat' dir='ltr'><strong>reiciendi</strong></span> <span class='ocrx_word' id='word_1_141' title='bbox 1325 3422 1422 3484; x_wconf 92' lang='lat' dir='ltr'><strong>quam</strong></span> 
     </span>
     <span class='ocr_line' id='line_1_19' title="bbox 146 3503 1422 3594; baseline 0 -22"><span class='ocrx_word' id='word_1_142' title='bbox 146 3530 222 3573; x_wconf 86' lang='lat' dir='ltr'><strong>suos</strong></span> <span class='ocrx_word' id='word_1_143' title='bbox 242 3530 367 3573; x_wconf 90' lang='lat' dir='ltr'><strong>errores</strong></span> <span class='ocrx_word' id='word_1_144' title='bbox 387 3506 569 3592; x_wconf 81' lang='lat' dir='ltr'><strong>corrigendi</strong></span> <span class='ocrx_word' id='word_1_145' title='bbox 592 3507 725 3571; x_wconf 88' lang='lat' dir='ltr'><strong>ductum</strong></span> <span class='ocrx_word' id='word_1_146' title='bbox 745 3529 814 3574; x_wconf 88' lang='lat' dir='ltr'><strong>csse</strong></span> <span class='ocrx_word' id='word_1_147' title='bbox 831 3505 867 3570; x_wconf 91' lang='lat' dir='ltr'><strong>in</strong></span> <span class='ocrx_word' id='word_1_148' title='bbox 886 3529 1021 3571; x_wconf 85' lang='lat' dir='ltr'><strong>censura</strong></span> <span class='ocrx_word' id='word_1_149' title='bbox 1039 3505 1107 3570; x_wconf 83' lang='lat' dir='ltr'><strong>eius</strong></span> <span class='ocrx_word' id='word_1_150' title='bbox 1127 3505 1202 3570; x_wconf 92' lang='lat' dir='ltr'><strong>libri</strong></span> <span class='ocrx_word' id='word_1_151' title='bbox 1222 3503 1309 3594; x_wconf 87' lang='lat' dir='ltr'><strong>(ann.</strong></span> <span class='ocrx_word' id='word_1_152' title='bbox 1329 3507 1422 3572; x_wconf 89' lang='lat' dir='ltr'><strong>class.</strong></span> 
     </span>
     <span class='ocr_line' id='line_1_20' title="bbox 144 3611 1423 3699; baseline 0.002 -21"><span class='ocrx_word' id='word_1_153' title='bbox 144 3613 222 3698; x_wconf 91' lang='lat' dir='ltr'><strong>phil.</strong></span> <span class='ocrx_word' id='word_1_154' title='bbox 248 3614 333 3679; x_wconf 84' lang='lat'>1889</span> <span class='ocrx_word' id='word_1_155' title='bbox 361 3636 391 3697; x_wconf 94' lang='lat' dir='ltr'><strong>p.</strong></span> <span class='ocrx_word' id='word_1_156' title='bbox 418 3611 536 3699; x_wconf 84' lang='lat' dir='ltr'><strong>lsqq.)</strong></span> <span class='ocrx_word' id='word_1_157' title='bbox 563 3613 717 3698; x_wconf 88' lang='lat' dir='ltr'><strong>exemplis</strong></span> <span class='ocrx_word' id='word_1_158' title='bbox 746 3613 964 3698; x_wconf 81' lang='lat' dir='ltr'><strong>comprobavi.</strong></span> <span class='ocrx_word' id='word_1_159' title='bbox 1009 3612 1083 3697; x_wconf 88' lang='lat' dir='ltr'><strong>Ipse</strong></span> <span class='ocrx_word' id='word_1_160' title='bbox 1116 3618 1149 3677; x_wconf 87' lang='lat' dir='ltr'><strong>et</strong></span> <span class='ocrx_word' id='word_1_161' title='bbox 1178 3613 1213 3676; x_wconf 93' lang='lat' dir='ltr'><strong>in</strong></span> <span class='ocrx_word' id='word_1_162' title='bbox 1241 3635 1293 3698; x_wconf 90' lang='lat' dir='ltr'><strong>ea,</strong></span> <span class='ocrx_word' id='word_1_163' title='bbox 1325 3636 1423 3698; x_wconf 88' lang='lat' dir='ltr'><strong>quam</strong></span> 
     </span>
     <span class='ocr_line' id='line_1_21' title="bbox 145 3718 1422 3805; baseline 0.002 -22"><span class='ocrx_word' id='word_1_164' title='bbox 145 3719 262 3805; x_wconf 81' lang='lat' dir='ltr'><strong>viginti</strong></span> <span class='ocrx_word' id='word_1_165' title='bbox 300 3719 441 3803; x_wconf 92' lang='lat' dir='ltr'><strong>quinque</strong></span> <span class='ocrx_word' id='word_1_166' title='bbox 474 3720 566 3785; x_wconf 88' lang='lat' dir='ltr'><strong>annis</strong></span> <span class='ocrx_word' id='word_1_167' title='bbox 601 3720 719 3785; x_wconf 88' lang='lat' dir='ltr'><strong>abhinc</strong></span> <span class='ocrx_word' id='word_1_168' title='bbox 750 3720 785 3784; x_wconf 93' lang='lat' dir='ltr'><strong>in</strong></span> <span class='ocrx_word' id='word_1_169' title='bbox 816 3719 1022 3785; x_wconf 86' lang='lat' dir='ltr'><strong>Bibliotheca</strong></span> <span class='ocrx_word' id='word_1_170' title='bbox 1054 3718 1279 3784; x_wconf 85' lang='lat' dir='ltr'><strong>Teubneriana</strong></span> <span class='ocrx_word' id='word_1_171' title='bbox 1311 3722 1422 3805; x_wconf 88' lang='lat' dir='ltr'><strong>paravi</strong></span> 
     </span>
     <span class='ocr_line' id='line_1_22' title="bbox 146 3825 1422 3911; baseline 0.002 -21"><span class='ocrx_word' id='word_1_172' title='bbox 146 3825 286 3891; x_wconf 89' lang='lat' dir='ltr'><strong>editione</strong></span> <span class='ocrx_word' id='word_1_173' title='bbox 313 3827 402 3891; x_wconf 90' lang='lat' dir='ltr'><strong>etin</strong></span> <span class='ocrx_word' id='word_1_174' title='bbox 426 3827 500 3910; x_wconf 85' lang='lat' dir='ltr'><strong>hac,</strong></span> <span class='ocrx_word' id='word_1_175' title='bbox 528 3849 625 3911; x_wconf 90' lang='lat' dir='ltr'><strong>quam</strong></span> <span class='ocrx_word' id='word_1_176' title='bbox 648 3850 733 3892; x_wconf 89' lang='lat' dir='ltr'><strong>nunc</strong></span> <span class='ocrx_word' id='word_1_177' title='bbox 756 3827 791 3891; x_wconf 93' lang='lat' dir='ltr'><strong>in</strong></span> <span class='ocrx_word' id='word_1_178' title='bbox 813 3826 918 3893; x_wconf 87' lang='lat' dir='ltr'><strong>lucam</strong></span> <span class='ocrx_word' id='word_1_179' title='bbox 942 3827 1071 3910; x_wconf 88' lang='lat' dir='ltr'><strong>emitt0,</strong></span> <span class='ocrx_word' id='word_1_180' title='bbox 1099 3826 1210 3890; x_wconf 90' lang='lat' dir='ltr'><strong>sedulo</strong></span> <span class='ocrx_word' id='word_1_181' title='bbox 1234 3827 1358 3911; x_wconf 84' lang='lat' dir='ltr'><strong>curavi,</strong></span> <span class='ocrx_word' id='word_1_182' title='bbox 1386 3834 1422 3892; x_wconf 92' lang='lat' dir='ltr'><strong>ut</strong></span> 
     </span>
     <span class='ocr_line' id='line_1_23' title="bbox 145 3932 1422 4017; baseline -0.001 -19"><span class='ocrx_word' id='word_1_183' title='bbox 145 3938 178 3998; x_wconf 89' lang='lat' dir='ltr'><strong>et</strong></span> <span class='ocrx_word' id='word_1_184' title='bbox 210 3932 356 4000; x_wconf 88' lang='lat' dir='ltr'><strong>codicum</strong></span> <span class='ocrx_word' id='word_1_185' title='bbox 389 3932 542 3997; x_wconf 87' lang='lat' dir='ltr'><strong>subsidiis</strong></span> <span class='ocrx_word' id='word_1_186' title='bbox 573 3956 592 3997; x_wconf 98' lang='lat' dir='ltr'><strong>a</strong></span> <span class='ocrx_word' id='word_1_187' title='bbox 619 3933 833 3999; x_wconf 77' lang='lat' dir='ltr'><strong>Mommsenio</strong></span> <span class='ocrx_word' id='word_1_188' title='bbox 861 3933 1069 4017; x_wconf 88' lang='lat' dir='ltr'><strong>potissimum</strong></span> <span class='ocrx_word' id='word_1_189' title='bbox 1096 3933 1218 4017; x_wconf 88' lang='lat' dir='ltr'><strong>paratis</strong></span> <span class='ocrx_word' id='word_1_190' title='bbox 1247 3934 1422 4017; x_wconf 89' lang='lat' dir='ltr'><strong>prudenter</strong></span> 
     </span>
     <span class='ocr_line' id='line_1_24' title="bbox 145 4037 1421 4125; baseline 0.001 -21"><span class='ocrx_word' id='word_1_191' title='bbox 145 4045 253 4104; x_wconf 88' lang='lat' dir='ltr'><strong>uterer</strong></span> <span class='ocrx_word' id='word_1_192' title='bbox 284 4043 317 4102; x_wconf 91' lang='lat' dir='ltr'><strong>et</strong></span> <span class='ocrx_word' id='word_1_193' title='bbox 345 4037 477 4104; x_wconf 85' lang='lat' dir='ltr'><strong>Pindari</strong></span> <span class='ocrx_word' id='word_1_194' title='bbox 504 4040 646 4105; x_wconf 87' lang='lat' dir='ltr'><strong>rationes</strong></span> <span class='ocrx_word' id='word_1_195' title='bbox 675 4041 826 4105; x_wconf 88' lang='lat' dir='ltr'><strong>metricas</strong></span> <span class='ocrx_word' id='word_1_196' title='bbox 855 4039 1148 4125; x_wconf 80' lang='lat' dir='ltr'><strong>grammaticosque</strong></span> <span class='ocrx_word' id='word_1_197' title='bbox 1174 4039 1421 4125; x_wconf 82' lang='lat' dir='ltr'><strong>diligentissime</strong></span> 
     </span>
     <span class='ocr_line' id='line_1_25' title="bbox 145 4150 313 4211; baseline -0.006 0"><span class='ocrx_word' id='word_1_198' title='bbox 145 4150 313 4211; x_wconf 88' lang='lat' dir='ltr'><strong>scrutarer.</strong></span> 
     </span>
    </p>

    <p class='ocr_par' dir='ltr' id='par_1_5' title="bbox 143 4252 1421 4874">
     <span class='ocr_line' id='line_1_26' title="bbox 233 4252 1421 4339; baseline 0.003 -23"><span class='ocrx_word' id='word_1_199' title='bbox 233 4252 286 4317; x_wconf 89' lang='lat' dir='ltr'><strong>De</strong></span> <span class='ocrx_word' id='word_1_200' title='bbox 314 4253 525 4319; x_wconf 88' lang='lat' dir='ltr'><strong>codicibus.</strong></span> <span class='ocrx_word' id='word_1_201' title='bbox 570 4253 609 4318; x_wconf 90' lang='lat' dir='ltr'><strong>ln</strong></span> <span class='ocrx_word' id='word_1_202' title='bbox 637 4258 794 4339; x_wconf 86' lang='lat' dir='ltr'><strong>apparatu</strong></span> <span class='ocrx_word' id='word_1_203' title='bbox 823 4253 935 4318; x_wconf 90' lang='lat' dir='ltr'><strong>critico</strong></span> <span class='ocrx_word' id='word_1_204' title='bbox 964 4253 1159 4318; x_wconf 89' lang='lat' dir='ltr'><strong>adstruendo</strong></span> <span class='ocrx_word' id='word_1_205' title='bbox 1188 4252 1421 4320; x_wconf 87' lang='lat' dir='ltr'><strong>Mommsenius</strong></span> 
     </span>
     <span class='ocr_line' id='line_1_27' title="bbox 144 4357 1421 4447; baseline 0 -21"><span class='ocrx_word' id='word_1_206' title='bbox 144 4357 323 4426; x_wconf 87' lang='lat' dir='ltr'><strong>rectissime</strong></span> <span class='ocrx_word' id='word_1_207' title='bbox 342 4360 484 4444; x_wconf 92' lang='lat' dir='ltr'><strong>monuit,</strong></span> <span class='ocrx_word' id='word_1_208' title='bbox 500 4359 642 4445; x_wconf 88' lang='lat' dir='ltr'><strong>primum</strong></span> <span class='ocrx_word' id='word_1_209' title='bbox 661 4361 805 4425; x_wconf 86' lang='lat' dir='ltr'><strong>omniurn</strong></span> <span class='ocrx_word' id='word_1_210' title='bbox 824 4360 925 4425; x_wconf 91' lang='lat' dir='ltr'><strong>libros</strong></span> <span class='ocrx_word' id='word_1_211' title='bbox 944 4383 963 4424; x_wconf 91' lang='lat' dir='ltr'><strong>a</strong></span> <span class='ocrx_word' id='word_1_212' title='bbox 980 4360 1170 4445; x_wconf 87' lang='lat' dir='ltr'><strong>Byzantinis</strong></span> <span class='ocrx_word' id='word_1_213' title='bbox 1190 4361 1421 4447; x_wconf 87' lang='lat' dir='ltr'><strong>grammaticis,</strong></span> 
     </span>
     <span class='ocr_line' id='line_1_28' title="bbox 143 4465 1421 4552; baseline 0.002 -21"><span class='ocrx_word' id='word_1_214' title='bbox 143 4467 269 4532; x_wconf 85' lang='lat' dir='ltr'><strong>Thoma</strong></span> <span class='ocrx_word' id='word_1_215' title='bbox 290 4465 451 4552; x_wconf 84' lang='lat' dir='ltr'><strong>Magistro</strong></span> <span class='ocrx_word' id='word_1_216' title='bbox 474 4466 687 4551; x_wconf 91' lang='lat' dir='ltr'><strong>Moschopulo</strong></span> <span class='ocrx_word' id='word_1_217' title='bbox 710 4467 880 4552; x_wconf 85' lang='lat' dir='ltr'><strong>Triclinio,</strong></span> <span class='ocrx_word' id='word_1_218' title='bbox 904 4467 1119 4551; x_wconf 86' lang='lat' dir='ltr'><strong>interpolatos</strong></span> <span class='ocrx_word' id='word_1_219' title='bbox 1143 4491 1162 4531; x_wconf 94' lang='lat' dir='ltr'><strong>a</strong></span> <span class='ocrx_word' id='word_1_220' title='bbox 1184 4467 1347 4532; x_wconf 77' lang='lat' dir='ltr'><strong>veteribus</strong></span> <span class='ocrx_word' id='word_1_221' title='bbox 1370 4468 1421 4533; x_wconf 90' lang='lat' dir='ltr'><strong>in-</strong></span> 
     </span>
     <span class='ocr_line' id='line_1_29' title="bbox 143 4572 1420 4660; baseline 0.002 -23"><span class='ocrx_word' id='word_1_222' title='bbox 143 4573 308 4660; x_wconf 79' lang='lat' dir='ltr'><strong>tegrisque</strong></span> <span class='ocrx_word' id='word_1_223' title='bbox 328 4572 566 4658; x_wconf 85' lang='lat' dir='ltr'><strong>exemplaribus</strong></span> <span class='ocrx_word' id='word_1_224' title='bbox 584 4574 685 4659; x_wconf 90' lang='lat' dir='ltr'><strong>probe</strong></span> <span class='ocrx_word' id='word_1_225' title='bbox 704 4597 774 4639; x_wconf 87' lang='lat' dir='ltr'><strong>esse</strong></span> <span class='ocrx_word' id='word_1_226' title='bbox 794 4575 1048 4660; x_wconf 83' lang='lat' dir='ltr'><strong>distinguendos.</strong></span> <span class='ocrx_word' id='word_1_227' title='bbox 1078 4573 1138 4638; x_wconf 92' lang='lat' dir='ltr'><strong>Isti</strong></span> <span class='ocrx_word' id='word_1_228' title='bbox 1156 4574 1331 4660; x_wconf 85' lang='lat' dir='ltr'><strong>magistelli</strong></span> <span class='ocrx_word' id='word_1_229' title='bbox 1347 4598 1420 4640; x_wconf 91' lang='lat' dir='ltr'><strong>cum</strong></span> 
     </span>
     <span class='ocr_line' id='line_1_30' title="bbox 144 4670 1419 4767; baseline 0.001 -22"><span class='ocrx_word' id='word_1_230' title='bbox 144 4702 202 4745; x_wconf 90' lang='lat' dir='ltr'><strong>suo</strong></span> <span class='ocrx_word' id='word_1_231' title='bbox 218 4670 331 4745; x_wconf 56' lang='lat' dir='ltr'><strong>&#39;Marte</strong></span> <span class='ocrx_word' id='word_1_232' title='bbox 359 4681 490 4746; x_wconf 88' lang='lat' dir='ltr'><strong>scabros</strong></span> <span class='ocrx_word' id='word_1_233' title='bbox 517 4704 669 4747; x_wconf 87' lang='lat' dir='ltr'><strong>numeros</strong></span> <span class='ocrx_word' id='word_1_234' title='bbox 696 4681 845 4767; x_wconf 89' lang='lat' dir='ltr'><strong>expedire</strong></span> <span class='ocrx_word' id='word_1_235' title='bbox 874 4686 907 4746; x_wconf 89' lang='lat' dir='ltr'><strong>et</strong></span> <span class='ocrx_word' id='word_1_236' title='bbox 935 4681 1092 4745; x_wconf 87' lang='lat' dir='ltr'><strong>orationis</strong></span> <span class='ocrx_word' id='word_1_237' title='bbox 1120 4681 1237 4744; x_wconf 88' lang='lat' dir='ltr'><strong>menda</strong></span> <span class='ocrx_word' id='word_1_238' title='bbox 1260 4680 1419 4765; x_wconf 86' lang='lat' dir='ltr'><strong>expellere</strong></span> 
     </span>
     <span class='ocr_line' id='line_1_31' title="bbox 144 4785 1419 4874; baseline 0.001 -22"><span class='ocrx_word' id='word_1_239' title='bbox 144 4788 309 4853; x_wconf 85' lang='lat' dir='ltr'><strong>studerent</strong></span> <span class='ocrx_word' id='word_1_240' title='bbox 332 4810 404 4874; x_wconf 90' lang='lat' dir='ltr'><strong>nec,</strong></span> <span class='ocrx_word' id='word_1_241' title='bbox 432 4787 460 4851; x_wconf 90' lang='lat' dir='ltr'><strong>si</strong></span> <span class='ocrx_word' id='word_1_242' title='bbox 483 4810 604 4871; x_wconf 88' lang='lat' dir='ltr'><strong>paucos</strong></span> <span class='ocrx_word' id='word_1_243' title='bbox 628 4789 785 4872; x_wconf 86' lang='lat' dir='ltr'><strong>quosdam</strong></span> <span class='ocrx_word' id='word_1_244' title='bbox 806 4788 896 4853; x_wconf 89' lang='lat' dir='ltr'><strong>locos</strong></span> <span class='ocrx_word' id='word_1_245' title='bbox 920 4791 957 4851; x_wconf 93' lang='lat' dir='ltr'><strong>ut</strong></span> <span class='ocrx_word' id='word_1_246' title='bbox 980 4786 1016 4851; x_wconf 89' lang='grc' dir='ltr'><strong>Ο.</strong></span> <span class='ocrx_word' id='word_1_247' title='bbox 1035 4804 1072 4850; x_wconf 84' lang='lat' dir='ltr'><strong>xl</strong></span> <span class='ocrx_word' id='word_1_248' title='bbox 1092 4789 1120 4852; x_wconf 87' lang='lat'><strong>8.</strong></span> <span class='ocrx_word' id='word_1_249' title='bbox 1144 4785 1184 4851; x_wconf 89' lang='lat' dir='ltr'><strong>N.</strong></span> <span class='ocrx_word' id='word_1_250' title='bbox 1203 4806 1215 4851; x_wconf 92' lang='lat'><em>1</em></span> <span class='ocrx_word' id='word_1_251' title='bbox 1234 4790 1286 4853; x_wconf 73' lang='lat'><strong>52.</strong></span> <span class='ocrx_word' id='word_1_252' title='bbox 1309 4789 1419 4853; x_wconf 79' lang='lat'>11135.</span> 
     </span>
    </p>
   </div>
   <div class='ocr_carea' id='block_1_5' title="bbox 0 0 1708 5378">
    <p class='ocr_par' dir='ltr' id='par_1_6' title="bbox 0 0 1708 5378">
     <span class='ocr_line' id='line_1_32' title="bbox 0 0 1708 5378; baseline 0 1"><span class='ocrx_word' id='word_1_253' title='bbox 0 0 1708 5378; x_wconf 95' lang='lat' dir='ltr'><strong> </strong></span> 
     </span>
    </p>
   </div>
  </div>
 </body>
</html>
