3406 5378
279 323 341 387 108
745 328 894 379 emnam
912 329 1078 381 ammom

279 511 389 568 pompa
413 492 561 551 cantando
586 493 673 552 unice
701 494 871 571 conveniat,
895 514 981 554 omne
1006 514 1124 555 cannen
1150 497 1281 555 numeris
1305 499 1429 556 senariis
1452 491 1555 579 (ποσὶν

278 574 450 662 ἕξασήμοις)
470 582 630 658 temperari
648 583 711 642 veri
730 583 826 642 simile
845 587 898 643 est.
928 583 994 655 Qua
1012 586 1047 644 de
1067 603 1159 645 eausa
1176 605 1279 645 versus
1298 587 1373 646 sexti
1392 607 1461 646 cum
1480 589 1554 648 dua-

277 689 344 728 rum
368 674 472 746 pateat
494 671 544 730 via
568 671 748 732 divisionum

808 905 862 931 νυ
895 909 900 920 ’
933 881 1128 932 umus..-

277 991 446 1067 dipodicam
470 991 646 1052 divisionem
673 993 898 1068 praeferendam
921 993 1006 1070 duxi,
1030 993 1114 1051 etin
1138 1013 1226 1053 versu
1249 996 1354 1072 quinto
1378 997 1553 1056 dubitabam

278 1099 316 1138 an
339 1101 375 1138 er
397 1081 489 1140 variis
512 1081 690 1141 lectionibus
713 1100 763 1140 eae
793 1082 966 1161 selegerem,
998 1101 1074 1159 quae
1098 1082 1267 1158 dipodicam
1290 1086 1476 1145 scansionem
1500 1087 1552 1145 ad-

276 1170 439 1229 mitterent.
486 1170 613 1229 Maiores
637 1190 706 1230 vero
730 1171 924 1231 difficultates
953 1172 1076 1248 pariunt
1099 1171 1247 1247 tripediae
1271 1175 1463 1234 catalectieae
1486 1195 1553 1234 ver-

276 1278 364 1319 suum
394 1259 507 1337 quarti,
536 1259 667 1337 septimi,
696 1260 807 1338 octavi,
836 1280 964 1337 quorum
991 1279 1132 1320 versuum
1159 1262 1273 1337 primus
1301 1267 1331 1322 et
1359 1264 1467 1323 tertius
1495 1264 1554 1323 nisi

277 1348 416 1407 inanibus
444 1348 628 1424 temporibus
656 1348 779 1409 adscitis
802 1353 857 1408 ant
880 1349 970 1428 longa
993 1348 1077 1408 finali
1099 1350 1130 1408 in
1155 1350 1287 1426 spatium
1311 1369 1360 1411 sex
1384 1356 1554 1429 temporum

276 1438 422 1514 producta
446 1437 613 1514 dipodicam
638 1438 823 1497 scansionem
846 1457 905 1497 non
933 1439 1112 1516 admittunt,
1142 1439 1274 1498 medinm
1296 1441 1352 1500 hoc
1376 1442 1464 1500 modo
1487 1462 1552 1517 per·

275 1527 448 1586 cutiendum
472 1527 561 1586 duco:

684 1638 701 1660 a
727 1638 745 1660 υ
763 1636 799 1661 ..υ
816 1637 834 1661 υ
852 1628 886 1660 t..
942 1637 976 1660 -υ
994 1636 1012 1660 υ
1038 1639 1056 1660 2
1084 1638 1101 1659 υ

277 1723 376 1781 Minus
400 1722 476 1780 illud
500 1743 579 1800 curo,
603 1726 705 1781 utrum
728 1743 763 1782 ex
787 1722 903 1783 duobus
926 1723 1030 1799 primis
1054 1723 1208 1783 versiculis
1227 1743 1321 1783 unum
1341 1745 1458 1785 versum
1477 1726 1551 1786 duce

278 1811 407 1889 Bergkio
430 1812 608 1890 faciendum,
633 1830 670 1869 an
693 1812 823 1871 Pindaro
847 1812 999 1871 licentiam
1017 1831 1120 1871 versus
1144 1813 1174 1870 in
1199 1814 1373 1892 compagine
1395 1816 1552 1890 compositi

276 1899 405 1960 nominis
429 1893 668 1982 (principebus)
691 1900 770 1959 finiti
798 1901 1022 1960 condonandam
1047 1904 1078 1960 et
1099 1902 1226 1977 primam
1255 1904 1376 1981 longam
1399 1923 1458 1962 non
1483 1923 1552 1962 ana·

277 1989 386 2050 cresim
408 1990 458 2049 sed
481 1993 598 2066 partem
620 1990 734 2066 primae
758 1989 895 2066 dipodiae
919 1981 971 2070 (cf.
991 1991 1070 2049 Prel.
1089 2011 1117 2066 p.
1136 1984 1169 2070 n)
1193 2009 1255 2050 esse
1279 1992 1379 2051 ducas.
1413 1991 1552 2051 Ceterum

276 2078 419 2138 lectiones
442 2079 532 2137 huius
556 2079 703 2157 carminis,
730 2099 798 2138 cum
821 2079 852 2137 in
875 2079 984 2137 ultima
1006 2079 1119 2157 pagina
1142 2080 1250 2139 codicis
1274 2082 1428 2157 archetypi
1451 2101 1552 2140 exara-

278 2171 343 2226 tum
364 2168 479 2244 fuisset,
503 2168 563 2227 iam
582 2169 752 2245 antiquitus
776 2169 849 2228 adeo
873 2168 1012 2228 turbatae
1036 2174 1130 2247 erant,
1152 2172 1188 2227 ut
1210 2170 1327 2229 metrici
1345 2174 1468 2247 veteres,
1492 2191 1553 2248 qna

278 2259 364 2316 crant
386 2258 499 2336 ingenii
522 2257 737 2336 imbecillitate,
761 2277 880 2317 carmen
901 2277 960 2317 non
979 2258 1010 2315 in
1030 2259 1183 2333 stropham
1202 2261 1233 2316 et
1252 2259 1479 2337 antistropham,
1503 2261 1554 2319 sed

277 2346 308 2404 in
337 2346 411 2405 duas
439 2347 567 2423 impares
596 2347 734 2423 strophas
761 2346 936 2406 dividerent.
981 2347 1118 2423 Denique
1146 2367 1252 2406 moneo
1280 2348 1419 2407 carminis
1442 2349 1554 2426 insigni

277 2436 423 2494 suavitati
446 2440 477 2495 et
499 2435 665 2512 Lydiorum
684 2436 840 2495 modorum
858 2435 957 2495 decori
977 2428 1485 2515 (cf.Arist.polit.v1117p.1342¹'
1504 2431 1552 2517 30)

278 2545 413 2584 necnon
437 2525 562 2585 iuvenili
586 2526 679 2584 aetati
702 2525 824 2585 victoris
848 2544 1008 2601 puerorum
1032 2526 1155 2584 chorum
1178 2516 1309 2605 (παίδων
1329 2519 1430 2605 χορόν)
1456 2526 1552 2601 aptio-

277 2633 340 2672 rem
363 2615 455 2673 fuisse
479 2634 569 2690 quarn
592 2615 725 2675 virorum
750 2611 882 2693 (ἀνδρῶν
905 2606 1016 2693 χορόν).

437 2772 615 2853 Καφισίων
638 2769 770 2833 ὑδάτων
794 2772 944 2852 λαχοῖσαι
1247 2774 1327 2853 Στρ.
1350 2768 1394 2833 α’.

490 2877 559 2940 αἵτε
582 2879 690 2940 ναίετε
713 2878 922 2940 καλλίπωλον
945 2874 1062 2960 ἕδραν,

439 2980 463 3048 ὦ
488 2989 628 3067 λιπαρᾶς
651 2982 796 3066 ἀοίδιμοι
819 2984 983 3065 βασίλειαι

438 3090 576 3173 Χάριτες
596 3087 803 3174 Ὀρχομενοῦ,
826 3091 1038 3172 παλαιγόνων
1061 3094 1200 3154 Μινυᾶν
1223 3088 1404 3172 ἐπίσκοποι,
1450 3107 1465 3153 5
1499 3143 1505 3153 .

436 3194 542 3278 κλῦτ’,
565 3193 633 3260 ἐπεὶ
656 3197 805 3280 εὔχομαι·

491 3305 556 3367 σὺν
578 3303 641 3387 γὰρ
665 3303 723 3386 ὕμ·
736 3326 794 3386 μιν
816 3301 857 3366 τοί
879 3326 913 3367 τε
932 3291 1060 3387 Ιτεμιινδι
1083 3300 1138 3367 καὶ

280 3431 491 3439 ---—----...

349 3515 430 3550 vania
449 3514 552 3550 Laome.
581 3496 665 3550 Inscr.
685 3512 738 3551 em.
758 3497 793 3565 B,
810 3493 946 3569 ’Λοωπίχῳ
965 3492 1097 3583 (Ἀσωπίμ
1112 3497 1156 3564 Ε)
1171 3492 1337 3568 Ὀρχομενίαν
1352 3497 1460 3549 evaneat
1473 3495 1556 3548 παιδί

279 3567 443 3659 Κλεοδάμου
465 3568 573 3656 QDE,
591 3569 740 3693 praeterea
759 3567 823 3622 add.
839 3576 952 3621 νικῶντι
970 3566 1072 3657 τὴνῖοζ
1103 3566 1141 3623 et.
1161 3567 1191 3621 D
1209 3572 1307 3656 (=,A,
1328 3566 1428 3654 essex
1447 3565 1488 3630 οζ’
1509 3567 1556 3654 ξ),

280 3658 430 3766 maffia
446 3655 593 3765 {lidia
607 3639 856 3765 λδῖιαλλιλαᾟ
874 3638 979 3763 itt
995 3656 1087 3762 stt
1110 3635 1556 3763 ttttttttstthttt

278 3729 409 3837 iidiliter
432 3755 468 3821 -Ι
489 3731 662 3836 καλλίπωλον
685 3781 803 3836 ΒΟἸ);
833 3753 1002 3852 καλλίβωλον
1027 3727 1073 3848 (λδ,
1090 3730 1245 3848 ἀλαίαιαιια
1269 3777 1354 3834 schel.
1380 3810 1412 3818 -
1437 3749 1465 3834 a'
1483 3777 1555 3849 Ὀρχ.

279 3855 415 3910 BGDE:
431 3851 506 3924 Ἐρχ.
521 3871 555 3908 ex
574 3870 643 3907 recc.
659 3851 738 3906 codd.
754 3852 880 3916 Beeclrh;
899 3852 935 3906 cf.
948 3851 994 3905 I.1
1013 3867 1051 3918 sa,
1071 3851 1217 3918 antiquam
1236 3850 1355 3904 formam
1371 3848 1445 3921 Ἐρχ.
1461 3849 1556 3916 fuisse,

279 3929 419 3980 recentem
440 3923 512 3995 Ὀρχ.
536 3925 567 3977 in
594 3923 690 3978 Attica
722 3927 822 3991 quarte
853 3922 965 3977 saeculo
995 3925 1062 3976 ante
1092 3921 1153 3977 Chr.
1178 3925 1269 3975 ortam
1299 3938 1361 3975 esse
1387 3921 1468 3976 decet
1493 3921 1555 3976 Joh.

281 3997 409 4051 Schmidt
426 3996 458 4050 K.
475 3997 503 4050 Z.
523 3997 556 4050 N.
572 3995 602 4049 F.
621 4014 661 4048 111
674 4012 713 4049 sse
734 4026 766 4035 -
785 4001 810 4049 4.
831 3994 916 4064 lippia
935 3994 1090 4048 Hermann:
1114 3994 1180 4062 ὑμῖν
1198 3992 1226 4046 Β
1238 3994 1261 4046 0
1267 3993 1309 4061 D,
1329 3993 1380 4046 σὺν
1398 3991 1484 4061 ὔμμιν
1503 3992 1556 4061 γὰρ

280 4068 351 4123 coni.
370 4068 496 4136 Beeckh‚
523 4066 588 4121 vide
612 4066 721 4121 antistr.
741 4098 775 4106 -
795 4064 829 4120 ret
852 4084 881 4119 τε
903 4063 1010 4130 τερπνὰ
1034 4064 1104 4118 coni.
1124 4063 1278 4118 Hermann:
1303 4062 1337 4116 τὰ
1356 4064 1463 4132 τερπνὰ
1481 4063 1556 4132 BD,

352 4227 540 4265 ceuuannaau.
577 4227 603 4263 v.
624 4214 647 4264 1.
672 4205 840 4277 Καφισίων.
858 4250 863 4260 .
880 4249 886 4260 .
902 4205 1000 4275 ἕδραν
1020 4223 1092 4275 quac
1112 4206 1206 4260 sedem
1226 4205 1254 4259 in
1272 4205 1342 4275 ripis
1361 4205 1488 4275 Cephissi
1507 4204 1556 4258 du·

280 4283 362 4336 minis
382 4281 499 4335 sortitae
518 4279 640 4334 incolite.
669 4280 843 4335 Sententiam
863 4279 950 4349 igitur
969 4278 1105 4348 eptimam
1124 4277 1209 4331 lectio
1226 4281 1354 4346 λαχοῖσαι
1368 4277 1493 4346 praebet,
1508 4275 1556 4329 sed

280 4358 369 4408 metro
389 4355 417 4406 et
436 4351 516 4404 hiatu
540 4351 675 4405 orationis
694 4350 856 4405 coniectura
875 4349 1164 4418 1Βοοιδιίιίἰλαχολααν
1183 4348 1448 4403 commendatur-
1466 4344 1557 4401 καλλί-

280 4429 387 4478 πωλον·
414 4421 524 4492 epinice
548 4422 665 4476 carmini
684 4422 777 4475 minus
796 4420 953 4475 fertilitatis
972 4417 1162 4493 (καλλίβωλον)
1182 4420 1244 4473 laus
1264 4419 1395 4473 convenit
1413 4436 1497 4487 quam
1517 4417 1556 4470 rei

281 4494 425 4564 equestris.
464 4493 555 4547 Simili
579 4493 704 4563 epitheto
729 4495 853 4547 εδπὼλον
876 4491 920 4545 usi
942 4495 1007 4545 sunt
1025 4492 1105 4547 Hem.
1122 4496 1146 4546 li
1165 4508 1211 4547 eei.
1232 4495 1260 4544 H
1278 4508 1330 4559 ιιι,
1350 4490 1432 4559 Seph.
1450 4488 1502 4543 OC.
1518 4505 1556 4542 ιιι

281 4599 315 4607 -
334 4571 358 4621 3.
379 4562 557 4634 παλαιγόνων
576 4569 705 4620 Μινυᾶν·
726 4564 837 4633 Minyae
856 4563 962 4634 priscos
984 4563 1091 4617 incolas
1111 4562 1277 4618 Orchomeni
1296 4563 1381 4631 poeta
1402 4560 1482 4627 dixit,
1502 4559 1558 4612 Ho-

280 4637 414 4692 mericum
432 4639 529 4706 (8511)
545 4634 712 4706 Ὀρχομενὸν
730 4635 871 4691 Μινύειον
890 4637 1009 4688 secutus.
1048 4635 1207 4704 Minyarum
1227 4636 1321 4687 autem
1339 4630 1474 4712 populum
1490 4629 1557 4682 elim

280 4709 338 4763 late
361 4726 411 4779 per
434 4706 541 4762 insulas
565 4711 594 4761 et
617 4724 695 4761 eram
717 4706 852 4762 Graeciae
876 4704 1008 4759 diffusum
1032 4705 1119 4760 suiese
1143 4708 1172 4760 et
1197 4721 1260 4758 cum
1284 4702 1342 4757 alia
1364 4701 1469 4771 oppida
1498 4702 1558 4755 tum

282 4779 486 4836 Orchomenum
505 4783 534 4834 ct
552 4780 656 4834 Iolcum
677 4778 800 4833 tenuisse
819 4776 957 4832 Pindarus
977 4777 1092 4847 eiusque
1111 4776 1244 4846 aequales
1263 4772 1416 4829 credebant
1433 4804 1468 4812 -
