3406 5378
156 557 240 619 ἔνθα
263 577 320 639 μοι
343 553 505 640 ἁρμόδιον

155 662 292 726 δεῖπνον
314 665 525 746 κεκόσμηται,
547 663 642 747 θαμὰ
666 661 695 726 δ’
724 661 922 728 ἀλλοδαπῶν

153 769 214 833 οὐκ
237 767 407 854 ἀπείρατοι
431 769 527 853 δόμοι

154 874 235 940 έντί·
260 874 393 959 λέλογχε
417 873 453 939 δὲ
476 875 700 960 μεμφομένοις
723 875 839 952 ἐσλοὺς
862 876 954 960 ὕδωρ
978 887 1092 966 καπνῷ
1116 877 1232 963 φέρειν
1345 896 1379 942 35

99 997 133 1046 25
154 981 278 1047 ἀντίον.
321 981 432 1066 τέχναι
455 981 485 1046 δ’
514 981 634 1068 ἑτέρων
657 982 783 1070 ἕτεραι·

197 1091 259 1175 χρὴ
283 1087 314 1152 δ’
336 1088 373 1154 έν
397 1090 545 1167 εὐθείαις
567 1090 659 1167 ὁδοῖς
682 1095 852 1174 στείχοντα
876 1089 1068 1176 μάρνασθαι
1093 1101 1173 1177 φυᾷ.

151 1321 290 1407 πράσσει
313 1323 376 1407 γὰρ
400 1325 486 1410 έργςο
510 1321 571 1408 μέν
595 1322 731 1406 σθένος,
1175 1321 1257 1388 ’Aea
1281 1323 1324 1406 β’.

152 1432 307 1512 βουλαῖσι
332 1425 368 1492 δέ
392 1432 483 1513 φρὴν
507 1429 686 1514 ἐσσόμενον
708 1432 871 1516 προιδεῖν,
1342 1447 1377 1493 40

154 1532 311 1619 συγγενὲς
334 1527 384 1612 οἷς
407 1534 526 1601 ἕπεται.

147 1641 370 1728 Ἀγησιδάμαυ
393 1656 468 1727 παῐ,
491 1643 546 1709 σέο
571 1642 603 1708 δ’
629 1643 713 1730 ἀμφὶ
738 1648 847 1732 τρόπῳ

97 1767 132 1814 30
152 1761 220 1814 τῶν
243 1774 277 1815 τε
300 1749 354 1814 καὶ
378 1762 445 1815 τῶν
469 1755 608 1834 χρήσιες.

155 1858 215 1922 οὐκ
239 1861 356 1941 ἔραμαι
379 1861 488 1923 πολὺν
512 1857 548 1923 έν
570 1859 702 1946 μεγάρῳ
726 1865 871 1925 πλοῦτον
894 1861 1120 1945 κατακρύψαις
1143 1862 1243 1942 ἔχειν,
1343 1876 1388 1955 4ο

171 2075 213 2122 24.
234 2067 329 2131 ἐσλοὺς
342 2068 439 2123 Tricl.:
460 2069 536 2132 ἐσλὸς
550 2071 613 2123 BD
631 2070 707 2138 quod
727 2087 760 2124 ex
780 2070 898 2138 antiqua
917 2071 1055 2139 scriptura
1075 2072 1208 2124 ΕΣΛΟΣ
1225 2087 1276 2139 pro
1297 2070 1378 2132 ἐσλός

99 2166 132 2185 =
152 2139 259 2208 ἐσλούς,
285 2140 452 2194 remansisse
479 2140 548 2194 scite
574 2141 684 2194 monuit
709 2142 738 2194 in
764 2142 878 2195 scholiis
897 2142 1075 2196 Aristarchus
1099 2174 1133 2181 -
1157 2147 1200 2197 25.
1226 2140 1254 2195 δ’
1277 2141 1319 2196 ἔνι
1346 2138 1378 2194 δέ

98 2209 234 2337 ‘giff-
249 2211 422 2266 conieceram
449 2245 484 2251 -
513 2220 556 2267 31.
581 2213 683 2282 ἔραμαι
710 2213 790 2267 codd.
815 2217 844 2266 et
867 2213 966 2268 schol:
996 2213 1093 2283 ἔραται
1122 2213 1193 2268 coni.
1217 2212 1379 2284 Mingarelli

101 2426 136 2481 de
155 2443 184 2481 re
198 2426 341 2496 praesenti
356 2429 506 2495 usurpatus
522 2429 577 2493 est;
597 2428 632 2480 de
647 2427 770 2480 carmine
785 2430 850 2481 ante
865 2428 938 2481 fores
953 2427 1065 2481 aedium
1081 2429 1195 2481 cantato
1210 2428 1244 2480 cf.
1260 2427 1279 2480 l.
1295 2446 1343 2479 viu
1357 2443 1378 2481 a.

102 2498 218 2552 Poetam
238 2498 330 2568 ipsum
345 2498 418 2551 inter
432 2499 579 2553 choreutas
596 2498 680 2552 luisse
694 2515 727 2551 ex
742 2499 833 2580 prima
847 2516 966 2568 persona
980 2499 1058 2553 verbi
1074 2502 1192 2568 apparet
1206 2531 1240 2537 -
1254 2496 1378 2560 αὐλείαις

99 2570 215 2637 θύραις·
241 2571 340 2622 domus
360 2570 432 2623 fores
451 2571 621 2640 principales
650 2574 797 2639 oppositae
822 2574 887 2624 sunt
911 2569 1044 2639 ἐρκείαις,
1066 2571 1173 2623 loribus
1198 2569 1317 2635 stabuli3
1342 2571 1376 2623 cf.

99 2641 241 2710 Aristoph.
262 2659 336 2710 vesp.
359 2658 417 2696 rrae.
447 2642 509 2696 Eur.
529 2641 591 2696 Hel.
611 2658 657 2696 res.
683 2642 766 2710 Soph.
788 2645 850 2695 Ant.
867 2659 900 2696 ra.
920 2660 954 2697 aa.
979 2673 1011 2681 -
1036 2648 1077 2696 21.
1098 2640 1234 2711 ἁρμόδιον
1254 2645 1378 2708 δεῖπνον,

100 2715 132 2766 ut
155 2711 245 2778 ξείνια
269 2712 425 2783 ἁρμόζοντα
449 2715 478 2768 P.
499 2733 526 2766 iv
546 2732 597 2780 iss,
626 2718 691 2766 suut
714 2713 815 2781 epulae
837 2714 947 2783 largae,
971 2711 1102 2766 felicitati
1127 2712 1261 2781 temporis
1286 2715 1378 2782 aptae.

100 2784 267 2838 Cantoribus
291 2784 378 2852 enim,
406 2788 555 2853 postquam
578 2783 730 2852 epinicium
754 2788 819 2838 ante
847 2785 920 2838 fores
946 2785 1117 2853 cecinerant,
1146 2784 1226 2838 lauta
1249 2784 1379 2838 convivia

100 2856 231 2926 apparari
251 2856 393 2922 solebant;
413 2855 447 2910 cf.
463 2856 496 2910 N.
513 2875 540 2908 rr
555 2873 580 2910 co
600 2887 632 2894 -
653 2861 694 2909 23.
711 2853 800 2925 δόμοι,
820 2856 904 2909 aedes
919 2872 952 2909 ex
971 2855 1098 2925 pluribus
1118 2854 1300 2910 conclavibus
1315 2873 1379 2908 con-

99 2931 206 2981 stantes
231 2959 264 2966 -
288 2935 330 2980 2¹4.
352 2927 380 2979 in
402 2927 510 2980 difficili
531 2928 582 2979 hoc
602 2944 683 2980 versu
702 2926 869 2996 explicando
888 2930 996 2980 veteres
1020 2931 1048 2980 ot
1067 2931 1192 2981 recentes
1212 2927 1378 2995 interpretes

98 2998 129 3052 in
149 2999 274 3052 diversas
292 2998 353 3052 vias
374 2998 511 3052 abierunt.
544 3001 637 3065 Atque
656 3015 729 3067 quae
748 2998 862 3068 probari
881 3000 1023 3066 nequeunt
1041 3002 1074 3051 ut
1086 2998 1207 3068 primum
1221 2998 1379 3065 reiciamus,

100 3069 277 3124 accusativus
301 3069 395 3131 ἐσλοὺς
417 3086 473 3122 non
497 3069 618 3123 subiecti
643 3070 731 3123 vicem
756 3070 877 3136 obtinet,
906 3085 978 3137 quae
1001 3069 1104 3137 Heynii
1126 3069 1182 3122 fuit
1205 3069 1300 3138 opinio
1324 3068 1378 3122 hoe

99 3141 183 3195 modo
207 3141 294 3194 verba
317 3139 503 3194 construentis
527 3138 637 3210 λέλογχε
660 3143 725 3203 τοὺς
751 3140 845 3202 ἐσλοὺς
868 3139 966 3209 φέρειν
985 3141 1082 3194 ἀντίον
1107 3149 1165 3203 τοῖς
1191 3139 1379 3210 μεμφομένοις

99 3211 175 3279 ὕδωρ
194 3217 300 3284 καπνῷ,
320 3212 370 3266 sed
385 3210 488 3265 obiecti
504 3212 582 3266 verbi
596 3212 722 3281 proxime
738 3212 930 3265 antecedentis
945 3210 1140 3281 μεμφομένοις.
1169 3212 1277 3266 Deinde
1292 3213 1378 3266 verba

98 3283 243 3338 Plutarchi
262 3285 294 3338 fr.
310 3300 335 3338 cc
356 3284 416 3336 ‘cdv
430 3282 545 3351 φθόνον
565 3283 634 3337 ἔνιοι
652 3288 689 3355 τῷ
705 3289 803 3356 καπνῷ
823 3283 975 3347 εἰκάζουσι·
994 3285 1081 3347 πολὺς
1098 3283 1152 3370 γὰρ
1172 3283 1202 3336 ἐν
1220 3291 1278 3346 τοῖς
1296 3284 1378 3353 ἀρχο-

99 3354 192 3425 μένοις
206 3356 253 3422 dv,
269 3354 336 3408 όταν
352 3355 537 3424 ἐκλάμψωσιν1
549 3353 727 3423 ἀφανίζεται·
744 3354 841 3424 ἥκιστα
856 3363 926 3424 γοῦν
940 3364 998 3417 τοῖς
1011 3357 1207 3427 πρεσβυτέροις
1221 3355 1376 3423 φθονοῦσί

99 3430 150 3480 aut
171 3426 242 3479 nihil
267 3427 303 3479 ad
329 3426 547 3494 explicationem
569 3427 651 3479 huius
674 3426 730 3481 loci
753 3426 896 3495 pertinent
919 3429 969 3479 aut
992 3426 1046 3479 hoc
1071 3444 1157 3479 unum
1180 3425 1318 3493 efficiunt,
1347 3429 1379 3476 ut

98 3498 235 3552 invidiam
251 3516 313 3551 cunr
327 3499 404 3551 fumo
420 3516 437 3551 a
452 3498 566 3551 Graecis
582 3503 775 3566 comparatam
789 3515 850 3552 esse
864 3497 1072 3569 intellegamus.
1097 3498 1155 3551 Iam
1169 3497 1245 3564 quod
1256 3497 1376 3550 Aristar-

98 3569 167 3623 chus
186 3569 386 3637 interpretatus
405 3572 460 3636 est,
488 3569 732 3638 reprehensoribus
750 3569 888 3623 bonorum
907 3570 1081 3639 contingere,
1106 3572 1138 3622 ut
1155 3568 1262 3622 famam
1281 3586 1377 3623 eorum

99 3640 247 3694 calumniis
261 3641 339 3695 velut
353 3641 460 3693 fumum
475 3659 549 3709 aqua
564 3640 745 3710 exstinguant
758 3640 938 3711 (Ἀρίσταρχος
953 3639 1036 3694 ούτω·
1052 3649 1109 3702 τοῖς
1123 3639 1155 3693 δέ·
1169 3642 1235 3702 τοὺς
1248 3641 1377 3710 ἀγαθοὺς

97 3710 286 3782 μεμφομένοις
303 3721 385 3766 τοῦτο
404 3712 513 3782 λέλογχε
533 3715 580 3766 καὶ
600 3710 785 3780 ὑποκείμενόν
804 3712 886 3779 ἐστιν,
907 3709 967 3766 οἷον
986 3714 1146 3778 ἀκολουθεῖ,
1166 3711 1258 3781 ὥσπερ
1276 3716 1375 3784 καπνῷ

97 3780 173 3851 ἀδαρ
191 3783 290 3852 φέρειν
308 3781 407 3837 ἀντίον
421 3785 468 3837 καὶ
483 3783 706 3856 κατασβεννύναι
722 3783 818 3852 schol.)
834 3785 905 3837 nihil
920 3785 957 3837 acl
972 3784 1045 3836 huuc
1059 3784 1152 3836 locum
1167 3783 1279 3845 attinet,
1295 3800 1375 3853 prac-

98 3854 194 3910 sertim
220 3872 284 3907 cum
306 3858 390 3924 poeta
414 3873 470 3910 non
493 3874 522 3909 se
545 3859 691 3924 tamquam
712 3872 834 3922 aequum
855 3856 976 3908 iudicem
998 3854 1249 3908 calumniatoribus
1271 3854 1376 3908 invidis

98 3927 269 3997 opposuerit.
295 3928 397 3980 Verum
411 3928 498 3996 igitur
512 3928 616 3981 vidisse
635 3927 747 3980 videtur
761 3927 926 3980 Leutschius
942 3927 1095 3996 (Additum.
1111 3927 1148 3979 ad
1163 3925 1284 3980 Dissenii
1304 3943 1377 3979 com-

99 4001 183 4052 ment.
201 4004 269 4052 1865
288 4017 315 4066 p.
330 4002 361 4066 ι),
381 3999 429 4066 qui
449 3999 653 4068 vituperatores
668 3997 811 4052 hominum
827 3999 978 4067 proborum
992 4015 1051 4051 rem
1066 4015 1175 4051 cassam
1190 4014 1273 4066 agere
1289 4013 1379 4064 neque

99 4070 254 4139 quidquam
278 4071 387 4122 efficere
415 4069 471 4122 dici
495 4070 627 4138 opinatus
650 4072 701 4123 est.
745 4070 799 4123 Sed
823 4069 897 4123 unde
923 4069 992 4123 haec
1020 4069 1161 4123 sententia
1186 4067 1277 4122 verbis
1304 4066 1379 4136 ὕδωρ

99 4146 198 4213 καπνῷ
224 4140 323 4210 φέρειν
349 4141 484 4194 accessit?
513 4144 588 4195 certe
614 4158 671 4194 non
695 4141 770 4208 quod
797 4157 865 4195 voce
889 4149 1063 4195 aresceres
1082 4141 1148 4194 vilis
1168 4139 1381 4209 significabatur

99 4212 254 4283 (Lentem),
283 4213 332 4266 sed
359 4212 433 4280 quod
456 4213 548 4265 fumus
579 4230 654 4281 aqua
685 4213 831 4282 superfusa
863 4212 955 4281 magis
986 4215 1105 4284 augetur
1135 4228 1220 4279 quam
1246 4211 1381 4264 minuitur

100 4284 241 4366 (Μοτρετ),
263 4287 348 4352 ολιμιε
368 4282 427 4353 igni
447 4287 476 4337 et
495 4283 632 4353 aedificio,
652 4285 719 4337 dum
739 4284 827 4351 ardet,
848 4302 951 4352 aquam
970 4284 1081 4338 infundi
1096 4285 1214 4351 oportet,
1234 4298 1289 4335 non
1303 4283 1380 4337 fumo

100 4359 129 4410 et
147 4355 235 4409 ruinis
255 4355 376 4408 aedificii
395 4356 503 4407 fumum
522 4356 719 4411 exhalantibus
735 4388 767 4394 -
784 4362 825 4410 25.
840 4353 936 4426 τέχναι
954 4354 983 4409 δ’
1001 4354 1101 4423 ἑτέρων
1120 4353 1224 4420 ἕτεραι·
1245 4354 1279 4408 cf.
1295 4353 1332 4408 So
1353 4354 1380 4409 h.

99 4426 225 4481 Philia
244 4425 328 4496 τέχνα
347 4427 400 4495 γὰρ
419 4425 519 4495 τέχνας
537 4427 653 4498 προύχει
677 4460 710 4467 -
735 4433 777 4480 26.
801 4426 919 4495 πράοσει
938 4427 1003 4495 γὰρ·
1029 4425 1162 4481 conducit
1180 4426 1221 4480 rei
1239 4373 1380 4496 gerenXae

99 4498 192 4562 robur,
210 4497 251 4551 rei
271 4498 470 4551 deliberandae
491 4501 522 4552 ut
541 4500 636 4553 futura
650 4499 817 4568 praevideas
832 4498 993 4563 consilium
1014 4497 1183 4567 particulam
1197 4496 1251 4566 γὰρ
1267 4497 1303 4550 ad
1317 4502 1378 4570 φυᾷ

100 4569 197 4624 referri
217 4573 340 4639 oportet,
366 4570 440 4637 quod
459 4572 560 4623 natura
587 4570 637 4623 alii
657 4571 783 4624 homines
803 4571 902 4623 adres
922 4572 1033 4622 strenue
1053 4569 1191 4639 agendas,
1212 4567 1262 4621 alii
1282 4568 1318 4621 ad
1338 4585 1381 4621 res

101 4640 244 4694 subtiliter
263 4641 464 4694 examinandas
484 4641 545 4694 nati
566 4645 631 4695 suut
650 4674 682 4681 —
702 4650 736 4695 26
752 4662 772 4697 s,
793 4645 886 4695 utrum
911 4644 977 4693 ante
997 4638 1145 4710 ἐσσόμενον
1165 4656 1201 4692 an
1220 4643 1285 4707 post
1303 4650 1381 4705 προϊ-

100 4715 162 4767 δεῖν
175 4713 431 4794 interpungendum
445 4713 482 4765 sit
498 4713 655 4780 quaeritur3
671 4714 801 4782 equidem
816 4713 891 4781 quod
907 4711 1061 4781 simplicius
1076 4714 1119 4765 est
1132 4710 1268 4780 praetuli;
1284 4709 1381 4763 aduin-

101 4784 165 4838 brat-
180 4788 275 4837 autem
291 4784 428 4837 Pindarus
444 4784 621 4837 Homericum
637 4784 667 4838 έν
681 4784 734 4853 γὰρ
750 4785 826 4854 χερσὶ
840 4781 917 4845 τέλος
930 4782 1060 4853 πολέμου,
1080 4782 1169 4837 ἐπέων
1188 4781 1215 4834 δ’
1234 4781 1275 4835 ένὶ
1294 4783 1379 4854 βουλῇ

99 4856 142 4927 (ll.
161 4875 210 4907 xru
230 4860 287 4924 που).
