3406 5378
752 325 900 375 PINDARI
917 325 1084 377 ammom.

493 495 550 573 τεᾷ
573 494 672 551 τοῦτο
696 487 899 571 μιγνύμενον
923 489 1034 570 φρενί·

442 611 476 657 20
496 593 603 678 μάκαρ
628 590 664 657 δὲ
687 591 742 658 καὶ
765 602 842 669 νῦν,
865 598 999 669 κλεενᾶς
1021 593 1072 656 ὅτι
1366 610 1399 656 ‘25

495 695 592 784 εὖχος
614 701 678 783 ἤδη
700 701 789 786 παρά
813 699 991 775 Πυθιάδος
1013 700 1126 775 ἵπποις
1149 697 1233 763 ἑλὼν

497 806 624 884 δέδεξαι
648 807 745 871 τόνδε
767 817 880 891 κῶμον
903 804 1045 892 ἀνέρων,

1211 928 1280 995 ’Era
1304 929 1347 994 α’.

493 1038 716 1105 Ἀπολλώνιον
739 1041 884 1125 ἀθυρμα.
930 1049 976 1127 τῷ
1000 1055 1037 1104 σε
1059 1041 1103 1123 μὴ
1128 1036 1273 1121 λαθέτω,
1368 1056 1401 1102 30

497 1147 638 1235 Κυράνᾳ
661 1149 788 1229 γλυκὺν
811 1145 895 1231 ἀμφὶ
918 1156 1025 1211 κᾶπον

539 1252 736 1341 Ἀφροδίτας
759 1253 967 1338 ἀειδόμενον,

443 1379 476 1425 ‘25
495 1360 595 1426 παντὶ
618 1357 679 1445 μλν
701 1362 785 1426 θεὸν
807 1367 931 1425 αί-τιον
953 1360 1188 1447 ὑπερτιθέμεν,

497 1472 608 1552 φιλεῖν
633 1464 669 1532 δέ
693 1468 877 1554 Κάρρωτον
901 1465 986 1552 ἔξοχ’
1012 1465 1167 1551 ἑταίρων,

493 1574 529 1651 ὃς
552 1574 592 1639 οὐ
615 1576 676 1640 τάν
698 1573 894 1660 Ἐπιμαθέος
916 1576 1007 1657 ἀγων
1363 1592 1397 1639 35

494 1682 634 1758 ὀψινόου
654 1724 666 1731 -
685 1682 856 1769 θυγατέρα
879 1684 1050 1766 πρόφασιν
1068 1723 1082 1731 -
1102 1683 1269 1746 Βαττιδᾶν

494 1789 630 1874 ἀφίκετο
654 1791 777 1873 δόμους
799 1792 1079 1874 θεμισκρεόντων·

441 1915 475 1961 30
494 1896 562 1961 ἀλλ’
588 1896 839 1983 ἀρισθάρματον

493 2003 591 2067 ὕδατι
615 2006 803 2079 Κασταλίας
825 2003 922 2081 ξενω-
1363 2020 1398 2066 40

537 2109 611 2186 θεὶς
633 2109 732 2196 γέρας
754 2109 922 2195 ἀμφέβαλε
944 2121 1086 2175 τεαῖ-σιν
1108 2113 1239 2194 κόμαις,

282 2242 336 2248 --
387 2240 493 2247 -ψ-

352 2294 394 2342 22.
414 2285 510 2353 δέδεξο
526 2288 555 2341 D
571 2285 600 2339 in
618 2285 661 2341 lit.
678 2319 711 2326 -
726 2293 768 2339 23.
789 2305 818 2340 σε
838 2286 874 2356 μὴ
894 2285 965 2340 coni.
981 2286 1107 2342 Schmid:
1126 2285 1164 2356 μή
1183 2304 1213 2340 σε
1232 2287 1313 2341 codd.
1331 2320 1361 2327 -
1377 2293 1421 2341 24.
1441 2287 1557 2361 Κυράνᾳ

282 2359 407 2414 Schmid:
432 2357 541 2426 κυράνα
565 2358 645 2413 codd.
665 2360 694 2412 et
717 2357 812 2425 schol,
836 2358 972 2425 Κυράναν
995 2358 1066 2412 coni.
1087 2357 1227 2428 Hartung‚
1253 2357 1386 2426 Κυράνας
1405 2358 1558 2413 Schroeder

280 2431 376 2487 Jahrb.
397 2430 416 2486 f.
435 2429 507 2484 Phil.
528 2434 596 2483 1877
622 2449 649 2499 p.
669 2446 694 2484 si
723 2462 756 2469 -
784 2427 952 2498 ἀειδόμενον
979 2431 1006 2484 Β
1027 2431 1108 2484 CD:
1136 2429 1288 2499 ἀειδομένα
1317 2429 1419 2499 legisse
1447 2430 1558 2483 videtur

282 2503 444 2568 scholiasta,
460 2498 609 2571 ἀειδομένη
631 2502 669 2555 0⁸
684 2532 716 2541 ——
731 2506 774 2556 20.
789 2506 882 2569 φιλεῖν
897 2500 976 2555 codd.
992 2517 1054 2553 eum
1069 2500 1244 2556 Aristarcho:
1264 2498 1340 2571 φίλει
1354 2505 1420 2555 ante
1435 2501 1557 2554 Aristar-

281 2576 363 2628 chum
386 2573 535 2643 vulgatum
557 2572 644 2626 luisse
666 2574 808 2626 testantur
831 2571 939 2626 scholia
958 2605 992 2611 -
1011 2577 1053 2624 27.
1078 2571 1193 2641 έπιμηθ.
1213 2572 1293 2628 codd.
1314 2606 1347 2612 -
1372 2577 1414 2628 28,
1438 2571 1557 2636 ὀψινόου

281 2646 341 2714 (ὑφ.
363 2645 407 2714 01)
431 2646 457 2698 Β
470 2645 504 2699 0⁸
515 2645 552 2710 D,
571 2641 690 2709 όυινόον
709 2644 742 2711 Ρ,
766 2646 914 2712 utramque
937 2643 1086 2697 lectionem
1108 2646 1265 2713 agnoscunt
1288 2644 1374 2699 schol.
1393 2676 1428 2682 -
1447 2647 1557 2697 Βαττιδ.

283 2717 402 2771 Mosch.:
422 2717 549 2840 flastra}
563 2715 651 2770 BCD
665 2747 698 2755 -
717 2720 760 2768 29.
779 2716 898 2783 ἀφῖκται
916 2714 987 2771 coni.
1002 2714 1144 2768 Hermann
1163 2747 1197 2754 -
1216 2719 1327 2785 θεμικρ,
1343 2715 1413 2769 coni.
1428 2715 1558 2783 Hartung

282 2821 315 2829 —
335 2794 377 2843 31.
396 2789 501 2853 ξννωθ.
567 2818 600 2826 -

279 2932 444 3001 parientium
467 2930 615 2996 οομαοεοίίι
640 2960 670 2968 -
696 2934 738 2981 22.
767 2936 860 2998 κῶμον
885 2925 1005 2996 ἀνέρων·
1034 2945 1097 2982 cum
1122 2928 1196 2982 infra
1220 2946 1244 2982 v.
1266 2945 1304 2983 ros
1330 2930 1414 2999 poeta
1439 2930 1557 2983 eandem

281 3019 340 3056 rem
369 3001 461 3055 verbis
490 3002 574 3074 ἀοιδᾷ
599 2998 670 3053 νέων
694 2999 846 3069 significet,
870 2999 923 3053 viri
947 3016 1003 3054 non
1026 2999 1174 3054 iuvenibus
1194 3003 1223 3053 et
1240 3000 1347 3069 pneris,
1373 3000 1422 3053 sed
1440 3000 1557 3071 virgini-

283 3074 335 3126 bus
355 3076 384 3127 et
402 3071 514 3126 feminis
533 3071 585 3124 hoc
604 3070 665 3124 loco
684 3074 864 3141 opponuntur
878 3103 910 3111 -
926 3076 968 3126 23.
986 3069 1165 3126 Ἀπολλώνιον
1184 3071 1312 3140 ἄθυρμα·
1332 3070 1557 3125 comissationem

282 3145 353 3199 bene
378 3142 557 3213 Apollineum
580 3142 672 3195 lusum
702 3143 783 3211 dicit,
812 3142 887 3211 quod
915 3146 944 3197 et
972 3143 1058 3197 sacris
1086 3143 1225 3213 Apollinis
1254 3141 1367 3196 Carneis
1395 3144 1446 3195 fiat
1473 3146 1502 3196 ct
1530 3143 1557 3196 in

282 3216 415 3340 pauorem
439 3214 574 3283 Pythicae
597 3212 744 3281 victoriae;
769 3213 900 3268 similiter
922 3217 1020 3267 auctor
1042 3213 1229 3268 Anacreontei
1252 3231 1278 3269 σε
1297 3214 1369 3268 dixit
1384 3211 1558 3282 Ἀφροδίσιον

302 3291 342 3340 δν
402 3330 407 3339 .

344 3306 399 3410 opp
404 3375 439 3412 ss.
458 3356 562 3410 transit
581 3357 618 3411 ad
637 3373 751 3410 causam
770 3356 985 3424 comissationis,
1005 3356 1152 3410 victoriam
1171 3355 1337 3426 Delphicam
1356 3359 1415 3410 arte
1430 3356 1558 3409 Carrhoti

283 3429 399 3500 aurigae
409 3431 521 3499 partam
530 3461 565 3468 -
575 3434 617 3482 24.
627 3427 745 3501 Κυράνᾳ
755 3471 760 3482 .
770 3472 775 3482 .
786 3472 791 3482 .
801 3428 875 3496 ἀμφὶ
889 3437 981 3481 κᾶπον
993 3426 1163 3496 Ἀφροδίτας,
1171 3427 1285 3496 Cyrenis
1296 3427 1324 3480 in
1339 3428 1419 3481 horto
1428 3427 1556 3489 Veneris:

284 3500 401 3554 Veneris
420 3504 514 3554 autem
533 3500 645 3552 hortum
663 3516 762 3569 agnnn
777 3498 960 3567 Cyrenaicum
979 3498 1049 3553 dicit
1063 3500 1099 3553 ob
1114 3499 1314 3553 amoenitatem
1334 3502 1364 3552 ct
1381 3498 1557 3552 fertilitatem

283 3572 356 3638 eins;
376 3571 410 3627 cf.
426 3572 455 3626 P.
471 3591 498 3624 vr
514 3589 533 3627 ι.
548 3590 575 3624 1x
591 3589 615 3626 aa
631 3573 660 3624 et
674 3570 757 3652 Soph.
773 3572 804 3625 0.
820 3570 849 3624 C.
863 3588 902 3625 σοι
917 3603 951 3610 -
966 3576 1008 3623 26.
1028 3570 1185 3637 Κάρρωτος,
1202 3569 1247 3623 cui
1262 3573 1326 3640 post
1340 3570 1422 3623 deum
1437 3570 1558 3624 maxime

304 3642 404 3697 loriam
423 3642 558 3697 victoriae
578 3642 673 3696 deberi
693 3642 776 3710 dicit,
795 3641 944 3711 ambigunt
962 3645 1069 3696 veteres
1088 3641 1266 3710 grammatici
1286 3641 1439 3710 simplexne
1459 3642 1558 3711 auriga

283 3663 376 3782 litent,
396 3732 432 3767 an
451 3715 538 3769 frater
556 3713 650 3767 uxoris
664 3713 810 3781 Arcesilai,
829 3713 874 3766 cui
913 3715 1039 3766 caeterea
1056 3729 1156 3766 munus
1176 3712 1333 3765 iniunctum
1347 3712 1432 3766 suerit
1445 3713 1559 3767 colonos

283 3801 332 3856 per
351 3785 498 3840 Graeciam
516 3784 667 3855 colligendi
686 3785 716 3838 in
735 3783 874 3839 ‹zeloniam
892 3731 1077 3853 hesperidum
1096 3784 1287 3848 deducendos;
1311 3801 1428 3852 quamm
1448 3787 1557 3838 sentcn-

282 3857 386 3910 tinrum
410 3858 493 3911 alteri
517 3858 595 3911 favet
613 3860 642 3911 et
660 3856 764 3910 eximia
783 3857 858 3924 laus,
882 3872 938 3923 qua
956 3858 1041 3935 poeta
1060 3855 1149 3908 virum
1170 3855 1284 3909 minime
1304 3855 1447 3908 sordidum
1469 3860 1560 3922 ornat,

283 3932 312 3982 ct
337 3929 367 3982 id
394 3930 468 3998 quod
493 3929 576 3999 longe
602 3932 667 3998 post
691 3927 839 3982 victoriam
864 3924 981 3996 Delphis
1006 3930 1117 3996 partam
1143 3926 1213 3980 haec
1232 3926 1393 3980 comissatio
1412 3927 1488 3981 fricta
1507 3930 1557 3980 est.

284 4000 434 4055 Carrhotus
464 4000 537 4055 enim
561 4000 674 4053 domum
698 4016 754 4052 non
776 3998 893 4053 rediisse
915 3997 1039 4066 videtur,
1068 4000 1220 4066 antequam
1243 3998 1402 4052 colonorum
1427 3998 1557 4052 idoneum

283 4089 429 4125 nnmerum
448 4071 617 4141 collegisset.
651 4069 741 4134 Quid?
760 4070 835 4139 quod
854 4073 939 4140 poeta
957 4070 1017 4140 ipse
1035 4087 1092 4123 una
1110 4087 1173 4122 oum
1191 4068 1241 4123 illo
1261 4069 1383 4138 Cyrenas
1402 4070 1511 4124 venisse
1530 4074 1559 4123 ct

284 4143 314 4196 in
332 4143 432 4197 itincre
451 4143 488 4196 ab
507 4158 540 4196 eo
559 4141 735 4195 accuratiora
754 4142 787 4195 de
807 4141 1016 4195 discriminibus
1035 4140 1170 4194 victoriae
1190 4140 1331 4211 accepisse
1350 4141 1469 4197 videtur.
1506 4141 1557 4195 Mi-

283 4232 344 4267 rum
364 4217 459 4267 autem
478 4213 548 4266 illud
568 4216 624 4280 est,
644 4213 718 4282 quod
739 4212 846 4267 scholia
865 4229 898 4266 er
917 4212 1057 4267 Theotimi
1077 4212 1149 4266 libro
1168 4212 1203 4265 de
1222 4212 1305 4266 rebus
1324 4212 1484 4281 Cyrenaicis
1504 4230 1558 4266 non

284 4285 463 4348 Camhotnm,
490 4284 538 4337 scd
566 4284 741 4355 Euphemum
766 4283 905 4353 quendam
932 4300 1017 4352 equos
1041 4283 1145 4337 rexisse
1169 4286 1198 4337 et
1215 4283 1369 4337 Pindarum
1386 4284 1485 4338 laudes
1507 4285 1556 4337 Eu-

282 4356 377 4425 phemi
395 4356 425 4408 in
444 4355 608 4410 Carrhotum
622 4355 800 4409 transtulisse
815 4356 931 4409 traclunt
945 4388 978 4395 ·—
994 4360 1036 4408 27.
1055 4352 1226 4424 Ἐπιμαθέος
1242 4399 1247 4409 .
1264 4399 1269 4409 .
1287 4400 1292 4409 .
1308 4353 1463 4424 πρόφασιν·
1485 4355 1557 4408 conf.

284 4425 454 4497 Προμαθέος
479 4427 564 4489 αἰδώς
590 4427 621 4481 Ο,
641 4446 678 4479 vn
698 4445 732 4482 ιι.
770 4427 913 4496 Originem
939 4426 1059 4480 nominis
1086 4425 1244 4480 Promethei
1268 4444 1286 4480 a
1308 4427 1504 4496 prospiciendo
1531 4430 1560 4479 et

284 4498 441 4567 Epimethei
465 4514 482 4549 a
502 4497 671 4567 poenitendo
696 4498 853 4552 derivatam
877 4497 956 4551 norit
979 4497 1036 4550 iam
1060 4498 1198 4551 Hesiodus
1222 4514 1285 4568 opp.
1304 4516 1329 4552 ss
1354 4501 1382 4552 et
1405 4497 1498 4567 theog.
1519 4515 1559 4553 mo

283 4602 317 4609 —
336 4576 377 4623 29.
398 4566 633 4639 θεμισκρεόντων·
660 4570 797 4639 respicere
819 4569 931 4623 videtur
953 4569 984 4623 Ρ.
1004 4587 1030 4620 n'
1050 4585 1074 4621 ,τι
1094 4570 1195 4641 Φοῖβος
1218 4568 1337 4639 ἀμνάσει
1355 4567 1498 4637 θέμισσιν,
1527 4575 1560 4623 ut

285 4641 434 4694 Battiadae
458 4658 514 4694 non
537 4644 595 4694 tam
615 4641 721 4695 indicia
739 4658 866 4695 exercere
884 4658 968 4709 quam
987 4639 1112 4693 consiliis
1132 4640 1271 4710 Apollinis
1289 4656 1406 4711 regnare
1425 4641 1558 4694 dicantur

282 4718 374 4838 *sahi
393 4710 608 4782 ἀρισθάρματον
624 4759 628 4768 .
645 4757 650 4767 .
666 4757 671 4767 .
687 4712 778 4783 γέρας,
796 4713 908 4767 laudem
927 4711 1026 4782 optimi
1046 4729 1141 4765 currus
1161 4714 1314 4766 ceterorum
1335 4711 1461 4765 curribus
1475 4730 1557 4782 prae-

284 4803 297 4840 s
329 4804 348 4838 n
362 4802 386 4838 is
406 4816 438 4825 -
