3406 5378
288 363 352 426 246
756 366 911 417 rmosru
930 365 1096 417 semron.

338 526 393 592 καὶ
415 529 482 613 μὰν
505 527 525 592 ά
550 531 700 612 Σαλαμίς
723 550 758 609 γε
780 525 905 611 θρέψαι
928 537 1023 610 φῶτα
1044 525 1194 610 μαχατὰν

339 636 488 711 δυνατός.
536 633 572 699 έν
600 638 701 721 Τροίᾳ
724 631 784 717 μὲν
798 632 873 698 Ἔκ-

375 765 441 827 τιορ
466 747 610 817 Αἴαντος
634 739 756 805 ἐπάι·σ’·
781 737 805 806 ὦ

390 849 567 934 Τιμόδημε,
591 844 627 912 ol
651 845 683 911 d'
708 847 791 913 άλκά

290 974 321 1019 lo
341 958 545 1041 παγκρατίου
569 954 739 1039 τλάθυμος
762 953 854 1032 άέξει.

338 1168 493 1254 Ἀχάρναι
517 1166 553 1233 δὲ
575 1172 785 1253 παλαίφατον

342 1275 509 1362 εὐάνορες·
534 1275 616 1340 ὄσσα
639 1273 671 1338 δ’
696 1274 778 1360 ἀμφ’
804 1275 949 1359 ἀέθλοις,

347 1384 565 1468 Τιμοδημίδαι
589 1381 780 1465 ἐξοχώτατοι
803 1381 1029 1466 προλέγονται.

342 1490 432 1575 παρὰ
454 1487 515 1574 μὲν
537 1488 733 1573 ὑψιμέδοντι
757 1494 849 1572 Παρ-

388 1605 479 1684 νασρί
502 1595 661 1681 τέσσαρας
685 1594 716 1672 ἐξ
740 1594 818 1659 ἀέθ-

388 1709 456 1768 λων
479 1707 574 1779 νίκας
597 1701 762 1787 ἐκόμιξαν·

291 1829 324 1875 20
344 1810 426 1875 άλλά
450 1814 646 1895 Κορινθίων
668 1809 733 1874 ὑπὸ
757 1821 878 1893 φωτῶν

345 2023 381 2089 ἐν
403 2023 501 2089 ἐσλοῦ
527 2023 676 2098 Πέλοπος
697 2024 817 2098 πύλαις
1375 2029 1454 2108 Στρ.
1475 2021 1512 2087 ε’.

345 2131 429 2197 ὀκτὼ
453 2129 629 2216 στεφάνοις
652 2132 788 2214 ἔμιχθεν
811 2131 886 2212 ἤδη·

346 2236 425 2303 ἑπτά
449 2236 480 2302 δ’
507 2236 543 2302 ἐν
566 2235 691 2324 Νεμέᾳ,
716 2238 755 2300 τά
779 2235 810 2301 δ’
835 2244 921 2303 οίκοι
943 2237 1081 2322 μάσσον’
1108 2238 1265 2324 ἀριθμοῦ,
1533 2255 1566 2301 sa

365 2472 405 2520 14.
427 2463 520 2520 ἐπάισ’
546 2465 617 2520 coni.
637 2466 742 2537 Bergk:
767 2466 886 2521 ἄκουσεν
909 2467 989 2522 codd.
1019 2497 1050 2507 —
1082 2472 1122 2520 lt.
1141 2463 1285 2534 τλάθυμος
1304 2468 1342 2521 B:
1366 2467 1458 2537 θυμὸς
1476 2466 1506 2520 D
1533 2498 1566 2508 -

293 2543 334 2592 16.
354 2535 534 2606 παλαίφατον
548 2538 576 2591 Β
582 2538 623 2604 D,
642 2540 815 2605 παλαίφατοι
835 2554 868 2591 ex
887 2537 997 2592 novicio
1017 2537 1113 2591 codice
1131 2537 1244 2591 Boeckh
1264 2570 1296 2578 -
1318 2543 1357 2591 19.
1377 2537 1455 2606 παρὰ
1470 2536 1567 2593 Trici:

292 2613 349 2676 πὰρ
372 2610 439 2663 BD
462 2641 495 2648 -
518 2613 669 2680 παρνασσρί
693 2610 770 2675 ΒΙ),
799 2609 870 2663 conf.
890 2608 921 2663 O.
941 2628 968 2661 rx
987 2625 1014 2664 43
1033 2641 1065 2648 -
1091 2615 1133 2661 21.
1157 2611 1270 2670 πυλαιςε
1298 2617 1415 2677 πτυχαῖς
1439 2608 1518 2664 codd.
1539 2612 1568 2663 et

293 2680 393 2748 schol,
421 2687 529 2750 μυχοῖς,
563 2682 623 2732 tum
655 2679 757 2742 πύλαις
789 2679 858 2734 coni.
884 2680 993 2733 Hecker
1022 2712 1052 2719 -
1083 2686 1125 2733 23.
1154 2681 1279 2748 ἀριθμοῦ
1308 2679 1360 2735 Bi:
1389 2681 1501 2752 ἀριθμῷ
1529 2680 1567 2748 D,

292 2753 405 2821 ἀριθμῶ
423 2752 466 2805 Β*
484 2783 519 2792 -

292 2891 388 2963 δρείαν
402 2891 626 2962 προσηγόρευσεν
641 2893 738 2946 είπάιν·
759 2891 891 2956 Μαιάδος
910 2889 1021 2960 οὐρείας
1040 2891 1266 2966 ἑλικοβλεφάρου,
1295 2890 1475 2963 κατὰλόγον·
1496 2891 1567 2963 αὕτη

292 2966 346 3035 γάρ
362 2966 530 3031 “Κυλληνης
549 2963 580 3018 ίν
598 2963 690 3032 ὄρεσσι
709 2964 780 3017 θεὸν
799 2964 908 3031 κήρυκα
921 2962 979 3034 τίχ’
994 2962 1135 3034 Ἑρμήν”.
1164 2963 1301 3018 Pindarus
1316 2964 1377 3034 ipsa
1391 2963 1519 3018 fabulam
1532 2965 1568 3019 de

293 3036 394 3091 Orione
405 3051 467 3088 cum
478 3052 527 3088 suo
537 3051 606 3089 cane
616 3034 761 3089 Pleionam
771 3039 896 3090 amatam
910 3039 1093 3105 persequente
1104 3035 1133 3089 in
1143 3034 1322 3104 dithyrambo
1335 3035 1478 3102 tractavit,
1487 3036 1567 3090 cuius

292 3106 423 3160 laciniam
447 3106 489 3175 (fr.
510 3109 546 3176 τι)
570 3106 678 3160 scholia
702 3111 848 3161 servarunt
877 3139 909 3146 -
939 3113 980 3161 12.
995 3111 1122 3174 νεῖσθαι,
1147 3106 1233 3174 verti3
1258 3107 1292 3160 cf.
1313 3107 1503 3233 Lampgoclem
1522 3124 1567 3178 ap.

1416 3177 1458 3245 ίρι
1472 3182 1568 3233 κεῖσθε

294 3282 326 3290 -
348 3255 388 3302 13.
409 3258 489 3317 φῶτα
507 3247 650 3318 μαχατάν·
670 3248 705 3304 cf.
720 3249 845 3319 μαχητὰς
864 3248 980 3319 ἔμμεναι
998 3248 1105 3316 ἄνδρας
1119 3249 1198 3304 Hom.
1214 3267 1230 3303 σ
1244 3266 1283 3304 τοο
1298 3282 1331 3290 -
1348 3255 1381 3303 13
1392 3267 1427 3304 ss.
1443 3251 1569 3317 Σαλαμίς

293 3340 323 3390 γε
342 3318 453 3389 θρέψαι
473 3317 668 3402 ...Ἀχάρναι
685 3321 866 3390 παλαίφατον
885 3320 1029 3390 εὐάνορες·
1048 3320 1146 3375 laudes
1166 3320 1283 3375 duorum
1301 3321 1426 3375 locorum
1443 3320 1485 3374 ita
1502 3337 1568 3375 con·

292 3391 450 3457 cinnamns,
481 3395 514 3443 ut
538 3390 731 3445 Timodemum
760 3390 901 3445 Salamine
931 3392 1093 3460 educatum,
1122 3391 1260 3447 Acharnis
1287 3396 1386 3446 natum
1414 3407 1473 3445 esse
1502 3408 1568 3446 con·

292 3463 423 3529 iciamus;
447 3462 634 3515 Achemensis
654 3462 832 3517 Timodemus
854 3463 1019 3534 perhibetur
1040 3464 1071 3516 in
1093 3463 1177 3518 titulo
1197 3463 1291 3519 Attico
1314 3463 1390 3517 Old.
1409 3482 1430 3515 11
1446 3479 1504 3519 ιιιτ.
1534 3495 1567 3505 -

294 3539 336 3589 14.
358 3531 451 3588 ἐπάισ’
472 3533 547 3601 quod
566 3533 642 3587 felici
662 3533 790 3588 acumine
805 3534 942 3603 Bergkius
957 3534 1083 3589 restituit
1097 3538 1125 3589 et
1139 3535 1226 3590 etiam
1240 3534 1270 3588 in
1284 3533 1425 3604 Aristoph.
1441 3551 1500 3588 ran.
1516 3552 1569 3590 rore

292 3605 349 3671 (ἐπὶ
371 3603 436 3676 νίκῃ
459 3605 530 3658 δίαν
552 3621 602 3675 pro
626 3602 702 3673 ἡνίκ’
723 3604 840 3674 ἥκουσα)
863 3606 1068 3660 restituendum
1091 3623 1151 3661 esse
1174 3606 1281 3672 iudico,
1305 3604 1465 3660 illustratur
1486 3622 1567 3660 versu

292 3675 440 3730 Homerico
454 3682 477 3729 Λ
492 3692 532 3730 σοι
554 3677 598 3730 τοί
612 3674 714 3747 ιίπποι)
729 3675 760 3731 dl
775 3682 881 3747 πληγῆς
894 3678 1004 3739 ἀΐοντες
1023 3674 1104 3748 ὁίμφ’
1126 3677 1228 3747 ἔφερον
1245 3676 1318 3731 θοδν
1337 3675 1420 3747 άρμα,
1449 3677 1569 3747 Egregie

294 3752 387 3801 autem
412 3746 507 3801 inveni
530 3749 615 3816 poeta
633 3747 778 3802 blanditus
802 3751 857 3816 est,
877 3749 952 3817 quod
977 3765 1041 3802 eum
1060 3766 1123 3802 cum
1141 3748 1227 3803 Aiace
1251 3747 1334 3803 heroe
1358 3747 1516 3818 composuit
1535 3781 1568 3791 -

294 3824 335 3873 16.
364 3816 558 3887 παλαίφατον
593 3817 646 3872 hoc
674 3818 818 3873 addidisse
846 3823 958 3888 poetam
991 3821 1130 3890 suspicor,
1166 3819 1240 3888 quod
1267 3819 1460 3873 Acharnarum
1487 3822 1569 3874 vetus

293 3890 369 3943 sama
394 3888 460 3957 luit,
486 3889 700 3944 Salaminiorum
725 3890 814 3944 virtus
839 3908 927 3959 nuper
949 3908 1045 3973 pugna
1070 3889 1225 3945 Salaminia
1249 3891 1430 3961 comprobata
1458 3889 1514 3944 fuit
1535 3923 1568 3933 -

295 3967 335 4015 17.
356 3960 424 4014 ὅσσα
443 3959 471 4015 δ”
493 3959 566 4030 ἀμφ’
587 3961 712 4025 ἀέθλοις·
737 3963 812 4030 quod
832 3961 868 4015 ud
887 3965 1041 4016 certamina
1060 3961 1177 4027 attinet3
1201 3961 1235 4016 cl.
1255 3962 1286 4016 Ο.
1306 3980 1369 4016 rros
1388 3994 1420 4003 -
1442 3967 1483 4016 19.
1503 3963 1568 4028 ὑψι-

293 4030 420 4101 μέδοντα
449 4031 534 4087 schol.
564 4042 787 4114 καταχρηστικῶς
810 4034 874 4088 ἀντί
896 4042 946 4086 τοῦ
972 4034 1094 4102 ὑψηλοῦ·
1123 4032 1226 4088 rectius
1253 4035 1375 4087 montem
1399 4034 1570 4088 Parnassum

294 4104 376 4157 deum
396 4121 414 4156 a
432 4105 517 4173 poeta
535 4103 603 4172 fingi
622 4104 698 4157 drces
717 4121 750 4158 ex
769 4104 828 4158 alto
847 4104 991 4158 cacumine
1010 4103 1039 4156 in
1059 4103 1222 4159 humiliores
1235 4104 1361 4174 regiones
1377 4104 1569 4160 dominantem

295 4206 327 4215 -
352 4181 393 4226 21.
414 4175 540 4236 Πέλοπος
563 4175 674 4236 πύλαις·
699 4176 826 4229 codicum
850 4175 998 4229 lectionem
1018 4184 1135 4245 πτυχαῖς
1159 4174 1312 4230 defendunt
1335 4175 1474 4229 similibus
1493 4175 1569 4231 locu-

294 4244 418 4299 tionibus
440 4242 549 4300 Πίνδου
575 4245 605 4299 ἐν
629 4254 746 4318 πτυχαῖς
769 4247 798 4301 Ρ.
818 4264 900 4307 1115.
923 4249 1071 4314 Κρισαίαις
1093 4256 1212 4317 πτυχαῖς
1230 4247 1259 4302 P.
1274 4266 1301 4299 vr
1316 4263 1348 4301 ιιι.
1387 4249 1425 4300 At
1447 4251 1479 4300 ut
1497 4247 1569 4303 bene

294 4314 436 4369 convalles
451 4319 480 4369 et
494 4315 583 4369 saltus
602 4318 740 4371 montium
755 4317 838 4372 Pindi
852 4320 882 4372 et
894 4317 1026 4371 Parnassi
1040 4317 1144 4387 πτυχαί
1164 4319 1262 4373 ‘flexus
1277 4317 1406 4371 tortuosi'
1429 4318 1568 4387 dicuntur,

295 4387 336 4440 ita
355 4386 447 4439 minus
467 4388 611 4442 commode
630 4388 722 4459 campi
741 4389 852 4456 Isthmi;
872 4406 926 4457 quo
946 4405 1009 4442 cum
1024 4390 1149 4457 accedat,
1168 4389 1243 4458 quod
1258 4388 1331 4443 aliae
1345 4406 1375 4444 re
1398 4389 1474 4444 'ones
1488 4389 1569 4445 Pelo·

294 4457 411 4528 ponnesi
434 4458 523 4512 multe
552 4459 645 4529 aptius
669 4477 753 4528 quam
777 4459 910 4514 lsthmica
929 4459 1055 4522 Πέλοπος
1080 4464 1187 4531 πτυχαί
1207 4460 1348 4528 dicantur,
1371 4460 1383 4515 i
1406 4461 1445 4514 ud
1467 4478 1570 4516 nomen

294 4528 485 4598 recipiendum
500 4529 576 4596 duxi,
595 4531 670 4599 quod
688 4532 787 4584 Isthmi
806 4531 948 4602 proprium
968 4533 1012 4584 est
1030 4535 1058 4585 et
1076 4532 1163 4586 etiam
1178 4531 1291 4602 Bergkii
1307 4549 1343 4602 ap
1363 4531 1475 4587 lausum
1488 4533 1570 4600 tulit;

294 4601 365 4654 bene
388 4599 463 4655 enim
482 4600 636 4656 scholiasta
655 4602 692 4655 ad
710 4603 730 4657 I.
750 4622 770 4655 11
785 4620 809 4657 re
829 4601 992 4656 Corinthum
1010 4602 1099 4667 πάλας
1116 4612 1165 4673 της
1183 4606 1330 4658 Πελοπσνν
1351 4622 1401 4659 σου
1420 4603 1503 4671 dicit,
1527 4621 1569 4658 se·

294 4674 375 4726 cutus
394 4670 473 4726 Pind.
494 4672 522 4726 P.
543 4693 569 4726 rx
585 4690 618 4726 sc.
638 4692 686 4726 x111
700 4690 720 4728 σ.
740 4673 774 4727 N.
789 4694 805 4726 r
821 4690 845 4728 ιι
865 4675 894 4727 et
912 4672 1042 4741 Bacchyl.
1061 4673 1093 4728 ir.
1115 4691 1125 4728 ι
1145 4671 1166 4729 ὦ
1190 4673 1316 4738 Πέλοπος
1338 4680 1457 4745 λιπαρᾶς
1480 4674 1570 4730 νάσου

294 4741 450 4833 θεόδματοι
468 4745 554 4797 πάλαι
582 4777 614 4785 -
644 4750 687 4799 24.
707 4745 774 4807 Διὸς
796 4747 885 4812 ἀγῶνι
903 4744 940 4798 ad
964 4743 1033 4799 ἑπτὰ
1056 4743 1085 4799 δ’
1111 4744 1141 4800 δν
1164 4744 1262 4821 Nscio
1285 4746 1327 4800 ita
1348 4747 1451 4815 refero,
1479 4750 1512 4800 ut
1533 4747 1569 4801 τά

295 4813 322 4869 δ’
349 4830 422 4869 orsos
445 4813 564 4886 μάσσον’
594 4817 720 4886 ἀριθμου
743 4814 906 4889 parenthesi
933 4815 1082 4871 interiecta
1109 4832 1169 4871 esse
1197 4815 1306 4873 ducam.
1348 4817 1476 4889 Namque
1502 4834 1569 4873 num

293 3178 391 3231 Athen.
409 3196 436 3230 τι
449 3195 476 3247 p.
492 3194 551 3231 roro
570 3176 604 3231 de
619 3177 793 3233 Pleiadibns:
810 3177 846 3231 αί
855 3197 883 3232 τε
898 3186 1034 3242 ποταναῖς
1048 3177 1189 3248 ὁμώνυμοι
1203 3176 1347 3233 πελειάσιν
1361 3199 1378 3231 α
