3406 5378
739 289 887 341 PINDARI
904 288 1072 340 EPlNICIA.

433 450 504 519 ὁδ’
532 449 583 536 ἄρ’
611 450 647 516 ἐν
671 455 762 538 Πίσᾳ
786 453 897 526 ἔλσαις
920 451 999 514 ὅλον
1022 470 1056 512 τε
1080 447 1221 534 στρατὸν
1268 449 1348 530 Στρ.
1372 444 1416 528 γ’.

430 561 528 622 λαίαν
550 581 585 623 τε
608 566 718 622 πᾶσαν
741 558 825 632 Διὸς
848 559 983 640 άλκιμος

350 681 385 727 45
430 665 504 740 υίὸς
527 671 698 749 σταθμᾶτο
723 665 842 742 ζάθεον
865 665 964 739 άλσος

485 769 585 856 πατρὶ
608 773 759 858 μεγίστω.
804 767 880 854 περὶ
903 766 941 833 δὲ
962 769 1023 833 πά-

484 874 555 953 ξαις
568 875 684 941 ’Ἁλτιν
707 873 767 961 μὲν
791 874 839 958 ὅγ’
868 875 904 940 ἑν
927 881 1065 962 καθαρῷ

433 982 593 1068 διέκρινε,
616 985 654 1048 τὸ
678 980 714 1048 δὲ
738 984 848 1070 κύκλῳ
871 982 974 1048 πέδον

431 1093 532 1173 ἔθηκε
554 1092 683 1177 όόρπου
707 1091 818 1172 λύσιν,

431 1199 583 1281 τιμάσαις
605 1200 711 1284 πόρον
731 1194 872 1281 Ἀλφεοῦ

431 1411 511 1496 μετὰ
534 1407 652 1474 δώδεκ’
678 1409 830 1475 ἀνάκτων
853 1415 957 1474 θεῶν·
980 1405 1035 1472 καὶ
1058 1407 1166 1489 πάγον
1240 1403 1324 1471 Ἀντ.
1348 1404 1391 1488 γ’.

433 1520 568 1601 Κρόνου
591 1515 875 1602 προσεφθέγξατο·
898 1517 1026 1600 πρόσθε
1048 1514 1111 1600 γὰρ
1429 1530 1462 1576 60

433 1626 622 1708 νώνυμνος,
647 1619 685 1700 ἇς
710 1625 875 1707 Οἰνόμαος
898 1617 992 1708 ἆρχε,

487 1729 620 1815 βρέχετο
643 1735 749 1816 πολλᾷ
772 1731 899 1814 νιφάδι.
922 1730 1000 1794 ταύ-

485 1862 526 1924 τᾳ
549 1835 581 1900 d’
608 1836 644 1901 έν
666 1839 867 1923 πρωτογόνῳ
890 1841 1003 1922 τελετᾷ

433 1943 601 2030 παρέσταν
624 1940 684 2027 μὲν
708 1945 772 2028 άρα
794 1947 924 2029 Μοῖραι
947 1944 1066 2026 σχεδὸν

432 2049 450 2113 ό
474 2046 501 2112 τ’
529 2046 706 2131 ἐξελέγχων
729 2051 831 2132 μόνος

432 2155 595 2220 ἀλάθειαν
618 2154 780 2240 ἐτήτυμον

354 2386 388 2434 55
434 2371 569 2454 Χρόνος.
615 2369 652 2433 τὸ
676 2364 713 2432 δὲ
737 2364 883 2452 σαφανὲς
909 2368 971 2432 ἰὼν
1256 2366 1323 2432 Ἐπ.
1347 2366 1391 2451 γ’.

486 2479 599 2561 πόρσω
621 2473 843 2559 κατέφρασεν,

434 2583 497 2647 όπα
519 2583 582 2647 τὰν
604 2580 760 2665 πολέμοιο
784 2581 880 2645 δόσιν

276 2726 489 2735 -—-..-—.-———-—-

345 2817 387 2866 43.
409 2807 471 2878 άρέ
492 2807 529 2863 ἂν
543 2811 569 2864 A
589 2839 622 2849 -
641 2806 727 2862 πίσσα
748 2807 822 2862 0-
841 2805 925 2870 ἐάσας
938 2809 966 2862 Α
985 2837 1018 2847 -
1037 2825 1068 2861 ra
1086 2823 1139 2862 om.
1156 2807 1180 2862 0
1195 2838 1230 2848 —
1248 2813 1290 2863 45.
1306 2803 1377 2862 ’λλιν
1390 2825 1417 2863 v.
1432 2807 1450 2862 l.
1465 2807 1552 2864 schol.

276 2913 309 2923 -
334 2888 376 2935 46.
399 2879 488 2934 πέδον
512 2880 599 2949 ἔθηκε
623 2878 719 2934 Tricl:
745 2877 871 2932 δάπεδον
894 2882 967 2948 θῆκε
991 2879 1052 2933 AB
1060 2879 1114 2934 OD
1136 2909 1172 2919 —
1195 2884 1237 2934 48.
1261 2878 1401 2949 τιμάσαιςι
1425 2880 1553 2949 ἀγάλλων

275 2952 346 3007 coni.
370 2952 526 3018 Hermann3
552 2951 586 3005 of.
606 2969 631 3005 v.
650 2967 676 3004 οο
699 2981 735 2990 -
758 2955 800 3005 49.
827 2950 937 3003 δώδεκα
961 2947 988 3004 d’
1011 2951 1040 3005 D
1063 2980 1096 2989 -
1122 2949 1264 3005 άνάκτωνε
1290 2949 1446 3004 ἀθανάτων
1471 2952 1494 3006 O
1517 2982 1553 2991 —

275 3031 317 3078 61.
337 3024 481 3092 νώνυμνος
496 3024 579 3093 Byaz
598 3022 724 3091 νώνυμος
740 3021 802 3089 OD,
821 3022 896 3075 νὼνν
917 3040 951 3075 ον
965 3022 1025 3076 AB
1041 3053 1077 3061 -
1095 3025 1208 3076 τελευτά
1225 3022 1248 3076 0
1263 3023 1292 3074 et
1310 3021 1413 3075 lemma
1431 3021 1461 3075 in
1476 3023 1504 3076 A
1518 3053 1552 3063 -

275 3101 317 3149 63.
336 3092 377 3148 r’:
398 3092 426 3147 δ’
447 3095 476 3147 et
494 3092 595 3146 deinde
614 3091 713 3163 χρόνος
730 3090 794 3147 τόδε
810 3091 880 3148 coni.
896 3042 1026 3161 iiartung
1040 3095 1069 3147 et
1082 3076 1215 3162 probavit
1232 3092 1315 3161 Leop.
1332 3092 1466 3160 Schmidt,
1485 3093 1551 3148 Leb.

274 3165 354 3220 Pind.
374 3183 401 3234 p.
416 3181 455 3220 soa
474 3195 507 3205 -
532 3170 574 3218 66.
601 3166 632 3218 τὸ
659 3161 686 3218 d'
709 3163 739 3218 ἐσ
757 3161 867 3234 ἀφανὲς
888 3163 943 3219 01)
963 3197 991 3203 -
1014 3169 1056 3219 56.
1075 3162 1207 3234 πολέμοιο
1226 3180 1260 3218 ex
1279 3181 1347 3219 oorr.
1367 3165 1403 3234 A,
1421 3161 1553 3235 πολέμιος

274 3238 356 3292 Aac?
378 3266 414 3276 ..

346 3384 381 3433 43
397 3395 432 3434 ss.
452 3377 556 3448 primos
575 3376 656 3432 ludos
672 3376 833 3448 Olympieos
849 3377 884 3431 ab
899 3377 1020 3432 Hercule
1039 3377 1129 3432 laotos
1149 3376 1264 3447 exponit
1283 3409 1316 3418 -
1336 3382 1371 3431 45
1387 3395 1421 3432 ss.
1442 3394 1553 3433 sacrum

274 3450 375 3520 locum,
395 3466 478 3519 quem
496 3449 629 3503 Hercules
649 3448 709 3503 Iovi
724 3448 925 3503 dimetiebatur
939 3452 1104 3518 (σταθμᾶτο,
1119 3448 1154 3502 cf.
1169 3446 1299 3519 τέμενος),
1315 3448 1390 3518 quod
1405 3449 1552 3504 arboribus

279 3521 346 3576 olim
366 3520 490 3576 consitus
510 3523 579 3588 erat,
603 3520 685 3583 άλσος
703 3523 789 3590 poeta
807 3518 891 3585 dixit,
917 3521 977 3574 eius
997 3519 1066 3573 duas
1085 3522 1179 3589 partes
1198 3519 1341 3588 distinxit,
1359 3518 1460 3588 Ἄλτιν,
1480 3537 1553 3590 quae

274 3592 389 3664 proprie
412 3591 486 3646 Iovis
510 3592 679 3660 deorumque
703 3608 783 3645 saera
806 3590 879 3661 palis
899 3608 916 3644 a
935 3593 1029 3645 cetera
1047 3590 1160 3671 regione
1179 3590 1301 3646 discreta
1320 3594 1390 3657 erat,
1409 3595 1438 3647 at
1456 3592 1552 3647 dever-

277 3665 353 3719 soria
372 3663 613 3732 circumiacentia,
635 3679 707 3734 quae
726 3662 916 3717 tabernaculis
935 3665 964 3716 et
982 3661 1112 3731 hospitiis
1130 3661 1257 3717 homines
1276 3661 1423 3733 epulantes
1442 3666 1471 3717 et
1490 3664 1553 3718 dor·

280 3735 398 3790 mientes
412 3734 594 3817 recipiebant.
629 3735 690 3788 Hae
712 3734 785 3787 duae
803 3737 897 3805 partes
911 3733 941 3786 in
955 3732 1074 3802 planitie
1092 3732 1130 3786 ad
1148 3732 1238 3802 ripam
1253 3734 1286 3787 Al
1309 3734 1355 3788 hei
1374 3734 1445 3789 sitae
1464 3738 1552 3803 erant,

276 3806 350 3861 unde
374 3824 421 3861 eas
448 3806 591 3860 dimensus
618 3803 765 3874 Hercules,
791 3822 855 3858 oum
882 3821 962 3858 sacra
990 3804 1107 3873 faceret,
1131 3802 1269 3875 Alpheum
1318 3822 1402 3859 onore
1426 3806 1553 3860 affecisse

275 3877 379 3932 dicitur
396 3881 431 3947 (v.
447 3880 497 3948 aa),
517 3877 552 3930 iis
572 3875 722 3947 opponitur
740 3875 821 3930 collis
836 3874 960 3943 Cronius,
980 3874 1028 3946 qui
1043 3874 1165 3943 Saturni,
1184 3876 1273 3946 patris
1292 3876 1375 3944 Iovis,
1395 3893 1473 3931 sacer
1491 3880 1554 3931 erat

277 3980 310 3990 -
329 3954 371 4004 49.
412 3949 460 4004 ετά
479 3946 579 4003 δώδεκ’
602 3947 732 4001 ἀνάκτων
750 3951 839 4001 θεῶν·
859 3963 977 4016 quorum
996 3964 1067 4000 unus
1086 3945 1210 4016 Alpheus
1230 3949 1304 4014 erat3
1324 3947 1389 4002 ride
1408 3947 1439 4004 O.
1455 3965 1498 4001 vs
1518 3979 1552 3988 -

276 4027 318 4075 ol.
333 4016 368 4084 ἇς
381 3970 512 4075 [ioricam
527 4036 577 4090 pro
592 4017 643 4082 ἕως
660 4050 693 4058 -
706 4016 821 4099 βρέχετο
834 4022 923 4092 πολλᾷ
938 4017 1051 4098 νιφάθι·
1066 4017 1168 4072 audaci
1182 4018 1347 4089 metaphora
1361 4018 1453 4073 locum
1468 4022 1554 4074 antea

276 4092 436 4162 neglectum
450 4091 514 4145 nive
534 4091 665 4144 obrutum
684 4090 767 4155 droit,
787 4089 831 4142 his
846 4092 940 4143 autem
954 4089 1047 4143 verb1s
1061 4089 1208 4143 mendacia
1222 4090 1353 4144 Eleorum
1367 4091 1553 4159 sacerdotum,

276 4164 325 4233 qui
344 4163 458 4218 Saturni
476 4160 613 4231 templum
632 4160 689 4214 iam
708 4177 792 4214 aureo
812 4177 881 4214 aevo
905 4159 1050 4214 eonditum
1075 4177 1136 4214 esse
1159 4161 1374 4231 fabulabantur,
1394 4179 1412 4214 a
1430 4161 1553 4216 Pindaro

157 4287 172 4312 0
276 4233 437 4306 impugnari
455 4235 538 4287 acute
556 4231 666 4285 monuit
684 4231 833 4300 Luebbert,
853 4231 894 4285 De
912 4231 993 4285 Pind.
1008 4249 1091 4286 carm.
1108 4234 1162 4286 Or
1177 4250 1203 4302 p.
1219 4250 1280 4287 a-
1296 4238 1338 4288 52.
1358 4236 1390 4286 ut
1408 4232 1554 4287 hominum
1603 4250 1610 4264 ⁸

276 4307 371 4377 partui
394 4308 430 4373 (v.
446 4305 476 4359 Ο.
492 4321 520 4355 vr
533 4308 584 4370 ιι),
607 4303 647 4356 sic
666 4319 807 4357 sacrorum
826 4302 929 4373 origini
947 4302 1052 4357 Parcae
1077 4303 1204 4384 adstant²
1228 4304 1351 4357 futuram
1371 4308 1474 4359 sortem
1493 4321 1553 4359 our·

278 4392 394 4445 sumque
413 4374 525 4428 felicem
543 4377 715 4443 augurantes
734 4405 769 4414 -
788 4380 829 4428 53.
849 4373 879 4428 in
897 4374 1075 4444 proverbium
1091 4374 1163 4428 abiit
1176 4373 1221 4429 hro
1236 4375 1323 4443 locus,
1339 4375 1411 4430 unde
1426 4375 1553 4446 Xenoph.

277 4447 349 4502 Heli.
363 4464 395 4498 111
414 4461 440 4511 a,
455 4462 480 4500 a:
499 4447 722 4514 συνεμαρτύρησε
745 4454 833 4499 ταῦτα
856 4446 931 4518 αύτῷ
955 4447 1003 4499 καλ
1026 4445 1040 4498 ὁ
1064 4443 1254 4514 ἀληθέστατος
1277 4444 1423 4516 λεγόμενος
1446 4445 1553 4518 χρόνος.

277 4518 399 4587 Tempus
418 4518 513 4570 autam
531 4518 561 4569 et
579 4516 684 4569 famam
703 4516 774 4571 haec
793 4516 944 4570 tradidisse
963 4520 1047 4588 poeta
1068 4516 1152 4584 dixit,
1174 4519 1206 4571 ut
1226 4518 1256 4571 in
1277 4517 1435 4572 litterarum
1456 4534 1553 4572 monu-

277 4589 379 4643 mentis
394 4587 466 4642 nihil
480 4587 538 4641 tale
553 4591 663 4642 exstare
678 4587 850 4656 significaret
864 4618 898 4628 -
913 4594 955 4643 55,
974 4589 1005 4642 τὸ
1021 4587 1052 4641 δὲ
1071 4588 1140 4656 quid
1159 4589 1205 4658 sit,
1224 4589 1318 4642 verbis
1337 4588 1393 4642 ὅπα
1409 4635 1414 4644 .
1431 4633 1437 4644 ,
1454 4634 1459 4644 .
1475 4609 1553 4644 νικα·

277 4656 405 4730 φορίαισί
423 4678 452 4713 τε
471 4658 640 4729 explicatur,
666 4657 792 4727 σαφανὲς
810 4661 904 4712 autern
924 4658 960 4712 ad
980 4659 1172 4729 praedicatum
1191 4658 1367 4729 κατέφρασεν
1385 4661 1554 4716 trahendum

277 4733 333 4787 est:
352 4730 424 4784 illud
444 4733 547 4800 autem,
567 4730 642 4800 quod
661 4729 742 4784 ludos
761 4729 895 4801 instituit,
913 4733 1023 4801 tempus
1042 4730 1223 4801 progrediens
1238 4731 1268 4784 in
1283 4731 1359 4784 clara
1374 4731 1435 4786 luce
1450 4732 1553 4802 posuit.
