3406 5378
513 386 563 437 ΙΙΙ.
592 386 640 436 DE
659 386 769 437 LUDIS
788 386 835 436 ET
853 386 1033 473 sermons.
1326 382 1413 438 XCIX

130 546 330 612 hemichoria
352 546 641 631 distribuebantur,
665 552 762 631 poeta
784 570 898 632 pamm
923 547 1007 612 hanc
1029 547 1241 631 partitionem
1265 571 1324 613 sua
1342 554 1411 614 arte

60 720 67 729 ,
131 651 254 716 adiurit
286 655 320 716 et
350 651 535 716 illustravit.
586 651 679 727 Quod
711 676 786 718 vero
816 654 983 739 blezgerns
1011 653 1046 717 in
1074 654 1141 718 suis
1170 655 1410 720 commentariis

130 757 328 842 Westphalii
361 758 507 843 specioso
539 759 704 846 invento¹J
739 760 878 825 confisus
907 742 1081 824 Pindarum
1114 783 1173 825 sua
1201 762 1344 827 carmina
1371 762 1411 826 ad

130 865 286 931 amussim
301 864 580 949 Terpandreorum
599 889 771 931 nemorum
789 867 824 931 in
843 873 967 952 septem
986 872 1104 952 partes,
1124 867 1230 953 ἀρχὰν
1246 870 1412 954 μεταρχὰν

130 973 339 1057 κατατροπάν
365 971 518 1057 ὀμφαλὸν
544 975 833 1059 μετακατατροπὰν
862 976 1031 1059 σφραγῖδα
1060 974 1229 1059 ἐπίλογον,
1261 975 1411 1040 divisisse

131 1079 280 1163 credidit,
307 1078 369 1144 hoc
398 1080 532 1146 metrica
559 1081 664 1145 forma
692 1080 871 1145 carminum
900 1082 980 1145 adeo
1008 1103 1074 1145 non
1102 1082 1329 1147 confirmatum
1352 1087 1413 1167 est,

130 1191 168 1251 ut
189 1208 273 1250 nova
295 1209 371 1271 pars
392 1210 465 1252 raro
485 1210 559 1253 eum
577 1187 673 1252 initio
694 1187 857 1272 strophae,
879 1188 1069 1272 plerumque
1089 1188 1194 1252 media
1211 1187 1246 1251 in
1265 1187 1410 1272 stropha,

129 1298 227 1378 atque
246 1293 346 1358 etiam
364 1316 430 1359 non
449 1295 549 1359 semel
567 1295 673 1359 medio
691 1294 726 1358 in
746 1316 840 1359 versu
858 1294 990 1359 initium
1010 1294 1124 1379 capiat.
1164 1293 1236 1370 Qua
1254 1294 1293 1358 de
1313 1317 1410 1359 causa

129 1400 257 1465 somnia
282 1399 362 1465 haec
390 1422 450 1486 ego
479 1422 549 1466 esse
577 1406 683 1486 ratus,
708 1422 812 1487 neque
835 1401 870 1465 in
893 1401 1094 1487 argumentis
1118 1401 1321 1486 singulorum
1345 1424 1412 1466 car-

130 1506 254 1572 minum
281 1529 384 1591 neque
412 1508 446 1572 in
474 1508 716 1573 commentariis
745 1508 922 1593 quidquam
948 1508 1005 1573 isti
1032 1509 1166 1573 invento
1192 1507 1302 1573 tribui.
1348 1506 1411 1573 Sed

128 1614 210 1679 illud
237 1618 323 1679 recte
352 1614 540 1680 observasse
569 1615 650 1679 mihi
679 1616 803 1700 videor,
831 1614 1007 1680 Pindarum
1035 1620 1189 1699 provecta
1216 1619 1321 1681 aetate
1345 1637 1412 1681 car-

130 1720 219 1786 mina
245 1744 305 1786 sua
332 1745 406 1787 cum
434 1722 510 1806 alia,
538 1727 608 1787 tum
636 1721 957 1807 dactylo-epitritica
978 1723 1026 1788 ita
1049 1722 1262 1808 disposuisse,
1288 1726 1326 1786 ut
1349 1722 1413 1787 sin-

130 1829 224 1915 gulas
243 1829 410 1914 pericopas
430 1852 468 1894 ex
488 1829 624 1914 stropha
643 1829 849 1913 antistropha
867 1830 970 1913 epodo
990 1835 1177 1895 constantes
1193 1830 1270 1894 orbe
1286 1835 1411 1894 senten-

129 1935 272 2001 ntiarum
308 1937 452 2021 perfecto
484 1936 677 2018 includeret,
714 1959 812 2021 quam
844 1958 913 2000 rem
947 1936 1101 2021 exemplis
1135 1935 1345 2021 comprobavi
1377 1935 1412 1999 in

131 2047 322 2129 argumento
350 2044 502 2109 carminis
527 2042 564 2108 0.
582 2061 645 2106 xm
673 2047 827 2108 extremo.
875 2044 993 2109 Utrum
1020 2047 1130 2108 autem
1158 2044 1237 2108 haec
1261 2064 1313 2106 ars
1337 2064 1411 2107 cum

130 2150 275 2215 motibus
299 2149 489 2215 orchesticis
513 2150 695 2234 cohaereat,
718 2173 759 2215 an
780 2173 819 2215 ex
839 2149 960 2215 maiore
978 2150 1161 2234 intervallo,
1184 2172 1247 2234 quo
1267 2149 1413 2235 singulas

129 2257 298 2343 pericopas
321 2257 408 2322 inter
430 2280 464 2322 se
488 2257 608 2323 distare
631 2263 729 2342 poeta
751 2258 900 2342 voluerit,
923 2257 1148 2343 explicandum
1172 2259 1225 2342 sit,
1247 2257 1282 2321 in
1306 2256 1411 2322 medio

130 2365 280 2449 equidem
302 2365 460 2449 relinquo.

219 2472 366 2557 Denique
396 2476 504 2537 motus
528 2471 731 2556 singulorum
756 2471 937 2537 carminum
959 2470 1092 2535 Pindari
1115 2471 1164 2535 ita
1185 2471 1272 2536 inter
1294 2493 1328 2535 se
1352 2471 1413 2534 dis-

131 2579 311 2665 creparisse
340 2601 471 2664 moneo,
499 2584 536 2642 ut
563 2579 628 2643 alia
655 2584 764 2643 essent
793 2577 938 2643 carmina
964 2577 1157 2659 embateria,
1182 2600 1263 2661 quae
1286 2578 1414 2659 chonrs,

132 2687 209 2751 dum
222 2685 258 2751 in
270 2709 392 2771 pompa
404 2687 602 2771 procederet,
622 2690 778 2769 canmret,
795 2690 833 2749 ut
847 2683 882 2748 Ο.
898 2702 931 2747 v.
947 2702 991 2748 vr.
1006 2702 1051 2748 xi.
1068 2701 1136 2748 xru
1160 2683 1195 2748 P.
1211 2702 1254 2748 vr.
1270 2703 1339 2749 vni.
1354 2703 1412 2749 xn.

133 2791 173 2857 N.
193 2810 227 2858 11.
247 2810 283 2856 rx
306 2797 340 2857 et
362 2792 591 2877 prosodiorum
613 2792 798 2877 fragmenta
822 2793 962 2858 87—90.
986 2791 1129 2876 92-93,
1151 2790 1215 2855 alia
1238 2792 1414 2877 hyporche-

133 2900 253 2967 metica
274 2900 324 2966 ita
346 2904 487 2984 cantata,
510 2905 547 2963 ut
571 2900 611 2963 ad
631 2921 744 2965 vocem
763 2905 933 2965 cantorum
953 2899 1009 2964 alii
1028 2898 1251 2984 tripudiarent,
1273 2904 1311 2964 ut
1329 2898 1414 2964 0.11.

130 3006 168 3072 P.
186 3025 209 3071 v
234 3012 266 3072 et
289 3007 571 3091 dithyramborum
595 3006 949 3091 hyporchematumque
973 3006 1413 3092 fragmenta‘ib.105.107.

134 3116 210 3198 108,
238 3114 303 3179 alia
331 3114 467 3197 denique
495 3113 631 3177 stasima
659 3136 678 3177 a
705 3113 804 3178 choro
833 3118 941 3179 stante
969 3110 1018 3198 (P.
1038 3132 1073 3177 1v
1092 3111 1128 3199 2)
1156 3112 1207 3177 vel
1235 3113 1413 3178 accubante

130 3222 293 3286 cantanda
314 3242 418 3305 neque
442 3243 514 3284 cum
539 3219 614 3284 ullis
638 3220 783 3304 corporis
807 3221 951 3286 motibus
975 3220 1109 3306 agenda,
1133 3241 1196 3303 quo
1220 3219 1255 3283 in
1278 3241 1413 3285 numero

132 3327 283 3413 pleraque
312 3327 452 3412 epinicia
478 3326 609 3391 Pindari
636 3327 737 3391 fuisse
768 3327 916 3413 equidem
943 3350 1133 3413 persuasum
1161 3326 1276 3391 habeo.
1327 3326 1414 3392 Non-

131 3435 214 3501 nihil
242 3434 341 3501 etiam
370 3435 409 3499 ad
432 3434 602 3499 metricam
625 3434 764 3499 formam
787 3441 820 3500 et
845 3437 1079 3501 sententiarum
1103 3434 1339 3517 verborumque
1363 3434 1414 3498 de-

131 3541 253 3608 lectum
276 3542 396 3607 referre
420 3542 570 3628 cognovi,
592 3546 702 3606 utrum
726 3565 900 3627 puerorum
924 3540 1084 3629 (παίδων)
1108 3564 1148 3606 an
1172 3541 1316 3605 virorum
1340 3539 1411 3626 (ἀν-

133 3647 240 3737 δρῶν)
267 3648 385 3714 chorus
413 3654 507 3714 esset.
555 3647 618 3714 Sed
645 3649 684 3713 de
712 3648 764 3713 his
792 3656 825 3714 et
852 3649 1014 3714 similibus
1044 3648 1139 3713 rebus
1168 3648 1203 3711 in
1226 3648 1410 3712 universum

132 3755 289 3821 disserere
312 3779 427 3841 parurn
451 3756 655 3821 fructuosum
678 3778 748 3821 esse
772 3755 909 3839 videtur,
932 3778 996 3839 qua
1019 3756 1057 3819 de
1081 3776 1179 3820 causa
1201 3755 1235 3818 in
1255 3776 1414 3819 commen·

131 3862 259 3927 tariolis
290 3863 550 3947 introductoriis,
587 3885 669 3947 quos
703 3862 841 3948 singulis
874 3862 1069 3927 carminibus
1102 3860 1342 3946 praemisimus,
1375 3860 1414 3924 ad

131 3968 191 4035 has
215 3971 420 4056 quaestiones
443 3970 565 4055 passim
589 3970 776 4035 redibimus.

136 4098 305 4105 --—.-—.--
316 4099 349 4106 -

223 4166 249 4232 1)
277 4164 439 4234 Westphal,
472 4163 524 4218 Die
555 4164 628 4217 nach
661 4162 887 4234 terpantlrischer
914 4162 1194 4232 Compositiouslorm
1223 4160 1414 4231 gagliederten

133 4232 306 4301 Chorlieder‚
325 4236 355 4289 in
374 4236 581 4305 Prolegomenis
601 4253 633 4289 zu
649 4226 821 4303 bacchylus,
840 4234 955 4303 Leipzig
976 4240 1051 4287 1869.
1091 4233 1182 4285 libris
1202 4233 1237 4285 de
1258 4234 1310 4286 huc
1330 4250 1415 4300 ‹puae-

132 4306 224 4361 stione
244 4324 262 4360 a
279 4325 324 4362 me
343 4307 373 4360 in
392 4307 456 4361 hist.
472 4306 515 4361 lit.
529 4311 640 4375 gracc.²
656 4313 716 4375 150,
735 4306 831 4360 allatis
850 4306 923 4359 {tilde
943 4306 980 4359 he
1000 4305 1046 4358 odi
1068 4305 1096 4357 di
1117 4304 1238 4358 Pindaro
1258 4304 1414 4358 dichiarate

132 4394 148 4432 e
168 4379 293 4432 tradotte
313 4379 349 4432 da
368 4378 540 4445 Fraccaroli,
559 4378 672 4443 Verona
691 4384 767 4443 1894,
788 4396 848 4447 cap.
865 4380 895 4430 ll.
