3406 5378
474 379 509 430 11.
537 379 586 429 DE
605 378 698 429 ARTE
716 378 877 430 nursica
896 379 1053 431 PINDARl.
1350 377 1437 432 XLIII

582 549 689 591 erl-.·.
742 550 850 590 «ιλ-ι.
974 540 1079 590 υι“.-

253 630 351 698 δεῦτέ
370 655 435 697 νυν
458 632 558 716 ἅβραι
581 629 720 716 Χάριτες
742 633 934 714 καλλίκομοι
957 654 992 694 τε
1015 635 1144 696 Μοῖσαι
1168 625 1381 718 (Sappho).

156 776 282 853 Quibus
307 775 473 840 decausis
498 774 602 839 multo
625 773 763 860 facilius,
786 773 814 839 si
837 779 889 839 rat
889 774 921 839 io
946 797 1044 858 supra
1067 775 1237 860 proposita
1254 774 1440 860 reiceretur,

153 884 189 947 in
212 905 284 948 eam
308 881 503 946 sententiam
525 881 730 964 inclinarem,
757 886 794 946 ut
817 881 919 946 altera
948 881 1049 966 longa
1076 881 1257 947 choriambi
1285 904 1439 967 percussa

155 989 410 1056 choriambicum
433 989 622 1075 rhythmum
645 989 680 1052 in
702 989 846 1054 ionicum
870 989 1009 1053 transire
1033 989 1172 1053 dicerem

157 1224 278 1289 Verum
309 1245 350 1287 ne
383 1222 429 1286 sic
462 1221 591 1305 quidem
625 1222 808 1287 subtilitate
844 1223 1103 1308 rhythmicarum
1135 1223 1299 1287 rationum
1332 1245 1440 1288 carere

156 1352 340 1417 possemus,
372 1329 525 1413 quoniam
559 1328 659 1394 etiam
690 1329 789 1395 ionici
822 1330 912 1414 pedis
944 1329 1034 1414 prior
1065 1329 1165 1415 longa
1196 1330 1309 1415 procul
1341 1330 1439 1394 dubio

155 1440 255 1525 longa
277 1437 407 1524 longior
431 1440 464 1501 et
488 1436 569 1500 duae
592 1437 706 1501 breves
730 1437 882 1501 brevibus
906 1436 1071 1501 breviores
1095 1442 1181 1520 sunt,
1204 1436 1332 1501 etiamsi
1352 1438 1442 1503 dubi·

156 1552 225 1612 tare
257 1544 364 1629 possis
396 1566 475 1608 num
507 1543 598 1628 prior
631 1542 731 1628 longa
763 1543 826 1607 tria
858 1548 1006 1628 tempora
1037 1543 1213 1630 expleverit
1244 1548 1277 1608 et
1303 1549 1384 1610 nota
1405 1572 1440 1612 ι-

158 1651 316 1739 signauda
339 1651 391 1715 sit.
434 1648 496 1715 Sed
520 1672 586 1714 non
611 1654 661 1714 est
685 1673 741 1714 cur
764 1649 817 1715 hic
843 1650 980 1715 subtiles
1007 1651 1088 1716 istas
1118 1650 1323 1735 quaestiones
1352 1673 1442 1716 accu-

157 1760 260 1826 ratius
298 1757 516 1841 excutiamus,
552 1756 712 1842 siquidem
748 1756 908 1822 Pindarus
946 1758 1183 1823 choriambicos
1216 1780 1328 1823 versus
1365 1758 1443 1823 fecit

158 1867 264 1933 nullos
289 1871 322 1930 et
344 1864 453 1950 pauci,
482 1884 563 1948 quos
590 1863 669 1928 fecit
695 1863 821 1928 ionicos
845 1862 881 1929 0.
900 1882 923 1927 v
947 1869 979 1929 et
1001 1864 1039 1929 fr.
1059 1866 1111 1929 95.
1138 1866 1209 1930 189.
1234 1864 1313 1949 203,
1340 1887 1444 1949 neque

158 1976 231 2061 puri
254 1995 358 2057 neque
382 1971 527 2036 continui
552 1976 637 2035 sunt.

247 2099 301 2163 De
324 2098 471 2162 duabus
496 2096 626 2183 longis
650 2096 872 2161 trichronis.
915 2096 953 2161 ln
977 2097 1083 2182 poetis
1113 2097 1248 2162 scenicis
1278 2120 1373 2181 saepe
1396 2099 1444 2182 fit,

159 2213 196 2272 ut
219 2207 300 2271 duae
323 2205 440 2290 longae
470 2208 654 2323 cplypovoc,
686 2226 767 2288 quae
796 2203 959 2288 dipodiam
989 2227 1045 2268 sex
1072 2209 1256 2290 temporum
1285 2205 1445 2289 expleant,

159 2315 309 2396 deinceps
333 2334 367 2377 sc
391 2310 567 2396 excipiant,
596 2310 694 2395 idque
718 2311 783 2376 et
773 2333 808 2375 m
831 2311 998 2376 mediat
965 2316 998 2376 et
1020 2311 1055 2376 in
1083 2311 1202 2377 initiali
1231 2316 1264 2377 et
1291 2311 1326 2375 in
1353 2311 1442 2376 finali

161 2423 235 2487 sede
258 2442 423 2504 versus,u
402 2416 579 2483 ut.Aesch
602 2417 697 2482 Eum
716 2419 792 2483 918.
816 2419 889 2484 920.
913 2420 994 2484 550:

452 2543 488 2594 ι’-
541 2554 577 2594 r-
631 2566 792 2593 aba-
809 2567 863 2593 o-
881 2568 1006 2594 wo-
1025 2569 1150 2595 wo-

259 2636 321 2700 τὰν
344 2633 399 2700 καὶ
424 2637 508 2710 Ζεὺς
530 2633 548 2699 ὁ
571 2633 761 2717 παγκρατὴς
773 2629 877 2718 ’Ἁρης
900 2656 934 2698 τε
957 2635 1124 2720 φρούριον
1147 2641 1238 2700 θεῶν
1261 2631 1351 2718 νέμει

634 2755 705 2809 οι·-
759 2767 794 2807 r.
850 2767 866 2807 ε.
884 2780 903 2807 o
920 2800 937 2808 -
955 2783 1008 2808 ο-

440 2782 632 2935 ῥυσίβωμον
651 2844 820 2913 Ἑλλάνων
841 2848 972 2931 ἄγαλμα
995 2784 1165 2934 δαιμόνων

471 2983 522 3023 ο·
513 3003 517 3011 -
542 2999 560 3023 o
577 2983 649 3024 c.
638 2984 642 2994 ·
667 2997 719 3024 o-
737 2998 791 3023 ο
780 3000 785 3011 ·
808 2997 828 3022 o
844 2983 916 3024 l..
1005 2990 1077 3025 e„
1093 2985 1129 3025 ι.

299 3062 384 3130 ἑκὼν
407 3061 439 3128 δ’
460 3061 605 3146 ἀναγκας
627 3064 705 3149 ἄτερ
730 3064 858 3139 δίκαιος
881 3063 929 3129 ὢν
953 3062 1014 3128 οὐκ
1037 3065 1179 3148 ἄνολβος
1202 3066 1301 3129 ἔσται.

162 3206 316 3293 Findere,
348 3230 421 3273 cum
449 3231 469 3271 a
496 3207 655 3273 choriacis
688 3204 900 3291 carminibus,
931 3205 965 3269 in
996 3205 1113 3290 quibus
1146 3205 1226 3270 haec
1259 3206 1445 3271 coniunctio

162 3315 297 3379 duarum
327 3314 500 3400 longarum
528 3316 713 3399 τριχρόνων
745 3312 941 3377 creberrima
968 3317 1031 3396 est,
1062 3334 1196 3398 prorsus
1224 3312 1446 3397 abstinuisset,

162 3421 257 3507 copia
278 3421 375 3486 huius
399 3421 601 3506 rhythmicae
625 3420 747 3484 formae
771 3420 973 3504 usurpandae
998 3420 1104 3484 minus
1131 3420 1244 3483 crebro
1272 3418 1360 3484 lacta
1387 3424 1445 3484 est.

163 3527 226 3594 Sed
249 3551 323 3594 cum
347 3551 385 3594 ea
408 3528 507 3593 etiam
529 3529 564 3592 in
587 3525 784 3613 logaoedicis
813 3526 1010 3592 carminibus
1038 3531 1208 3613 poetarum
1236 3527 1446 3610 scenicorum,

163 3636 309 3720 quamvis
334 3635 437 3700 multo
465 3635 584 3720 rarius,
613 3633 810 3718 inveniatur,
838 3633 1004 3717 quaeritur
1031 3657 1108 3699 num
1131 3633 1290 3698 Pindarus
1319 3656 1446 3719 quoque

161 3743 223 3807 hac
250 3743 357 3807 forma
383 3765 462 3807 usus
490 3741 542 3806 sit.
589 3740 697 3826 Atque
725 3742 805 3805 duas
837 3741 953 3826 longas
982 3763 1225 3825 nomrumquam
1252 3741 1288 3804 in
1314 3739 1447 3805 Pindari

163 3850 361 3915 carminibus
385 3849 535 3934 deinceps
559 3848 606 3912 ita
629 3847 721 3933 poni,
748 3852 785 3911 ut
807 3846 842 3911 in
864 3848 955 3911 nulla
978 3848 1112 3932 stropha
1134 3870 1193 3932 pro
1217 3848 1317 3933 longa
1339 3849 1446 3913 brevis

164 3957 305 4023 admissa
343 3957 400 4042 sit,
436 3956 591 4042 exemplis
627 3956 723 4021 certis
761 3960 898 4021 constat.
955 3954 1017 4020 Sed
1055 3976 1128 4019 cum
1165 3954 1293 4039 syllaba
1330 3977 1446 4040 anceps

163 4065 347 4148 rhythmica
370 4062 535 4151 (ῥυθμοῦ)
558 4063 649 4128 brevi
669 4068 701 4128 et
719 4063 819 4149 longa
837 4062 964 4149 syllaba
983 4061 1139 4128 orationis
1159 4060 1304 4148 (λέξεως)
1326 4061 1445 4147 expleri

164 4171 283 4258 possit,
315 4171 481 4255 quaeritur
509 4176 618 4235 utrum
651 4172 733 4235 duae
764 4170 847 4236 istae
880 4171 997 4257 longae
1029 4169 1174 4255 syllabae
1207 4169 1272 4234 vim
1304 4169 1447 4234 habeant

164 4279 383 4365 rhythmicam

677 4390 934 4437 ,uani-„l-

165 4512 273 4597 Atque
305 4511 372 4577 iam
398 4512 472 4577 inde
501 4535 520 4576 a
547 4511 720 4597 principio,
754 4511 781 4575 si
811 4510 961 4575 omnibus
988 4511 1021 4576 in
1049 4509 1193 4595 strophis
1222 4510 1303 4574 duae
1330 4509 1447 4595 longae

157 4617 290 4704 'positae
315 4622 399 4700 sunt,
421 4617 456 4681 in
481 4618 616 4683 alteram
640 4617 836 4683 sententiam
858 4616 1100 4703 inclinabimus,
1123 4617 1226 4682 mirus
1250 4615 1335 4681 enim
1362 4622 1448 4682 esset

164 4724 255 4789 lusus
277 4723 436 4806 fortunae,
455 4725 647 4806 praesertim
664 4725 699 4788 in
718 4724 916 4789 carminibus
936 4729 1009 4788 octo
1028 4725 1210 4810 pluriumve
1230 4724 1447 4809 stropharum,

165 4831 194 4896 si
216 4833 315 4918 poeta
338 4831 488 4895 libertate
512 4831 643 4896 brevem
660 4831 802 4916 ponendi
820 4853 981 4916 nusquam
999 4854 1077 4896 usus
1097 4836 1190 4897 esset.
1233 4830 1296 4897 Sed
1319 4836 1356 4896 ut
1375 4836 1448 4897 tuto
