3406 5378
617 385 660 436 IV.
689 384 739 434 DE
758 384 842 435 VITA
862 385 1021 438 PINDARI.
1401 382 1459 435 CIX

268 543 376 630 [Ἔστι
396 542 432 609 δέ
451 546 491 608 τά
509 543 667 629 Ὀλύμπια
686 545 777 628 ἀγὼν
796 548 843 622 είς
859 548 919 611 τὸν
932 550 1011 630 Δία,
1030 546 1070 609 τά
1091 546 1208 611 Πύθια
1226 544 1317 628 ἀγὼν
1336 548 1383 622 είς
1401 547 1460 611 τὸν

174 651 380 736 Ἀπόλλωνα,
407 654 448 716 τὰ
471 650 582 736 Νέμεα
611 652 702 735 ἀγὼν
729 651 784 718 καὶ
812 654 912 730 αὐτὸς
939 656 987 730 είς
1012 655 1072 718 τὸν
1094 656 1177 736 Δία,
1204 654 1245 717 τά
1272 649 1307 717 δέ
1323 652 1460 738 Ἴσθμια

179 759 271 843 ἀγὼν
289 762 337 837 είς
354 760 414 824 τὸν
434 761 642 825 Ποσειδῶνα·
661 761 701 824 τά
721 758 753 824 δ’
770 763 900 825 ἔπαθλα
918 762 1048 825 τούτων
1066 759 1167 846 ἐλαία,
1186 759 1308 844 δάφνη,
1327 759 1459 825 σέλινον

178 865 281 952 ξηρόν
303 891 338 931 τε
361 865 415 931 καί
439 867 592 954 χλωρόν]
635 867 718 933 ἀλλά
740 866 816 953 περὶ
838 865 900 952 μὲν
921 880 989 933 τῶν
1008 868 1178 948 ἄλλωνού
1196 871 1289 953 χρεία
1307 876 1373 932 νῦν
1391 866 1459 932 ἐστι

94 990 102 1007 ’
180 974 290 1057 λέγειν
311 972 366 1038 καὶ
389 976 429 1039 τά
453 974 672 1058 ἐπιβάλλοντα
690 977 820 1051 τούτοις
838 976 979 1060 ὕστερον
998 974 1146 1059 ἐροῦμεν,
1169 984 1234 1039 νῦν
1253 972 1290 1039 δὲ
1307 972 1383 1059 περὶ
1401 983 1460 1058 τῆς
1478 993 1493 1039 3

179 1080 306 1158 θέσεως
328 1094 395 1147 τῶν
415 1080 600 1166 Ὀλυμπίων
624 1081 762 1147 λεκτέον.
804 1079 892 1159 τινές
914 1080 975 1166 μέν
996 1090 1099 1146 ταῦτα
1122 1084 1169 1157 είς
1191 1084 1270 1158 τοὺς
1289 1081 1458 1165 Οἰνομάου

180 1185 236 1252 καὶ
251 1186 403 1264 Πέλοπος
421 1187 626 1274 ἀναφέρουσι
645 1170 794 1273 χρόνους.
833 1190 941 1272 [ἄλλοι
961 1187 1001 1252 δέ
1017 1206 1121 1272 φασιν
1140 1188 1184 1265 ὡς
1200 1188 1306 1264 οὕτως
1320 1190 1460 1272 αίσχρδιν

180 1290 286 1360 οὖσαν
304 1297 365 1378 τὴν
383 1294 483 1360 θέσιν
502 1296 562 1360 οὐκ
581 1295 623 1359 ἀν
638 1296 863 1379 διεφύλαξανΙ
896 1295 999 1381 ἕτεροι
1016 1297 1051 1359 δέ
1063 1292 1221 1381 Ἡρακλεῖ
1233 1295 1459 1379 ἀνατιθέασιν,

179 1400 198 1465 ὃ
221 1400 277 1466 καί
299 1403 470 1487 Πίνδαρος
492 1401 589 1485 λέγει,
613 1402 825 1485 ἐνδοξότερον
848 1416 953 1467 ποιῶν
976 1404 1035 1466 τὸν
1059 1401 1178 1484 ἀγῶνα.
1220 1400 1289 1468 ἐπεὶ
1311 1404 1374 1487 γάρ
1398 1405 1459 1486 τὴν

181 1509 327 1591 Αὐγείου
345 1513 472 1594 κόπρον
490 1509 632 1596 ἐκάθηρε
650 1508 786 1574 καὶτῶν
800 1509 1049 1594 ἐπηγγελμένων
1064 1510 1125 1574 οὐκ
1139 1513 1242 1595 ἔτυχε,
1261 1511 1460 1593 συναγαγὼν
1479 1527 1512 1576 1ο

176 1619 285 1681 πολὺν
313 1620 455 1703 στρατὸν
481 1620 541 1682 τόν
567 1642 601 1682 τε
626 1618 774 1700 Αὐγείαν
797 1618 931 1702 φονεύει
954 1615 1009 1681 καὶ
1032 1619 1094 1700 τὴν
1112 1612 1210 1683 Ἦλιν
1232 1620 1458 1702 παρεστήσατο

177 1721 233 1787 καί
260 1724 365 1788 πολλά
393 1725 527 1811 λάφυρα
555 1725 754 1808 συναγαγὼν
782 1724 894 1807 ἀγῶνα
918 1727 1031 1807 τίθησι
1055 1736 1124 1800 τοῖς
1146 1723 1216 1809 μετ’
1237 1726 1340 1790 αὐτοῦ
1363 1731 1458 1791 πολε-

178 1831 337 1913 μήσασιν,
371 1831 453 1896 ὅθεν
480 1831 535 1896 καί
562 1835 599 1898 τὸ
628 1835 707 1907 ἔθος
733 1831 905 1916 διέμεινεν.
954 1830 1040 1915 [ἀλλ’
1067 1828 1144 1895 οὐδὲ
1173 1832 1256 1915 αὕτη
1285 1835 1411 1917 ἔμεινεν
1439 1833 1459 1917 ἡ

178 1935 287 2020 θέσις,
315 1936 383 2002 ἐπεὶ
411 1947 469 2021 τῆς
497 1939 668 2023 συμβάσης
695 1940 808 2017 αὐτοῖς
832 1943 1024 2026 δυσχερείας
1046 1938 1231 2023 ὑπόμνησις
1253 1934 1317 2023 ἦν]
1364 1942 1458 2005 ἀλλοι

180 2043 221 2108 δέ
250 2062 368 2129 φασιν,
401 2045 445 2121 ὡς
464 2044 591 2130 ’Ἰφιτός
622 2072 672 2123 τις
704 2045 758 2111 καὶ
785 2047 978 2131 Εὐρύλοχος
1005 2048 1083 2123 τοὺς
1112 2050 1294 2132 Κιρραίους
1320 2049 1459 2132 πολεμή-
1482 2064 1512 2112 15

165 2140 298 2228 ισαντες
326 2148 435 2238 (οὗτοι
463 2150 499 2217 δέ
528 2148 613 2235 ἦσαν
641 2157 676 2218 οί
700 2157 761 2237 τὴν
788 2156 951 2239 παράλιον
979 2163 1037 2236 τῆς
1062 2155 1214 2229 Φωκίδος
1241 2153 1357 2237 λησταὶ
1383 2178 1459 2218 κατ-

181 2257 335 2345 έχοντες),
358 2258 413 2323 καὶ
437 2262 542 2324 πολλὰ
566 2261 699 2345 λάφυρα
723 2263 966 2343 συναγαγόντες
989 2257 1086 2343 ὁμὲν
1100 2258 1227 2344 Ἴφιτος
1244 2262 1284 2324 τὰ
1302 2259 1459 2344 Ὀλύμπια

181 2368 418 2449 συνεστήσατο,
447 2367 465 2431 ὁ
493 2364 529 2430 δέ
554 2368 748 2453 Εὐρύλοχος
775 2369 815 2431 τά
838 2368 965 2431 Πύθια.
1011 2365 1065 2431 καί
1094 2366 1128 2431 έκ
1151 2369 1271 2432 τούτου
1296 2366 1458 2451 ἐπιμεῖναι

91 2492 99 2501 “
180 2476 218 2539 τὸ
240 2478 321 2551 ἔθος
344 2472 476 2557 συνέβη.

268 2582 408 2666 τέθνηκε
435 2580 470 2646 δέ
500 2582 517 2647 ὁ
549 2584 719 2668 Πίνδαρος
745 2582 778 2660 ἓξ
805 2580 860 2646 καί
888 2578 1044 2664 ἑξήκοντα
1072 2580 1155 2646 ε’τῶν
1181 2583 1340 2665 γεγονώς,
1368 2581 1388 2664 ἢ
1416 2582 1461 2657 ὥς
1479 2599 1513 2647 20

180 2715 282 2775 τινες,
307 2691 522 2774 ὀγδοήκοντα,
546 2688 598 2754 ἐπὶ
623 2693 751 2764 Βίωνος
775 2691 935 2774 ἄρχοντος
957 2690 1038 2753 κατὰ
1062 2689 1123 2772 τὴν
1145 2687 1242 2772 ἕκτην
1264 2687 1318 2753 καί
1342 2688 1459 2771 ὀγδοη-

179 2800 302 2882 κοστὴν
322 2796 533 2881 Ὀλυμπιάδα.
571 2797 732 2881 ἀκροατὴς
755 2792 790 2859 δέ
815 2794 930 2878 γέγονε
950 2798 1152 2880 Σιμωνίδου.
1190 2793 1267 2861 ὁδέ
1292 2795 1460 2879 έπινίκιος,

181 2901 223 2971 οὗ
250 2906 270 2990 ἡ
298 2904 394 2991 ἀρχή·
418 2903 601 2990 ”Αριστον
628 2900 697 2987 μέν
723 2903 843 2988 ὕδωρ,
870 2902 1084 2988 προτέτακται
1111 2902 1176 2967 ὑπὸ
1202 2900 1461 2989 Ἀριστοφάνους

182 3022 242 3077 τοῦ
270 3011 491 3088 συντάξαντος
518 3013 558 3074 τά
581 3010 771 3097 Πινδαρικὰ
799 3011 855 3073 διὰ
882 3010 919 3073 τὸ
942 3008 1105 3095 περιέχειν
1127 3018 1187 3073 τοῦ
1211 3009 1339 3092 ἀγῶνος
1361 3008 1460 3092 έγκώ-

181 3144 258 3204 μιον
281 3118 334 3183 καλ
359 3120 398 3182 τά
420 3116 496 3201 περὶ
519 3126 579 3182 τοῦ
602 3116 762 3200 Πέλοπος,
786 3116 823 3194 ὃς
844 3129 974 3202 πρῶτος
997 3117 1033 3181 έν
1046 3116 1162 3182 Ἤλιδι
1186 3115 1384 3201 ἠγωνίσατο·
1408 3114 1460 3200 γέ-
1480 3135 1513 3183 23
1551 3144 1560 3167 ·

180 3249 321 3311 γραπται
350 3224 387 3290 δέ
411 3224 535 3310 Ἱέρωνι
563 3230 695 3308 βασιλεῖ
716 3212 958 3309 Συρακουσίωά
986 3222 1038 3309 (αἱ
1063 3222 1098 3288 δὲ
1124 3225 1338 3311 Συράκουσαι
1366 3227 1461 3300 πόλις

181 3343 239 3417 τῆς
257 3334 439 3420 Σικελίας),
462 3334 498 3409 ὃς
522 3331 576 3397 καὶ
595 3335 727 3413 κτίστης
746 3336 870 3414 Αἴτνης
893 3331 1020 3414 ἐγένετο
1040 3335 1176 3409 πόλεως,
1199 3331 1262 3396 ἀπὸ
1281 3341 1341 3396 τοῦ
1361 3333 1461 3416 ὄρους

181 3442 286 3525 αὐτὴν
311 3442 417 3518 οὕτως
440 3441 618 3525 ὀνομάσας·
647 3439 841 3514 ἀποστείλας
863 3440 926 3526 γάρ
949 3437 1047 3516 οὗτος
1069 3440 1191 3516 ἵππους
1214 3441 1260 3515 είς
1281 3437 1460 3522 Ὀλυμπίαν

149 3562 155 3573 “
184 3548 310 3633 ἐνίκησε
335 3549 454 3632 κέλητι.

808 3758 838 3812 Ε.

527 3887 605 3952 Vita
628 3904 667 3951 οι
691 3883 933 3974 θοὶδεοβοείοο
957 3886 1118 3966 excerpta.

270 4035 441 4117 Πίνδαρος
467 4036 601 4116 Θηβῶν,
626 4034 834 4096 Σκοπελίνου
858 4030 944 4109 υίός,
972 4029 1053 4092 κατὰ
1076 4027 1116 4092 δέ
1137 4050 1228 4102 τινας
1251 4027 1460 4111 Δαϊφάντου,
1479 4045 1513 4093 3ο

182 4138 273 4204 δκαὶ
292 4146 419 4225 μᾶλλον
438 4139 571 4222 ἀληθές·
592 4140 692 4221 ὁγὰρ
713 4138 921 4202 Σκοπελίνου
941 4133 1030 4199 ἐστίν
1049 4132 1271 4220 ἀφανέστερος
1288 4133 1344 4198 καὶ
1362 4152 1460 4221 προσ-

182 4250 279 4331 γενὴς
299 4247 486 4331 Πινδάρου·
505 4243 593 4321 τινές
611 4242 646 4309 δέ
666 4243 721 4309 καί
741 4246 943 4325 Παγωνίδου
963 4244 1142 4327 ἱστόρησαν
1160 4242 1271 4306 αὐτόν.
1308 4243 1460 4326 μαθητὴς

274 4501 296 4549 1.
317 4495 419 4551 ἔστι,
437 4501 486 4550 ..4
508 4492 593 4564 χρ’λω
579 4514 612 4548 ον
625 4492 690 4546 add
706 4491 852 4545 νυοὶ-Τ
876 4495 913 4541 ιι
915 4512 940 4557 «μ
962 4489 1078 4545 αλλοι..
1091 4490 1285 4577 ,διεφύλαξαν
1305 4507 1358 4543 0111.
1378 4488 1458 4543 codd.

182 4565 309 4635 plerique
326 4567 464 4621 Abelii-
466 4575 532 4619 -13
548 4572 690 4635 διαμεῖναι
704 4563 784 4618 codd.
797 4560 945 4615 mlii.-
960 4562 1058 4617 αλλ’..
1070 4582 1127 4629 ην
1142 4578 1195 4614 οιιι.
1212 4561 1291 4615 οοδδ.
1306 4559 1451 4615 131111Ιί1.-

186 4643 225 4692 18.
248 4638 283 4692 τὰ
307 4642 383 4694 Πυθ.
407 4640 472 4707 3:39.
497 4638 589 4705 ‹·„1133
613 4654 680 4690 corr
701 4636 936 4688 Wes1ennann„
937 4639 1029 4687 -30,
1053 4607 1215 4723 Πίνδαρος·
1221 4634 1259 4688 ὀλ,
1283 4633 1330 4698 ξς’
1352 4632 1444 4701 έτειγ
1451 4632 1457 4647 ’

183 4712 316 4801 γεγονώς
321 4710 391 4765 coni
408 4713 569 4771 Mommsen
588 4707 769 4776 Ρίοδοιουμ,
785 4711 880 4759 33-
901 4713 942 4758 31
960 4704 1085 4793 Ἀβίωνος
1105 4709 1133 4757 ολ.
1151 4703 1266 4767 Βίαντος
1259 4704 1370 4772 »3.,ιοδδ
1390 4722 1457 4757 corr.

184 4779 316 4874 'Hegnef
310 4785 438 4857 Αβρωνος
452 4782 523 4836 coni.
536 4779 774 4833 Wilamowitz.-
799 4784 840 4830 33.
854 4776 1097 4849 Ἀριστοφάντου
1081 4796 1155 4830 συντ
1172 4777 1301 4830 codd·
1316 4781 1358 4829 31
1373 4794 1458 4844 προο-

184 4857 278 4925 γενηςε
297 4857 510 4926 προγενέστερος
528 4851 599 4904 coni.
620 4850 843 4919 Βετοὶιοιδ).-
865 4856 906 4903 33,
926 4850 1084 4919 Παγώνδου
1103 4847 1174 4902 coni.
1194 4847 1333 4905 Gaisford.
