3406 5378
857 312 1007 364 PINDARI

861 481 901 539 ss
927 473 1008 558 [51]

508 580 1025 631 Ξυωιυ.ᾆυωὼυυ

508 682 572 753 Ἦν
595 689 648 752 ὅτε
671 688 753 765 σύας
776 688 813 752 τὸ
836 689 999 753 Βοιώτιον
1022 690 1122 763 ἔθνος
1145 688 1271 752 ἔνεπον.

862 873 902 930 84
944 873 1008 931 54.

385 979 560 1055 Harpocrst.
584 1000 611 1038 v.
636 977 889 1058 παλιυαίρενος
908 866 958 1037 .[.
978 868 1026 1038 sisi
1049 973 1080 1037 δὲ
1104 985 1163 1037 τῶν
1185 974 1429 1058 καθαιρεθέντων
1457 976 1575 1039 οἰκοδο-

296 1066 438 1147 μημάτων
456 1065 504 1128 καὶ
522 1064 822 1146 άνοικοδομηθὲντων
837 1066 988 1146 Πίνδαρος
1004 1065 1220 1146 Διθυράμβοις.
1248 1067 1361 1126 Eadem
1378 1069 1439 1127 fere
1455 1068 1574 1159 Suidas.

385 1353 433 1414 Et.
457 1353 497 1412 Μ.
521 1365 582 1431 274,
606 1363 653 1412 50:
677 1353 873 1432 Διθύραμβος
898 1400 904 1412 .
929 1397 935 1411 .
960 1399 966 1410 .
990 1350 1142 1430 Πίνδαρος
1170 1348 1202 1411 δι’
1229 1368 1303 1429 φησι
1330 1352 1574 1432 λυθίραμβον·

295 1439 345 1502 καὶ
368 1440 423 1521 γάρ
446 1441 523 1514 Ζεὺς
546 1440 717 1520 νικωμένου
740 1439 833 1502 αὐτοῦ
856 1439 963 1520 ἐπεβόα
985 1444 1071 1501 λῦθι
1098 1439 1231 1520 ῥάμμα,
1260 1445 1345 1501 λῦθι
1373 1440 1508 1521 βάμμα,
1530 1435 1573 1501 ἵν’

296 1518 316 1614 ᾖ
340 1530 545 1610 λυθίραμμος,
568 1529 616 1591 καὶ
640 1531 828 1611 διθύραμβος
850 1528 924 1590 κατὰ
947 1528 1059 1610 τροπὴν
1082 1527 1131 1589 καὶ
1154 1529 1347 1608 πλεονασμόν.
1389 1525 1575 1610 Ἡρωδιανὸς

296 1617 329 1680 δέ
346 1636 419 1697 φησι
442 1618 477 1679 τὰ
500 1618 695 1700 προστακτικά
714 1619 754 1698 μὴ
774 1619 978 1681 συντίθεσθαι.
1016 1619 1118 1696 ΟγτίΠ.
1137 1620 1200 1680 οοδ.
1220 1620 1307 1678 vind.
1327 1639 1354 1679 n.
1375 1631 1441 1679 319:
1465 1616 1574 1680 ὁΠίν-

296 1708 386 1788 δαρος
409 1708 639 1789 λυθίραμμόν
663 1726 755 1787 φησιν
775 1708 878 1769 αὐτόν·
901 1707 952 1768 καὶ
969 1706 1024 1788 γὰρ
1042 1707 1119 1780 Ζεὺς
1136 1705 1308 1788 νικωμένου
1328 1707 1420 1769 αὐτοῦ
1439 1706 1572 1788 ἔκραζεν·

295 1801 382 1858 λῦθι
405 1801 490 1858 λῦθι
513 1799 638 1879 ῥάμμα.
685 1800 768 1859 Conf.
792 1799 916 1858 Procius
939 1817 986 1874 ap.
1010 1798 1095 1858 Phot.
1120 1798 1196 1858 Bibl.
1220 1810 1280 1858 239.

861 1979 900 2037 86
943 1980 1008 2036 56.

386 2083 805 2164 sffioerob.1ssi,1sHilg.:
828 2080 847 2161 ἡ
871 1970 1025 2161 αἰτιδιτιιάή,
1048 2081 1127 2161 φημὶ
1149 2081 1187 2160 δὴ
1206 2078 1226 2160 ἡ
1245 2081 1368 2161 ἴκτιυον,
1390 2081 1464 2143 κατὰ
1488 2105 1573 2162 μετα-

296 2171 430 2250 πλασμδν
450 2170 550 2254 γέγονε
568 2173 674 2251 ἵκτινα,
693 2173 789 2252 ὥσπερ
805 2222 810 2233 .
827 2218 833 2232 .
850 2222 854 2233 .
871 2172 1063 2252 διθύραμβον
1086 2172 1269 2251 διθύραμβ
1275 2196 1294 2231 α
1316 2171 1396 2252 παρὰ
1420 2172 1572 2253 Πινδάρῳ.

915 2361 940 2415 V

788 2470 1084 2536 ΠΡΟΣΟΔΙΑ.

827 2598 888 2647 sis
906 2596 1041 2649 susos.

811 2713 861 2770 87.
896 2712 937 2769 ss
976 2704 1056 2788 [⁵8]-

509 3540 618 3624 Χαῖρ’,
643 3537 668 3606 ὦ
692 3540 875 3625 θεοδμάτα,
901 3543 1190 3624 λιπαροπλοκάμου
1437 3545 1519 3625 Στρ.

509 3650 662 3713 παίδεσσι
687 3653 817 3725 Λατοῦς
841 3646 1070 3734 ἱμεροέστατου
1093 3650 1202 3730 ἔρνος,

295 3774 507 3783 .-——-—-—.—

368 3838 411 3894 Fr.
432 3844 473 3893 83,
512 3840 788 3896 Sch01.Pind.0.v1
806 3858 856 3896 152³:
876 3839 924 3894 διά
942 3841 995 3910 τὴν
1015 3842 1164 3910 ἀγροικίαν
1177 3842 1226 3895 καὶ
1240 3842 1401 3912 ἀναγωγίαν
1418 3841 1573 3897 τοπαίαιδκ

296 3911 324 3967 οὶ
339 3912 455 3966 Βοιωτοὶ
469 3909 516 3974 ὕες
530 3911 688 3980 ἐκαλοῦντο,
710 3912 842 3980 καθάπερ
857 3914 904 3966 καὶ
919 3913 1003 3974 αὐτὸς
1017 3912 1047 3967 ἐν
1061 3922 1118 3976 τοῖς
1133 3912 1339 3986 Διθυράμβοις
1355 3908 1408 3968 Ἦν
1418 3954 1424 3966 .
1434 3955 1439 3966 .
1451 3958 1455 3966 .
1468 3911 1570 3983 ἔλεγον.

296 3984 388 4039 Strab.
403 4002 441 4036 vu
460 3999 507 4037 ssi.
532 3982 629 4040 Galen.
644 3983 732 4039 Protr.
749 4001 759 4038 1
779 4015 814 4023 —
832 3984 863 4037 τὸ
883 4001 935 4037 om.
955 3984 1046 4038 Strab.
1066 3987 1095 4039 st
1114 3984 1175 4039 Gal.
1194 4015 1227 4025 —
1248 3984 1348 4039 ἔνεπου
1376 3983 1485 4040 Siras:
1515 3984 1571 4040 Hs·

298 4075 349 4125 γου
368 4053 453 4109 schol.
474 4053 554 4108 Pind.
574 4086 609 4094 -
626 4054 776 4109 Praeterea
794 4054 867 4109 inter
884 4054 1078 4124 dithyrambos
1096 4055 1129 4109 fr.
1150 4072 1189 4110 iss
1206 4055 1317 4110 rettulit
1335 4054 1456 4109 Boeckh.

367 4127 408 4180 De
423 4125 611 4195 diihyrambis
626 4125 739 4180 Pindari
754 4126 823 4180 haec
839 4126 957 4180 adnotat
970 4126 1123 4181 Philodem.
1140 4127 1175 4181 de
1193 4144 1263 4181 mus.
1279 4144 1300 4195 ο,
1316 4145 1348 4195 ιι,
1363 4143 1374 4181 ι
1392 4127 1434 4182 sd.
1450 4126 1570 4182 Kemke:

295 4199 426 4260 καὶτοὺς
445 4198 684 4269 δειθυραμβικοὺς
702 4197 733 4251 δὲ
752 4196 871 4265 τρόπους
889 4197 919 4252 εἴ
931 4218 973 4261 τις
991 4197 1145 4267 συγκρῖναι,
1164 4195 1214 4252 τόν
1232 4217 1261 4252 τε
1276 4198 1347 4252 κατὰ
1362 4197 1508 4267 Πίνδαρον
1523 4200 1571 4253 καὶ

295 4270 345 4323 ιδν
369 4268 441 4324 κατὰ
461 4267 624 4337 Φιλόξενον,
648 4268 771 4337 μεγάλην
794 4268 1001 4337 εὑρεθήσεσθαι
1024 4269 1075 4338 τὴν
1098 4269 1241 4338 διαφορὰν
1263 4278 1318 4323 τῶν
1343 4269 1572 4341 ἐπιφαινομένων

298 4341 390 4409 ἠθῶν,
410 4340 459 4395 τὸν
478 4339 505 4395 δ’
528 4340 615 4395 αὐτὸν
634 4335 707 4394 εἶναι
723 4338 836 4408 τρόπον.

367 4412 410 4465 Fr.
435 4416 477 4465 87.
502 4417 536 4465 88
562 4412 686 4465 eiusdem
713 4428 773 4466 esse
799 4411 929 4465 carminis
955 4410 1063 4465 Deliaci
1085 4411 1130 4481 (cf.
1150 4412 1169 4465 1.
1189 4413 1253 4479 11),
1279 4412 1355 4478 quod
1379 4412 1571 4480 προσοδιακὸν

297 4491 405 4537 παιᾶνα
421 4482 506 4538 schol.
521 4483 602 4536 Pind.
618 4483 637 4536 Ι.
653 4503 661 4535 ι
676 4483 757 4538 inser.
774 4483 907 4565 appellat,
928 4482 1083 4537 Boeckhius
1100 4482 1212 4549 statuit3
1233 4482 1364 4551 strophae
1383 4483 1458 4537 enim
1476 4484 1571 4540 ultimi

297 4556 425 4623 quatuor,
438 4553 631 4625 antistrophae
644 4554 727 4624 primi
740 4554 795 4608 duo
808 4554 982 4608 intercidisse
993 4553 1129 4608 videntur.
1148 4553 1249 4608 Cantui
1259 4553 1390 4607 carminis
1401 4555 1571 4610 orchesticos

296 4628 388 4680 motus
403 4627 553 4680 accessisse
568 4627 650 4680 docet
664 4626 743 4680 Pind.
759 4626 778 4680 I.
794 4646 804 4679 1
819 4642 839 4694 ι,
858 4626 931 4694 quod
946 4643 980 4680 οο
995 4624 1085 4694 magis
1099 4624 1180 4678 nobis
1195 4625 1338 4714 probatur,
1357 4626 1432 4694 quod
1450 4630 1571 4682 metrum

296 4714 406 4766 quoquo
427 4697 574 4768 dipodicae
594 4697 743 4764 scansioni,
762 4714 847 4765 quam
861 4697 889 4751 in
904 4697 1059 4752 embaterio
1073 4695 1196 4751 carmine
1210 4699 1372 4770 (προσοδιῳ)
1386 4700 1435 4751 tuo
1449 4698 1509 4753 iure
1523 4714 1570 4752 sx-

297 4771 414 4838 spectes,
434 4769 544 4839 egregie
564 4769 648 4823 favet.
