3406 5378
274 311 334 373 148
738 312 886 363 emnem
904 312 1069 364 1111011.

272 480 324 539 sed
354 480 463 538 eximia
493 479 624 555 quadam
654 482 718 538 arte
748 479 878 556 primum
909 479 940 536 in
970 477 1082 537 medias
1112 497 1159 538 res
1189 498 1243 538 nos
1272 479 1357 538 ducit
1384 471 1546 559 (to-100),

272 580 425 646 tes-1643
445 570 481 627 cf.
502 566 535 629 0.
551 587 607 626 xnr
628 562 741 650 7601),
761 569 865 627 deinde
885 568 923 626 ad
942 587 985 644 ea,
1003 587 1080 644 quae
1100 571 1169 627 ante
1189 571 1274 646 gesta
1293 572 1387 644 erant,
1407 569 1544 643 deinceps

271 659 405 717 oratione
431 659 568 717 revoluta
591 650 763 739 (101-119)
787 663 917 718 extremo
942 658 1006 717 loco
1030 658 1222 716 concubitum
1245 658 1492 736 Argonautarum
1515 662 1546 713 et

272 748 465 806 Lenrniarum
488 748 668 805 feminarum
692 747 779 822 ponit
802 739 980 829 (aea—aec),
1003 747 1082 805 unde
1101 748 1139 805 ad
1158 748 1348 823 Euphemum
1367 750 1398 805 et
1416 746 1547 822 Cyrenas

272 837 390 895 rediret
436 837 537 912 Atque
567 838 640 895 haec
670 837 756 912 quasi
788 856 895 912 corpus
926 836 1066 895 carminis
1094 837 1242 914 efficiunt,
1270 837 1301 894 in
1329 837 1447 913 epilogo
1475 856 1545 895 vero

272 918 444 1007 (asa—⁶299)
467 929 557 1001 poeta
582 926 782 1001 pulcherrimo
809 926 978 1003 aenigmate
1004 944 1077 984 usus
1103 945 1230 1001 quereus
1254 926 1345 984 etiam
1368 929 1437 1001 post
1459 944 1546 982 casus

271 1017 486 1090 tempestatum
509 1015 638 1090 speciem
663 1015 754 1091 prisci
779 1015 894 1074 roboris
920 1014 1098 1091 exhibentis,
1124 1015 1337 1090 Demophilum
1360 1018 1544 1090 Pyrenaeum

272 1105 389 1163 exulem
412 1104 587 1163 clementiae
611 1104 689 1181 regis
712 1104 915 1180 commendat,
939 1122 1002 1162 esse
1026 1104 1104 1163 enim
1127 1124 1195 1163 eum
1220 1123 1238 1162 a
1261 1104 1427 1164 t'actionum
1450 1103 1547 1160 turbis

271 1194 411 1269 alienum,
427 1193 600 1252 liberalibus
615 1193 730 1251 artibus
745 1193 879 1252 deditum
893 1193 1084 1269 musicaeque
1099 1194 1244 1253 facultate
1259 1196 1407 1270 ornatum,
1418 1193 1545 1268 denique

269 1303 364 1359 nuper
386 1283 443 1342 sibi
467 1283 575 1341 Thebis
598 1283 747 1359 hospitem
770 1284 893 1343 factum.

358 1372 537 1448 Rhapsodici
570 1372 709 1430 carminis
740 1373 854 1431 indoles
887 1392 986 1431 secum
1019 1374 1089 1449 fert,
1122 1375 1170 1449 ut,
1203 1372 1320 1431 etiamsi
1354 1372 1391 1430 ab
1423 1372 1544 1447 ineptiis

270 1481 385 1538 eorum,
413 1462 466 1537 qui
489 1464 595 1537 poetae
619 1462 751 1519 earmina
774 1465 932 1537 tamqnam
954 1461 1108 1536 scriptoris
1131 1462 1272 1520 historias
1295 1463 1456 1537 dissecant,
1481 1462 1543 1519 lon-

269 1551 389 1628 gissime
413 1550 638 1627 abhorreamuS,
665 1554 766 1609 tamen
788 1551 867 1608 uude
891 1555 980 1626 poeta
1003 1551 1138 1609 fabulam
1161 1552 1307 1628 hauserit,
1339 1569 1416 1626 cquae
1441 1570 1459 1607 a
1482 1570 1543 1607 ma-

268 1640 382 1699 ioribus
406 1640 562 1718 accepisse,
586 1659 663 1716 quae
687 1640 749 1715 ipse
774 1640 891 1699 tinxisse
915 1640 1053 1699 videatur
1072 1659 1259 1716 quaeramus.
1297 1640 1441 1710 Quamvis
1464 1640 1542 1697 enim

269 1729 416 1788 Pindarus
448 1748 527 1788 nova
558 1730 621 1804 ipse
653 1728 786 1788 invenire
819 1733 849 1787 et
881 1729 1064 1789 comminisci
1096 1730 1216 1788 minime
1249 1732 1413 1805 sperneret,
1443 1730 1541 1786 tamen

270 1818 398 1896 vestigia
421 1819 626 1895 antiquiorum
655 1822 813 1877 auctorum
840 1822 876 1876 ut
903 1819 934 1876 in
962 1819 1030 1876 aliis
1058 1819 1182 1895 fabulis,
1211 1819 1253 1877 sio
1282 1819 1312 1876 in
1340 1820 1395 1877 hac
1423 1837 1542 1893 quoque

268 1908 475 1986 Argonautica
498 1927 567 1966 eum
588 1911 723 1966 secutum
747 1926 819 1983 esse,
843 1907 908 1983 ipsa
931 1928 1031 1966 rerum
1054 1910 1163 1966 natura
1186 1909 1405 1983 comprobatur.
1442 1907 1543 1982 Atque

269 1997 392 2056 Homeri
415 1997 536 2073 quidem
559 1997 744 2072 temporibus
767 2016 885 2055 carmen
908 1996 944 2055 de
967 1997 1153 2075 Argonautis
1176 1997 1292 2055 exstitit
1315 1989 1365 2077 (et'.
1391 1997 1445 2054 ed.
1469 2020 1489 2073 μ
1511 2008 1543 2053 te

266 2080 358 2165 Ἀργὼ
387 2095 459 2144 πᾶσι
488 2079 642 2167 μέλουσα),
673 2087 724 2145 sed
757 2087 838 2144 illius
870 2086 1010 2145 carminis
1042 2107 1100 2144 non
1132 2087 1229 2145 solum
1259 2087 1373 2144 nullam
1404 2085 1543 2145 notitiam

268 2176 457 2253 grarmnatici
480 2175 673 2234 Alexandrini
702 2176 940 2251 scholiastaeque
968 2175 1131 2252 habebant,
1159 2176 1211 2233 sed
1238 2195 1274 2234 ne
1302 2176 1451 2233 Pindarus
1479 2176 1543 2250 qui-

268 2266 335 2323 dem
363 2264 502 2323 habuisse
529 2265 655 2324 videtur.
701 2266 744 2323 At
770 2264 921 2324 habebant
947 2265 1052 2342 procul
1082 2265 1173 2324 dubio
1197 2268 1228 2323 et
1250 2264 1411 2342 Hesiodea,
1436 2265 1488 2339 qui
1513 2265 1542 2320 in

269 2354 358 2413 tertio
388 2354 464 2411 libro
489 2353 627 2431 Catalogi
657 2354 692 2412 de
721 2354 905 2431 Argonautis
936 2354 1076 2430 exposuit
1098 2347 1204 2433 (schol.
1222 2354 1322 2430 Apoll.
1342 2354 1397 2412 Ith.
1422 2372 1443 2410 11
1470 2346 1543 2432 1111),

268 2446 299 2502 et
329 2444 382 2520 qui
413 2444 534 2502 Hesiodi
560 2443 688 2521 vestigia
717 2443 858 2521 legebant
880 2447 986 2519 poetae
1010 2443 1205 2521 genealogici.
1251 2443 1366 2501 Horum
1391 2443 1485 2517 igitur
1508 2463 1543 2499 ex

268 2533 449 2592 carminibus
469 2533 650 2592 lineamenta
669 2532 788 2591 fabulae
808 2533 937 2592 Pindaro
957 2533 1193 2591 reconcinnanda
1216 2536 1314 2606 erant3
1338 2551 1415 2607 quae
1440 2532 1543 2606 qualia

269 2624 407 2699 t'uissent,
436 2623 490 2682 hoc
519 2622 583 2682 loeo
611 2622 750 2700 colligere
779 2624 851 2682 olim
879 2623 908 2680 in
939 2623 1038 2680 animo
1067 2622 1135 2680 tuit.
1182 2621 1239 2679 Sed
1262 2625 1424 2696 postquam
1448 2624 1543 2678 totam

267 2712 343 2770 hanc
366 2713 521 2771 materiem
544 2712 574 2769 in
599 2711 882 2788 Prolegomenorum
905 2711 1012 2787 quinto
1040 2711 1116 2770 libro
1145 2711 1317 2768 adumbrari
1346 2710 1453 2768 melius
1480 2728 1543 2767 esse

268 2800 419 2877 duximus,
447 2801 572 2860 lectores
600 2801 637 2858 ad
669 2800 748 2859 hunc
778 2800 888 2859 librum
916 2803 947 2858 et
973 2800 1110 2875 inprimis
1138 2820 1165 2875 p.
1191 2816 1271 2857 cxxv
1295 2818 1336 2875 sq.
1362 2798 1543 2876 delegamus.

267 2890 324 2948 Hic
352 2890 450 2950 solum
477 2902 644 2966 monemus,
673 2890 753 2966 quod
782 2890 812 2948 in
840 2891 895 2947 hoc
918 2889 1048 2948 carmine
1072 2889 1265 2966 Argonautas
1288 2887 1460 2963 redeuntes,
1484 2907 1542 2946 non

268 2980 298 3037 in
329 2978 500 3038 Colchidem
530 2979 697 3056 tendantne,
730 2979 842 3038 Lemno
870 2979 1022 3055 appulisse
1050 2978 1190 3056 legimus,
1218 2978 1274 3036 boc
1303 2977 1478 3054 Pindarum,
1510 2981 1544 3034 ut

268 3069 456 3128 oeconomiae
484 3067 625 3126 carminis
653 3068 833 3143 consuleret,
864 3086 988 3126 novasse
1016 3067 1123 3144 videri,
1156 3067 1283 3126 eundem
1316 3072 1431 3143 autem,
1464 3066 1544 3141 quod

267 3159 423 3235 pauciores
456 3176 547 3232 quam
575 3157 754 3232 Apollonius
787 3158 876 3216 duces
904 3157 1127 3235 Argonauticae
1160 3156 1357 3232 expeditionis
1384 3155 1544 3231 participes

267 3248 359 3305 fuisse
383 3249 499 3322 narrat,
523 3245 561 3303 ad
584 3247 745 3324 genuinam
769 3248 896 3306 formam
918 3247 1028 3306 veteris
1049 3248 1148 3304 famae
1171 3246 1294 3321 propius
1313 3264 1404 3320 quam
1423 3247 1543 3320 poetam

267 3336 503 3395 Alexandrinum
523 3336 669 3394 accedere.
697 3337 903 3414 Argonautica
922 3336 1002 3394 enim
1020 3336 1169 3412 expeditio
1189 3335 1358 3412 antiquitus
1377 3334 1471 3393 solius
1485 3333 1544 3391 tuit

267 3426 369 3501 stirpis
388 3425 590 3501 Aeolidarum,
613 3428 650 3482 ut
669 3425 811 3484 'Phebana
829 3426 909 3484 bella
927 3424 1164 3484 Labdacidarum
1183 3428 1214 3483 et
1232 3424 1421 3503 Argivorum,
1442 3424 1544 3480 'Proin-

266 3535 339 3573 num
358 3515 470 3572 bellum
489 3515 587 3591 gentis
603 3515 777 3573 Atridarum
797 3517 827 3573 et
845 3514 1096 3572 Dardanidarum.
1132 3514 1234 3589 Atque
1255 3515 1310 3572 hoc
1333 3513 1390 3571 iam
1413 3533 1447 3570 ex
1467 3513 1543 3570 anti-

267 3604 423 3680 quioribus
437 3604 611 3662 auctoribus
626 3604 774 3662 Pindarus
789 3604 949 3679 sumpsisse
963 3603 1091 3679 videtur,
1106 3603 1187 3679 quod
1206 3622 1264 3661 non
1284 3604 1381 3661 solum
1398 3602 1543 3676 Aeolides,

267 3694 318 3769 qui
343 3693 373 3750 in
398 3693 569 3751 Thessalico
594 3712 665 3771 agro
690 3693 869 3770 regnabant,
893 3693 944 3751 sed
970 3693 1061 3751 etiam
1087 3711 1150 3769 eos,
1175 3691 1226 3766 qui
1251 3692 1281 3750 in
1309 3692 1541 3767 Peloponnesum

267 3783 482 3860 migraverant,
505 3785 655 3841 consortes
683 3783 880 3858 expeditionis
908 3783 987 3842 tecit.
1033 3781 1133 3839 Unum
1158 3786 1257 3839 tamen
1287 3781 1385 3839 nescio
1414 3800 1451 3838 an
1481 3781 1543 3855 ipse

266 3872 387 3931 llcsiodi
415 3872 580 3950 personati,
608 3872 660 3947 qui
688 3872 719 3929 in
748 3870 869 3948 Κήυκος
896 3870 980 3955 γάμῳ
1007 3870 1167 3929 Herculem
1195 3870 1233 3927 ab
1257 3870 1442 3947 Argonautis
1465 3871 1544 3928 circa

265 3962 450 4040 Magnesiam
477 3961 616 4019 relictum
645 3980 707 4019 esse
735 3962 896 4020 rettulerat
925 3960 1029 4039 (schol.
1050 3960 1149 4035 Apoll.
1169 3978 1178 4014 1
1201 3970 1259 4035 128,
1279 3951 1324 4040 a),
1348 3959 1476 4036 vestigia
1500 3977 1542 4016 se-

266 4055 354 4109 cutus
378 4051 542 4127 novaverit,
567 4050 647 4125 quod
669 4068 732 4107 una
755 4069 822 4108 cum
842 4050 939 4109 Ledae
961 4048 1031 4106 filiis
1055 4049 1147 4106 ctiam
1165 4047 1326 4107 Alcmenae
1350 4048 1445 4106 filium
1469 4048 1542 4106 Iler-

265 4140 362 4198 culem
387 4140 511 4199 Colchos
540 4139 734 4216 navigantem
762 4139 841 4198 feeit.
888 4139 917 4197 ls
945 4140 1023 4197 enim
1047 4158 1105 4196 non
1131 4137 1228 4196 solum
1251 4138 1336 4196 nulla
1360 4157 1428 4196 cum
1452 4138 1543 4194 'Phes-

265 4230 357 4288 saliae
381 4229 485 4305 priscis
508 4227 629 4305 regibus
653 4227 802 4287 affinitate
826 4228 1003 4287 coniunctus
1027 4230 1099 4303 erat,
1119 4227 1168 4284 sed
1189 4227 1280 4285 etiam
1299 4231 1368 4304 post
1386 4228 1542 4303 Argonau-

265 4318 356 4377 ticam
379 4317 598 4394 expeditionem
621 4317 755 4376 floruisse
780 4318 852 4377 olim
871 4317 1058 4391 credebatur,
1082 4319 1117 4373 ut
1139 4317 1266 4375 ruaxirne
1291 4338 1325 4375 ex
1350 4338 1384 4375 eo
1409 4328 1542 4391 apparet,

265 4409 345 4484 quod
368 4408 529 4485 Megaram,
554 4405 645 4463 filium
671 4408 815 4484 (lreontis,
839 4427 962 4465 uxorem
985 4405 1103 4464 duxisse
1127 4406 1287 4465 ferebatur.
1334 4406 1416 4463 Nihil
1441 4410 1541 4463 0111011

265 4498 332 4556 miri
356 4497 454 4573 habet,
478 4496 557 4571 quod
583 4496 739 4573 Pindarum,
763 4516 822 4573 quo
842 4496 941 4555 studio
961 4496 1138 4553 Doricorum
1158 4496 1367 4556 institutorum
1386 4494 1542 4571 flagrabat,

264 4590 415 4644 arrctorern
449 4586 575 4644 Doricae
608 4586 707 4662 gentis
740 4586 898 4643 Herculem
930 4605 948 4642 a
978 4584 1143 4643 clarissimo
1176 4589 1263 4643 coetu
1296 4586 1539 4661 Argonautarum

264 4676 365 4734 abesse
385 4676 489 4732 noluit.
529 4678 666 4733 Peterem
687 4678 789 4733 confer
809 4676 844 4733 de
871 4676 973 4732 tasone
992 4678 1023 4732 et
1043 4675 1228 4751 Argonautis
1252 4674 1390 4749 Seeliger,
1410 4672 1540 4729 ltuscher

264 4766 319 4823 lex.
340 4766 432 4840 myth.
454 4783 472 4821 u
494 4775 526 4822 03
547 4784 583 4822 ss.
609 4784 617 4820 1
638 4777 689 4821 nrt-2
709 4783 746 4824 ss.
