3406 5378
738 420 872 490 [annas
890 418 949 489 xi]

258 577 296 646 εὖ
319 579 351 645 δ’
377 579 527 666 ἑταίρους
551 581 661 667 ἀγλαῷ
685 582 817 669 σκάπτφ
840 580 954 663 πέλας,

224 688 295 751 eoi
315 704 351 752 σε
373 693 598 774 γεραί-ρουτες
620 687 675 773 ὀρ-

304 796 373 860 θάν
396 795 619 879 φυλάσσοισιν
647 793 801 875 Τένεδον,
834 879 836 883 y

261 1011 366 1075 πολλὰ
389 1006 450 1093 μὲν
473 1011 639 1092 λοιβαῖσιν
662 1007 855 1093 ἀγαζόμενοι
878 1009 1013 1094 πρώταν
1035 1015 1141 1090 θεῶν,
1282 1007 1365 1075 Ἀντ.
1385 1008 1428 1074 α’.

259 1117 363 1182 πολλά
387 1113 424 1181 δὲ
447 1119 558 1203 κυίσᾳ·
582 1117 666 1200 λύρα
690 1114 729 1180 δέ
750 1135 811 1200 σφι
834 1116 987 1201 βρέμεται
1011 1114 1066 1180 καὶ
1090 1115 1199 1180 ἀοιδά·

260 1221 315 1287 καὶ
339 1224 449 1301 ξενίου
472 1224 555 1300 Διὸς
578 1223 723 1288 ἀσκεῖται
746 1223 845 1308 θέμις
868 1222 999 1300 ἀενάοις

261 1329 297 1394 έν
320 1329 498 1415 τραπέζαις.
545 1330 627 1395 ἀλλά
651 1332 715 1395 σὺν
738 1331 818 1418 δόξᾳ
841 1328 934 1408 τέλος

208 1454 242 1501 10
261 1438 534 1522 δυωδεκάμηνον
556 1438 653 1523 περά-

305 1562 360 1610 σαι
385 1548 449 1609 σὺν
472 1544 606 1634 ἀτρώτφ
629 1546 758 1633 κραδίᾳ.

262 1760 368 1844 ἀνδρα
392 1756 423 1824 δ’
450 1758 512 1841 eye
535 1763 701 1845 μακαρίζω
724 1757 785 1845 μέν
806 1759 924 1844 πατέρ’
946 1757 1144 1845 Ἀρκεσίλαν,
1302 1758 1367 1826 ’an
1386 1760 1429 1826 α’.

261 1863 316 1930 καὶ
339 1866 376 1930 τὸ
399 1867 528 1949 θαητὸν
553 1866 653 1951 δέμας
675 1866 833 1951 ἀτρεμίαν
855 1890 889 1931 τε
912 1865 1084 1949 ξύγγονον.
1451 1886 1482 1932 ιο

261 1974 292 2036 εί
313 1972 352 2036 δέ
374 1996 423 2049 τις
446 1974 545 2054 ὄλβου
569 1977 652 2057 ἔχων
675 1983 789 2060 μορφᾷ
811 1975 1053 2058 παραμεύσεται
1077 1976 1212 2057 ἀλλους,

261 2082 297 2144 έν
319 2077 348 2143 τ’
375 2077 548 2144 ἀέθλοισιν
571 2079 754 2164 ἀριστεύων
778 2079 954 2158 έπέδει-ξεν
977 2085 1067 2164 βίαν·

208 2203 241 2250 15
259 2187 369 2250 θνατὰ
392 2185 572 2269 μεμνάσθω
595 2186 817 2270 περιστέλλων
839 2186 919 2271 μέλη

261 2291 316 2357 καὶ
339 2294 511 2358 τελευ-τάν
534 2291 690 2358 ἁπάντων
713 2303 776 2376 γᾶν
799 2292 1057 2378 έπιίεσσόμενος.

278 2529 302 2577 l.
327 2525 420 2593 ἀγλαῶ
444 2522 557 2578 σκάπτω
576 2524 643 2578 BD
663 2554 694 2562 ·-
713 2522 803 2585 πύλας
821 2524 849 2577 Β
870 2555 901 2564 -
921 2529 945 2577 6.
970 2525 1107 2596 λοιβαῖσιν
1126 2524 1208 2594 Bne:
1234 2525 1341 2595 λοιβαις
1363 2523 1430 2576 BD
1450 2555 1482 2562 -

210 2599 235 2649 8.
263 2592 347 2665 Θέμις
372 2594 498 2664 Boeckh‚
523 2591 606 2665 θέμις
624 2593 723 2664 vulgo;
751 2595 784 2648 cf.
804 2594 869 2648 Eur.
889 2594 962 2649 Med.
982 2611 1022 2650 208
1040 2627 1074 2634 —
1094 2599 1118 2649 9.
1144 2602 1197 2649 νῦν
1216 2592 1298 2660 δόξαι
1316 2597 1345 2649 et
1362 2592 1483 2662 περᾶσαί

208 2687 253 2721 νιν
268 2666 338 2721 coni.
354 2666 422 2720 olim
435 2666 602 2733 Mommsen3
622 2665 682 2735 ipse
701 2668 876 2721 tentaveram
895 2664 956 2720 ἀλλ’
973 2666 1118 2736 ἀγακλεής,
1133 2681 1168 2719 ne
1182 2665 1226 2719 bis
1261 2665 1413 2736 rnepositio
1433 2666 1484 2720 obv

209 2741 366 2792 occurreret
381 2771 413 2779 —
430 2743 471 2792 10.
486 2735 607 2806 περᾶσαί
625 2757 672 2791 νιν
690 2736 761 2792 coni.
776 2737 906 2808 Hartung
920 2770 954 2778 -
970 2743 1011 2792 11.
1030 2737 1134 2805 ἀνδρὸς
1153 2736 1205 2806 ἐγὼ
1224 2685 1292 2791 oiim
1311 2736 1484 2792 conieceram

209 2841 244 2848 -
262 2807 396 2879 ἀγησίλαυ
411 2811 439 2864 Β
452 2815 543 2865 -12.
563 2806 699 2879 ἀρτεμίαν
717 2807 788 2864 coni.
808 2808 1012 2864 Schneider-
1033 2814 1074 2863 13.
1093 2813 1189 2878 μορφά
1207 2809 1417 2878 παραμεύσεται
1437 2807 1484 2861 ἀλ-

209 2884 273 2943 λους
291 2898 324 2934 ex
343 2880 457 2934 scholiis
475 2881 574 2936 Pauw:
594 2889 690 2950 μορφά
705 2880 915 2950 παραμεύσεται
928 2878 1051 2950 (παραμέ
1096 2862 1313 2949 sensibilitas
1327 2880 1399 2947 BD,
1418 2898 1484 2949 μορ-

210 2952 270 3020 φὰν
288 2950 496 3021 παραμεύσεται
514 2951 605 3006 ἄλλων
623 2951 694 3008 coni.
714 2951 827 3006 Boeclrh
846 2984 879 2991 —
901 2958 941 3007 14.
961 2951 1040 3006 έπιδε
1068 2971 1086 3023 ῃ
1104 2951 1208 3020 Breyar
1225 2950 1299 3005 anal.
1314 2950 1394 3006 Pine.
1410 2967 1435 3004 ar
1450 2982 1483 2990 —

281 3099 306 3147 4,
326 3091 438 3166 σκάπτῳ
457 3092 517 3147 scil.
528 3092 640 3161 Vestae,
660 3110 716 3148 non
734 3094 928 3168 Aristagorae3
948 3097 1044 3148 statua
1062 3092 1138 3148 enim
1156 3094 1268 3163 Vestae,
1287 3110 1359 3162 quae
1378 3092 1485 3147 Tenedi

210 3163 325 3234 perinde
344 3167 428 3232 atque
447 3163 619 3218 Athenarum
639 3169 675 3233 (r.
694 3164 777 3222 Paus.
796 3184 806 3219 1
826 3184 864 3235 rs,
883 3169 906 3236 s)
924 3165 954 3219 in
973 3165 1051 3220 curia
1069 3165 1163 3236 posita
1182 3168 1255 3233 erat,
1281 3167 1434 3235 sceptrum,
1453 3168 1486 3218 ut

210 3235 353 3289 dominam
375 3234 469 3289 curiae
492 3235 624 3304 decebat,
648 3252 733 3290 manu
758 3237 872 3291 sinistra
890 3237 1018 3305 tenebat,
1042 3237 1181 3305 quomodo
1201 3236 1331 3306 suppletu
1349 3253 1423 3290 nunc
1442 3238 1486 3290 est

212 3306 394 3360 celeberrima
412 3306 515 3361 Vestae
534 3308 630 3361 statua
649 3307 835 3364 Giustiniana.
869 3307 997 3363 Ceterum
1016 3307 1044 3371 ές
1062 3307 1194 3378 θάλαμον
1213 3312 1242 3361 et
1260 3308 1353 3380 ἀγλαῷ
1373 3307 1485 3380 σκάπτῳ

208 3377 294 3440 πέλας
317 3377 354 3430 ad
377 3379 522 3447 utrosque,
541 3377 735 3450 Aristagoram
757 3382 905 3450 prytsncm
924 3379 987 3434 dico
1006 3383 1035 3433 et
1054 3382 1196 3433 senatores
1216 3379 1327 3433 sodales
1346 3379 1485 3448 pertinere

212 3450 241 3502 in
259 3448 355 3519 aprico
374 3451 418 3503 est
438 3481 468 3488 —
489 3455 514 3502 6.
533 3451 647 3516 πρώταν
665 3454 755 3519 θεῶν,
774 3469 830 3505 non
849 3451 925 3520 quod
942 3451 1071 3521 princeps
1091 3451 1206 3505 deorum
1225 3450 1322 3518 tuerit,
1342 3450 1391 3504 scd
1410 3450 1485 3517 quod

212 3520 237 3574 ei
263 3520 370 3590 primae
395 3519 461 3574 novi
486 3520 669 3588 magistratus
696 3522 892 3592 operabantur.
937 3522 1041 3577 Schol:
1074 3523 1186 3590 πρώτην
1219 3520 1249 3575 δὲ
1278 3521 1383 3590 ταύτην
1415 3516 1485 3586 εἷπε,

211 3590 339 3646 καθόσον
363 3590 415 3645 ἀπ’
436 3592 522 3661 αὐτῆς
540 3591 575 3660 ἥρ
594 3612 666 3648 octo.
704 3595 752 3647 καὶ
771 3597 930 3662 Σοφοκλῆς·
958 3589 1095 3661 ὧπρῶρα
1114 3595 1208 3665 λοιβῆς
1223 3590 1318 3647 Ἐστία
1339 3625 1371 3632 -
1393 3598 1415 3648 λ’.
1436 3609 1486 3661 σφι

211 3663 358 3718 Homerico
376 3680 429 3716 usu
448 3662 483 3717 de
502 3680 558 3718 una
576 3613 630 3718 ian
642 3664 730 3719 Vesta
749 3667 913 3735 usurpatum
933 3668 1027 3717 est-
1048 3669 1072 3719 8.
1092 3662 1185 3729 ξενίου
1205 3664 1273 3727 Διὸς
1291 3665 1417 3718 ἀσκεῖται
1435 3662 1485 3716 θέ-

209 3752 265 3804 μις·
291 3733 378 3788 simili
400 3733 541 3789 looutione
560 3735 650 3789 utitur
673 3735 821 3803 O.v1nor;
848 3738 928 3790 erant
946 3738 1041 3789 autem
1059 3734 1139 3787 iuxta
1157 3735 1249 3787 iocum
1269 3737 1302 3788 ut
1320 3734 1349 3787 in
1367 3735 1486 3805 privatis

210 3805 347 3874 domibus,
367 3804 408 3859 sic
426 3807 513 3859 etiam
532 3806 562 3859 in
580 3806 701 3876 publicis
716 3807 800 3860 curiis
815 3823 927 3861 mensae
946 3807 1092 3875 epularum
1111 3806 1267 3876 appositae,
1287 3822 1405 3873 quarum
1420 3822 1486 3873 epu·

209 3876 301 3930 larum
319 3876 409 3930 iustus
429 3881 581 3948 apparatus
601 3877 631 3930 in
648 3878 790 3965 praesidio
809 3878 883 3931 Iovis
901 3877 1051 3947 hospitalis
1070 3881 1144 3945 crat,
1164 3877 1237 3930 unde
1252 3876 1281 3929 in
1295 3875 1411 3931 Creticis
1426 3894 1486 3945 sys-

212 3947 285 4001 sitiis
300 3965 413 4002 mensae
427 3947 582 4019 hospitales
594 3951 739 4019 (τραπεζαι
753 3948 871 4017 escinei)
885 3949 974 4020 primo
990 3948 1051 4002 loeo
1066 3947 1221 4002 collocatae
1236 3950 1329 4015 erant;
1344 3967 1369 4002 v.
1385 3947 1486 4000 Athen.

210 4038 237 4071 rr
252 4038 278 4088 p.
296 4036 341 4075 14³.
374 4021 466 4090 Atque
491 4019 595 4074 cotidie
619 4020 733 4089 quidem
756 4020 786 4074 in
808 4023 945 4091 prytaneo
964 4019 1130 4074 Atheniensi
1154 4023 1303 4074 coenatum
1326 4035 1386 4073 esse
1404 4035 1486 4073 nemo

210 4090 311 4156 nescit,
337 4089 540 4160 splendidiores
560 4108 637 4160 vero,
661 4109 734 4160 quae
752 4092 887 4146 tibiarum
905 4092 1057 4160 fidiumque
1076 4095 1161 4145 cantu
1180 4094 1362 4161 augerentur,
1386 4106 1486 4144 coenas

210 4162 240 4214 in
263 4161 477 4231 inauguratione
501 4162 566 4217 novi
591 4180 636 4216 ma
659 4162 719 4217 'stri
742 4162 840 4234 populi
863 4164 954 4216 factas
979 4179 1039 4216 esse
1062 4180 1114 4233 par
1137 4167 1180 4216 est
1202 4195 1237 4202 —
1256 4167 1280 4216 8.
1301 4161 1369 4224 Διὸς
1390 4159 1487 4230 Θέμις·

210 4233 240 4285 in
265 4231 352 4287 simili
376 4233 516 4288 sententia
534 4234 607 4287 dixit
643 4252 693 4288 rur.
714 4235 786 4289 Med.
807 4251 845 4290 aea
873 4234 964 4297 Ζανὸς
982 4231 1080 4302 δρκίαν
1101 4231 1189 4304 Θέμιν
1209 4266 1240 4273 -
1261 4238 1285 4286 9.
1305 4230 1381 4295 τέλος
1398 4232 1487 4315 magi-

212 4306 331 4357 stratum
350 4303 491 4376 significat
509 4305 539 4358 in
557 4308 626 4359 nota
639 4305 759 4360 formula
774 4305 801 4359 ol
815 4307 845 4360 ἐν
859 4304 946 4372 τέλος
966 4322 1090 4359 annuum
1104 4323 1167 4359 eum
1181 4304 1287 4359 Tenedi
1301 4307 1333 4358 ut
1347 4302 1376 4357 in
1390 4304 1487 4374 plens-

211 4392 265 4444 que
291 4375 455 4430 civitatibus
481 4376 615 4430 Graeciae
645 4376 733 4431 fuisse
759 4394 792 4431 ex
819 4376 945 4459 epitheto
975 4376 1177 4446 δωδεκάμηνον
1202 4379 1335 4446 apparet;
1368 4375 1488 4444 denique

210 4447 511 4572 affectatitia?
535 4447 1154 4590 clidebaldi?{eiecticiae
1169 4447 1487 4587 ltsstnllttlptff

213 4607 310 4672 sonae!
321 4606 394 4659 quae
408 4589 476 4643 felix
491 4589 671 4677 praedicatur
684 4590 787 4659 (ἄνδρα
805 4591 865 4646 scil.
882 4588 1095 4715 Ἆρισταγάρακβ,
1114 4594 1143 4644 et
1161 4608 1260 4672 rerum,
1278 4590 1314 4643 ob
1329 4608 1399 4658 quas
1420 4589 1489 4642 felix

213 4662 393 4731 praedicatur
418 4664 537 4729 (πατερα
558 4659 715 4729 Ἀρκεσίλαν
740 4664 788 4716 καλ
814 4663 845 4717 rb
870 4662 956 4731 δέμας
981 4664 1068 4786 &cosp
1079 4682 1116 4716 αν
1141 4681 1171 4716 τε
1197 4658 1489 4730 εο11.Ἀρισταγο’ρου);

214 4732 335 4786 similem
360 4732 480 4785 formam
505 4732 720 4786 constructionis
765 4733 864 4788 racbet
881 4733 1022 4803 Aristoph.
1069 4749 1126 4804 esp.
1146 4749 1185 4789 ose
1207 4733 1284 4787 τουτὶ
1309 4731 1363 4802 γάρ
1390 4750 1433 4785 τοι
1458 4750 1489 4785 σε

212 4801 300 4874 μόνον
322 4803 428 4856 τούτων
452 4799 491 4857 ὧν
515 4802 628 4872 εἴρηκας
650 4807 791 4874 μακαριζω
812 4838 844 4843 --
865 4811 905 4859 lo.
926 4805 1024 4858 eadem
1044 4805 1197 4873 sententia,
1220 4820 1277 4872 qua
1296 4802 1489 4873 Aristagoram

215 4877 300 4946 poeta
314 4873 351 4926 ab
366 4873 563 4927 audacioribus
583 4874 730 4929 conatibus
749 4876 785 4928 ad
805 4875 984 4946 prudentiam
1001 4878 1030 4929 et
1043 4875 1210 4930 modestiam
1228 4877 1351 4943 revocat,
1370 4874 1490 4943 primam

267 4973 392 5014 Pisonos
406 4973 442 5014 cd.
455 4972 557 5014 christ.
1242 4969 1274 5017 *21
