3496 5354
316 346 358 409 32
785 347 934 397 prunam
952 346 1120 397 arsurem.

315 535 444 575 errorem
476 514 604 590 inducti,
637 516 750 572 ceteras
779 512 920 572 victorias
953 512 1013 570 alio
1046 530 1123 570 anno
1156 512 1325 586 reportatas
1358 529 1420 570 esse
1453 510 1592 570 arbitrati

316 605 463 663 mutarem
485 604 550 662 eius
573 601 731 661 victoriam
755 600 800 661 Ol.
822 605 860 662 81
882 601 1054 661 coniectura
1076 600 1174 658 futtili
1197 600 1399 678 assignabant.
1443 600 1501 659 Sed
1524 620 1593 659 cum

316 713 411 769 neque
431 692 568 768 pluribus
583 690 812 767 Olympiadibus
831 690 988 749 victoriam
1007 689 1198 748 Psaumidem
1220 693 1388 765 reportasse
1407 690 1592 749 testimonio-

316 802 384 840 rum
406 782 463 842 fide
487 784 602 841 constet
626 783 657 838 et
678 780 788 856 triplex
806 780 933 838 victoria
951 779 1097 855 equestris
1116 778 1219 837 eodem
1238 797 1316 837 anno
1333 782 1487 854 reportata
1503 779 1592 854 plane

317 871 453 929 inaudita
482 871 533 947 sit,
566 869 734 928 Boeckhius
758 889 820 928 rem
843 869 887 927 ita
910 867 1073 945 expedivit,
1097 871 1133 925 ut
1155 866 1346 926 Psaumidem
1370 865 1415 926 Ol.
1436 870 1477 928 82
1501 869 1593 927 rheda

316 960 426 1017 mulari
455 960 519 1018 sola
542 958 663 1033 vicisse,
691 958 793 1017 eodem
817 960 919 1016 autem
942 976 1020 1016 anno
1045 956 1136 1015 etiam
1160 956 1314 1035 quadrigis
1337 960 1368 1015 et
1391 977 1467 1034 equo
1495 959 1593 1017 desul-

317 1048 394 1107 torio
425 1052 568 1123 certasse,
599 1047 650 1105 sed
680 1066 738 1106 non
768 1047 874 1105 vicisse
905 1048 1059 1105 statueret.
1105 1046 1202 1104 Locus
1233 1064 1366 1123 quoque,
1397 1067 1455 1122 quo
1484 1051 1593 1124 quarta

316 1139 390 1196 haec
414 1138 471 1195 oda
494 1139 616 1195 cantata
639 1154 702 1194 asse
724 1134 885 1211 videretur,
908 1135 939 1193 in
963 1134 1210 1210 disceptationem
1232 1134 1322 1193 venit.
1367 1135 1433 1194 Una
1456 1136 1535 1195 enim
1558 1156 1593 1195 ex

316 1230 403 1302 parte
427 1226 577 1301 particula
600 1222 705 1282 αὐτίκα
727 1245 755 1282 v.
775 1235 790 1281 s
814 1222 924 1283 indicio
947 1243 1010 1283 esse
1029 1224 1156 1301 videtm,
1176 1223 1264 1282 odam
1283 1224 1424 1284 continuo
1443 1229 1512 1301 post
1530 1226 1593 1301 pal·

317 1335 396 1373 mam
410 1318 529 1390 partum
544 1312 702 1389 Olympiae
716 1315 869 1372 cantatam
883 1331 960 1389 esse3
984 1313 1080 1371 altera
1095 1315 1197 1371 autem
1216 1332 1251 1372 ex
1268 1316 1355 1388 parte
1374 1313 1593 1373 invocationem

317 1404 396 1463 lovis
411 1403 538 1462 Aetnaei
554 1398 594 1479 (v.
610 1398 640 1479 6)
655 1403 751 1480 magis
771 1402 895 1460 carmini
913 1402 944 1459 in
964 1401 1067 1461 Sicilia
1081 1402 1229 1460 cantando
1249 1402 1405 1461 convenire
1424 1407 1516 1479 patet.
1549 1404 1593 1461 De

317 1492 391 1550 urbe
407 1491 564 1551 Camerina
583 1491 648 1566 ipsa
667 1492 791 1566 eiusque
811 1490 872 1550 situ
891 1494 921 1548 et
938 1490 1065 1549 historia
1079 1490 1226 1550 uberrime
1242 1491 1409 1567 disputarit
1425 1492 1594 1569 Schubring

317 1581 424 1640 Philol.
439 1593 472 1639 en
489 1574 529 1660 (a.
548 1574 647 1660 1873)
662 1592 714 1638 neo
730 1599 766 1640 ss.

408 1670 443 1727 ln
471 1669 569 1745 prima
595 1671 680 1745 parte
709 1668 848 1727 carminis
875 1668 977 1727 Iovem
1004 1672 1095 1743 poeta
1126 1667 1258 1745 invocat,
1289 1673 1325 1727 ut
1354 1671 1593 1731 comissationem

320 1759 487 1817 Pssumidis
515 1758 638 1832 victoris
665 1757 814 1833 propitius
844 1756 973 1832 accipiat
995 1760 1026 1815 et
1052 1756 1165 1815 futuris
1188 1757 1252 1816 eius
1275 1759 1406 1818 consiliis
1428 1760 1503 1820 bene
1526 1781 1593 1837 pro-

318 1847 427 1906 videat.
473 1847 509 1905 In
533 1845 628 1921 epoda
651 1846 752 1923 exigui
780 1845 932 1922 carminis,
961 1849 997 1903 ut
1019 1865 1056 1903 ne
1079 1845 1217 1905 fabulosa
1240 1848 1410 1907 narratione
1433 1850 1522 1925 plane
1546 1869 1593 1909 ca-

320 1939 410 2013 reret,
434 1935 638 2011 Psaumidem,
663 1934 715 2010 qui
739 1952 903 2010 praecanus
926 1934 1084 1994 victoriam
1106 1940 1273 2010 reportasse
1297 1936 1424 2015 videtur,
1447 1958 1516 1998 cum
1540 1941 1593 1998 Er—

317 2025 388 2103 gino
410 2024 547 2100 Clymeni
565 2022 626 2083 filio
642 2023 820 2100 Argonauta
838 2025 1002 2099 comparat,
1024 2024 1077 2100 qui
1096 2023 1126 2082 in
1145 2025 1225 2082 ludis
1244 2026 1418 2085 funebribus
1440 2028 1593 2105 Thoantis,

317 2133 386 2173 cum
414 2114 445 2172 in
473 2132 595 2171 arenam
624 2113 802 2171 descendens
827 2112 864 2171 ob
887 2112 1028 2171 canitiem
1051 2112 1229 2189 capillorum
1252 2116 1412 2175 mulierum
1435 2117 1594 2178 cachinnos

317 2203 468 2280 movisset,
492 2202 625 2278 palmam
648 2221 737 2261 cursu
760 2201 878 2260 meruit.

863 2319 908 2384 De
931 2320 1053 2385 metris.

408 2431 555 2493 Carminis
582 2432 672 2491 huius
700 2432 731 2491 in
759 2451 869 2509 pompa
898 2424 938 2514 (v.
961 2425 1008 2513 1⁶2)
1031 2433 1139 2493 fidibus
1163 2435 1383 2497 suceinentibus
1406 2430 1448 2518 (v.
1471 2432 1502 2519 3)
1525 2460 1594 2498 cau·

320 2523 379 2581 tati
409 2522 526 2581 numeri
556 2525 628 2580 sunt
657 2522 823 2600 logaoedici
855 2524 886 2580 et
915 2521 1070 2599 trochaici,
1101 2523 1250 2581 communi
1279 2528 1379 2584 tractu
1402 2527 1503 2586 lonico
1527 2549 1594 2587 con-

319 2610 433 2671 sociati.
483 2611 519 2670 In
548 2630 659 2687 pompa
689 2630 757 2671 cum
788 2610 892 2686 aequis
921 2610 1036 2669 vicibus
1067 2611 1169 2669 dextro
1200 2615 1231 2669 et
1261 2612 1379 2672 sinistro
1410 2616 1484 2690 pade
1514 2622 1594 2674 terra

321 2701 468 2777 pulsanda
491 2701 597 2777 fuerit,
622 2718 723 2759 omnes
745 2717 849 2760 versus
873 2699 903 2756 in
927 2698 1062 2774 dipodius
1086 2699 1129 2756 ita
1153 2699 1283 2758 dividere
1307 2706 1432 2760 conatus
1456 2722 1534 2781 sum,
1558 2709 1594 2762 ut

319 2790 349 2848 in
374 2808 417 2866 ea,
442 2809 533 2864 quam
556 2789 620 2847 ictu
642 2787 816 2866 significavi,
840 2787 907 2845 sede
931 2786 1033 2845 dexter
1055 2805 1107 2862 pes
1130 2787 1200 2862 poni
1223 2791 1331 2862 posset.
1368 2791 1470 2850 Etiam
1491 2793 1593 2850 inania

317 2882 455 2954 tempora
478 2879 516 2937 ad
539 2877 699 2935 intervalla
722 2894 884 2951 pausarum
909 2874 1053 2950 explenda
1075 2875 1241 2934 necessaria
1263 2877 1344 2936 haud
1367 2898 1455 2958 aegre.
1479 2880 1593 2940 definiri

317 2969 451 3044 possunt.
483 2966 611 3025 Versum
631 2966 773 3040 quartum
792 2967 823 3022 et
841 2963 924 3038 prius
943 2964 1028 3022 colon
1048 2963 1146 3039 quinti
1165 2984 1269 3025 versus
1284 2966 1314 3024 in
1328 2987 1421 3027 unam
1438 2970 1593 3046 periodum

318 3057 549 3133 coniungentcm
572 3053 757 3112 Boeckhium
780 3071 876 3127 neque
900 3052 1048 3129 Bergkius
1066 3072 1162 3129 neque
1186 3074 1240 3132 ego
1264 3057 1360 3115 secuti
1383 3078 1500 3137 sumus,
1522 3060 1594 3119 item

318 3145 373 3205 sub
401 3148 490 3202 finem
517 3142 657 3218 strophae
685 3141 820 3200 codicum
847 3141 936 3199 fidem
962 3141 1048 3216 sequi
1074 3142 1169 3200 malui
1198 3163 1290 3219 quam
1312 3146 1497 3207 Boeckhium
1520 3149 1595 3207 duas

318 3234 431 3310 primas
458 3232 590 3309 syllabas
622 3230 723 3289 ultimi
754 3248 857 3289 versus
889 3230 1078 3305 praecedenti
1110 3232 1210 3291 versui
1242 3233 1427 3295 adicientem.
1473 3238 1594 3316 Longae

319 3325 423 3382 autem
453 3321 564 3380 initiali
594 3339 736 3379 versuum
765 3319 904 3394 strophae
934 3319 1018 3377 tertii
1047 3320 1122 3379 sexti
1153 3322 1251 3382 octavi
1274 3325 1358 3401 noni,
1382 3326 1469 3400 spodi
1493 3327 1594 3401 quarti

319 3412 439 3488 septimi
466 3411 528 3469 vim
556 3418 669 3487 μακρᾶς
697 3405 840 3487 τρισήμου
868 3407 1058 3467 tribuendam
1085 3428 1147 3468 esse
1175 3411 1265 3489 duco,
1298 3414 1416 3489 quade
1440 3434 1470 3473 re
1494 3416 1595 3474 confer

318 3501 397 3560 Prol.
421 3519 473 3557 xix
498 3503 528 3558 et
553 3518 580 3557 a.
626 3497 830 3557 Difficillimus
860 3516 930 3557 vero
963 3498 1001 3556 ad
1031 3497 1232 3558 scandendum
1262 3504 1307 3559 est
1335 3521 1438 3561 versus
1468 3506 1595 3580 quartus

320 3590 469 3666 strophae,
492 3588 604 3664 utqui
628 3608 663 3646 ex
687 3587 758 3645 solis
782 3586 905 3662 syllabis
929 3586 1028 3664 longis
1046 3591 1175 3663 constet,
1199 3590 1338 3665 equidem
1357 3611 1425 3650 eum
1444 3612 1479 3652 ex
1498 3593 1595 3651 tribus

318 3679 457 3755 spondeis
480 3677 649 3754 duplicibus
680 3679 815 3736 constare
844 3674 987 3753 indicavi,
1017 3675 1127 3734 etenim
1153 3679 1243 3752 pedes
1271 3679 1360 3738 orthii
1388 3682 1435 3740 vel
1463 3682 1594 3741 trochaei

320 3768 456 3845 sementi,
480 3767 510 3825 in
534 3785 609 3842 quos
633 3770 663 3825 et
686 3765 766 3840 ipsos
789 3784 839 3824 sex
862 3764 994 3841 syllabas
1016 3764 1122 3841 longas
1145 3767 1212 3843 cogi
1235 3788 1321 3842 posse
1344 3770 1456 3847 largior

549 3865 852 3917 ωλὼῌὼὼ
1064 3864 1366 3919 &mmmmm

320 3963 444 4025 carmini
468 3963 557 4022 choro
580 3960 730 4039 gradienti
753 3960 901 4019 cantando
925 3960 1024 4018 minus
1047 3962 1236 4021 conveniunt.

1358 4105 1439 4187 Στρ.

530 4201 676 4290 Ἐλατὴρ
699 4202 860 4290 ὑπέρτατε
882 4207 1026 4290 βροντᾶς
1049 4205 1320 4291 ἀκαμαντόποδος

581 4316 661 4374 Ζεῦ·
685 4309 755 4374 τεαὶ
778 4311 841 4396 γὰρ
866 4305 948 4396 ὧραι

392 4523 473 4557 varus
491 4522 595 4591 nacrrp.
621 4504 716 4593 ,Inacr
748 4501 876 4591 chpprdr-
890 4508 1076 4581 Καμαριναίῳ
1090 4507 1193 4579 ἅρματι
1208 4512 1243 4578 Δ,
1260 4510 1353 4581 saepi.
1368 4515 1440 4599 Καρ,
1457 4510 1554 4573 ἵπποις
1569 4511 1598 4575 G,

324 4576 450 4646 Ψαύμιὸι
467 4579 650 4648 Καμαριααιῳ
670 4580 833 4648 (Καμαρινῳ
852 4575 890 4645 Β)
909 4573 1005 4640 ἵπποις
1024 4579 1170 4647 νικήσαντι
1184 4583 1236 4652 τὴν
1254 4582 1444 4653 ὀγδοηκοσιηα
1463 4582 1599 4651 δευτέραν

394 4736 582 4773 connnrrnnu.
621 4735 646 4772 v.
667 4724 690 4772 1.
719 4717 888 4772 vocabulum
915 4718 1163 4793 ἀκαμαντόποδος,
1191 4725 1267 4796 quod
1294 4725 1437 4797 proprium
1464 4743 1599 4795 equorum

323 4790 367 4863 (Ο.
377 4810 408 4844 111
422 4793 444 4862 a)
459 4793 510 4861 est,
530 4789 567 4844 ad
581 4788 688 4844 fulmen
702 4788 776 4843 Iovis
789 4787 934 4845 velocibus
948 4792 1028 4861 equis
1042 4796 1171 4852 vehentis
1186 4797 1361 4865 transfertur,
1376 4797 1450 4851 unde
1463 4797 1598 4852 Horatius
