3406 5378
375 349 441 414 282
848 353 995 404 rruuaar
1014 354 1181 408 sururcrr.

490 511 585 598 εὖχος
608 516 762 598 ἁγὼ-νων
785 518 864 599 ίίπο,
887 517 966 592 τοὺς
989 513 1171 580 ἐνέποι-σιν
1194 515 1317 598 ίερούς,
1462 512 1534 579 ’Era
1554 513 1597 597 γ’.

389 638 422 685 60
487 621 673 707 Ἀλκιμίδας
695 626 732 688 τό
756 621 787 706 γ’
814 622 969 707 ἕποίρκεσε

486 734 597 815 κλειτᾷ
619 739 728 817 γενεᾷ·
753 731 816 795 δύο
838 726 899 814 μὲν
922 731 1071 813 Κρονίου
1090 770 1103 778 -
1122 750 1188 813 παρ
1212 727 1350 813 τεμένει,
1600 745 1652 792 105

376 848 433 908 (70)
488 847 561 919 παῖ,
584 835 624 902 σε’
644 834 672 901 r'
699 834 854 921 ἐνόσφισε
876 835 932 901 καί
955 837 1185 920 Πολυτιμίδαν

485 949 606 1028 κλᾶρος
628 946 791 1029 προπετὴς
810 985 823 994 -
842 942 939 1009 ἄνθε’
962 942 1189 1027 Ὀλυμπιάδος.

486 1052 621 1135 δελφῖνί
640 1074 697 1116 κεν

535 1157 632 1241 τάχος
655 1156 699 1223 δι’
726 1159 830 1242 ἅλμας

388 1282 421 1329 es
490 1265 647 1349 εἰκάζοιμι
670 1268 860 1349 Μελησίαν,

374 1384 430 1437 (7οΙ
485 1382 604 1457 χειρῶν
627 1371 738 1437 τεκαὶ
763 1373 876 1456 ίσχύος
899 1372 1044 1456 ἁνίοχον.

372 1583 513 1637 Hermann
539 1613 572 1622 -
599 1588 641 1635 60.
665 1579 817 1669 Ἀλκιμίδας
841 1581 872 1637 τό
898 1582 925 1653 7'
948 1582 1081 1650 ἔποίρκεσε
1108 1586 1201 1656 κλειτᾷ
1227 1588 1309 1656 γενεᾷ
1329 1583 1403 1649 ΒΙ),
1426 1579 1564 1652 Ἀλκιμίδα
1583 1580 1598 1636 ὅ
1619 1582 1647 1651 γ’

373 1652 508 1720 ἐπάρκεοε
534 1653 628 1707 κλειτά
653 1672 736 1722 μενεα
763 1654 833 1709 coni.
855 1654 980 1721 Schmid‚
1005 1653 1072 1709 Ἀλκι
1095 1652 1157 1722 tea,
1179 1651 1211 1708 τί
1230 1653 1257 1723 γ’
1279 1653 1433 1721 ἐπάρκεοας
1452 1658 1545 1708 alesta
1564 1660 1648 1722 γενεά

373 1724 478 1793 Bergh;
504 1723 530 1777 ι’
551 1741 601 1795 pro
624 1723 651 1794 γ’
672 1724 774 1778 meluit
792 1726 933 1780 Hermann
953 1675 1137 1795 probabiliter
1157 1758 1189 1765 —
1209 1732 1251 1780 62².
1271 1726 1318 1780 ael
1338 1708 1578 1794 πολυτιμίδανἜε
1600 1712 1647 1778 καὶ

373 1791 540 1865 πολυτιμίδα
568 1796 610 1862 D,
639 1796 687 1850 ael
715 1795 743 1849 el
772 1794 945 1867 Πολυτιμίδα
972 1797 1043 1851 coni.
1067 1796 1210 1851 Hermann
1237 1830 1270 1837 —
1299 1804 1341 1852 64.
1370 1795 1409 1850 δι’
1438 1798 1477 1851 ll:
1506 1794 1535 1850 cl'
1563 1798 1589 1850 B
1613 1830 1649 1837 -

374 1874 416 1922 65.
441 1865 576 1936 είκάζοιμι
599 1866 669 1921 coni.
689 1866 794 1938 Bergk:
819 1864 879 1922 ἴσον
903 1867 1006 1938 εἴποιμι
1031 1869 1105 1937 BD,
1131 1869 1204 1937 quod
1225 1885 1258 1922 ex
1276 1867 1447 1938 glossemate
1471 1871 1568 1922 natum
1587 1884 1650 1922 csse

373 1941 529 2010 coarguunt
548 1937 656 1992 scholia
675 1970 708 1977 —-
727 1944 769 1993 66.
789 1948 877 2009 χερῶν
895 1939 933 1994 D.

374 2082 485 2148 darum,
511 2098 566 2135 non
591 2083 624 2133 ut
648 2080 678 2134 in
704 2080 789 2135 simili
814 2081 874 2135 loco
894 2081 925 2135 0.
945 2100 994 2134 vru
1013 2098 1038 2135 su
1056 2082 1190 2137 Melesiae
1210 2082 1329 2152 aliptae3
1357 2082 1392 2136 de
1410 2082 1536 2136 victoriis
1554 2082 1648 2151 gentis

374 2151 448 2206 enim
467 2151 514 2223 agi
529 2154 648 2222 apparet
662 2169 695 2206 ex
710 2172 735 2206 v.
751 2169 774 2206 οι
791 2156 884 2227 κλειτᾷ
904 2157 986 2226 γενεᾷ
1003 2186 1034 2193 --
1050 2159 1092 2208 59.
1112 2153 1203 2221 ίεροίις
1217 2155 1329 2223 ἀγῶνας
1347 2153 1489 2223 intellegit-
1503 2152 1647 2223 Olympios

374 2223 489 2291 l’ythios
513 2223 667 2278 Nemeseos
691 2223 822 2278 Isthmios
846 2223 939 2290 lndos;
963 2224 997 2278 ct'.
1018 2224 1089 2278 Prol.
1110 2244 1198 2277 cxxxv
1222 2256 1254 2265 —-
1279 2229 1320 2278 60.
1343 2223 1480 2295 Ἀλκιμίδα
1503 2225 1531 2278 in
1555 2223 1647 2278 locum

373 2294 475 2349 veteris
498 2293 627 2349 lectionis
648 2292 801 2364 Ἀλκιμίδας
824 2295 988 2359 restituunt,
1016 2296 1160 2366 praecipui
1184 2295 1290 2362 critici;
1313 2296 1407 2349 nescio
1431 2300 1526 2350 tamen
1550 2314 1586 2349 an
1611 2298 1646 2349 ad

372 2366 517 2420 metricam
546 2365 690 2420 licentiam
718 2366 837 2420 nominis
866 2366 971 2436 proprii
1000 2366 1149 2436 confugere
1177 2369 1301 2437 praestet
1329 2366 1440 2421 collatis
1467 2367 1497 2421 0.
1517 2388 1533 2420 x
1553 2385 1592 2421 rus
1619 2374 1648 2421 et

372 2436 406 2490 N.
426 2456 464 2490 vn
488 2454 527 2503 ῑο;
562 2440 635 2492 certe
667 2437 797 2491 Aeolicus
829 2437 1019 2492 nominativus
1057 2438 1085 2491 iu
1118 2443 1136 2490 ἅ
1168 2437 1237 2493 locis
1271 2437 1409 2492 similibus
1443 2438 1474 2493 0.
1493 2457 1542 2492 vrn
1565 2456 1591 2491 rs
1619 2446 1648 2492 et

373 2508 406 2562 N.
426 2528 456 2561 nr
480 2525 506 2563 ss
528 2526 628 2579 parum
657 2508 829 2574 defenditur,
858 2512 923 2578 apte
950 2512 1044 2563 autem
1071 2526 1126 2563 non
1152 2510 1209 2564 iarn
1235 2509 1288 2563 hoc
1316 2509 1377 2563 loco
1405 2512 1489 2580 poeta
1517 2509 1647 2563 vocativo

373 2597 439 2633 usus
467 2582 522 2646 est,
552 2581 601 2634 sed
629 2582 762 2649 sequente
791 2581 901 2634 demum
925 2597 1006 2634 versu
1034 2581 1196 2650 pronomine
1221 2578 1251 2635 σε’
1275 2579 1372 2634 addito
1396 2614 1429 2620 —
1454 2586 1496 2634 61.
1524 2579 1647 2647 Κρονίου

372 2670 430 2719 παρ
455 2650 574 2722 τεμένει·
600 2650 746 2721 Olympico
771 2668 871 2721 campo
890 2651 918 2704 in
938 2651 1032 2706 radice
1051 2651 1144 2706 Cronii
1163 2652 1266 2705 montis
1290 2651 1358 2718 κίδος
1384 2668 1505 2720 namque
1524 2650 1647 2717 Κρόνιον

372 2722 457 2777 etiarn
481 2722 584 2777 omisso
608 2722 719 2777 nominc
743 2722 824 2790 ὅρους
848 2722 947 2777 collem
972 2723 1084 2777 Saturni
1109 2740 1219 2777 sacrum
1242 2722 1383 2792 signifieat
1407 2722 1438 2776 0.
1458 2743 1466 2774 1
1489 2740 1533 2776 ιιι.
1562 2743 1592 2774 ur
1611 2739 1645 2777 sa.

371 2813 399 2847 vr
418 2811 444 2847 οι
466 2826 501 2834 -
524 2800 565 2848 62.
594 2803 647 2847 παῑ
670 2793 780 2848 addidit
803 2797 901 2865 poeta,
924 2797 956 2846 ut
975 2794 1009 2848 de
1028 2794 1178 2848 certamine
1197 2810 1358 2864 puerorum,
1377 2811 1432 2848 non
1451 2794 1574 2847 virorum
1594 2795 1645 2847 hoc

371 2864 433 2920 loco
459 2864 505 2935 agi
532 2864 704 2935 significaret
730 2898 760 2905 -
789 2862 979 2932 Πολυιιμίδαν
1002 2864 1169 2920 familiarem
1189 2864 1345 2920 Alcimidae
1369 2865 1456 2919 fuisse
1475 2864 1645 2919 scholiastae

371 2940 499 3004 narrant,
529 2936 689 2991 coniectura
714 2935 812 3006 opiner
835 2935 913 2990 ducti
939 2968 969 2975 -
995 2941 1037 2989 63.
1066 2940 1166 3000 κλᾶρος
1194 2936 1345 3025 προκετής·
1375 2953 1418 2990 ree
1447 2937 1565 2991 obscura
1593 2942 1644 2991 est.

373 3007 452 3073 Quod
478 3007 552 3062 enirn
578 3006 731 3061 scholiasta
756 3007 957 3078 interpretatur
981 3006 1171 3076 κληρωδὲντες
1198 3026 1275 3061 ουτοι
1302 3005 1413 3062 παίδων
1441 3006 1644 3078 ἀγωνίσασθαι,

371 3079 473 3147 μεταξὺ
492 3076 686 3145 γενειάοαντες
705 3077 930 3148 ἐξεκρούσθησαν
948 3087 997 3133 τοῦ
1015 3079 1132 3149 ἀγῶνος,
1150 3095 1206 3132 non
1225 3078 1295 3132 satis
1314 3095 1348 3133 ex
1368 3078 1445 3145 licat,
1465 3098 1513 3133 cur
1526 3096 1645 3150 propera

372 3148 532 3217 (προπειήςδ
550 3148 607 3203 ista
628 3166 686 3203 sors
708 3149 785 3203 dicta
807 3149 856 3211 sita
882 3150 956 3219 quod
978 3149 1064 3204 etiam
1083 3150 1174 3220 magis
1193 3149 1271 3204 cadit
1291 3148 1322 3203 in
1342 3098 1464 3204 Hissenii
1485 3150 1643 3220 opinionem

372 3224 446 3275 sorte
465 3219 529 3275 illos
549 3237 611 3274 cum
631 3220 800 3275 adversariis
819 3219 902 3274 nimis
916 3220 1039 3275 robustis
1054 3220 1216 3277 commissos
1231 3237 1291 3275 esse
1305 3221 1445 3291 pur-antia
1465 3239 1554 3290 neque
1569 3223 1644 3290 quod

370 3292 515 3361 Mergerus
538 3295 652 3361 poetam
674 3291 752 3360 queri
776 3294 871 3361 putat,
895 3291 970 3362 quod
994 3294 1067 3347 sorte
1091 3294 1200 3347 mature
1222 3292 1355 3363 prolapsu
1378 3291 1435 3346 illis
1457 3292 1565 3347 felicior
1584 3311 1643 3346 sors

370 3361 487 3431 ephedri
506 3380 561 3416 non
580 3362 737 3430 obvenerit,
761 3362 830 3416 mihi
854 3363 1002 3434 probatur,
1026 3364 1252 3433 quandoquidem
1276 3381 1374 3433 parum
1399 3364 1550 3418 honorifica
1574 3364 1642 3418 hacc

371 3433 515 3488 excusatio
530 3438 611 3488 esset.
641 3432 701 3498 Quu
716 3435 750 3488 de
765 3451 850 3489 creusa
866 3434 1026 3489 Hermanno
1046 3452 1139 3505 opusc.
1155 3454 1202 3488 vru
1222 3452 1247 3490 ιι
1266 3435 1455 3505 adstipulatus
1475 3434 1642 3489 Alcimidaur

371 3508 400 3558 et
421 3504 635 3573 Polytimidam‚
659 3522 721 3559 curn
744 3505 859 3559 nomina
883 3505 939 3559 iarn
962 3506 1079 3576 professi
1103 3512 1210 3573 essent,
1233 3506 1270 3560 eh
1293 3524 1508 3577 praeproperam
1532 3510 1642 3573 sortem,

371 3576 446 3643 quod
469 3576 591 3629 nondum
615 3576 719 3630 maturi
741 3577 778 3631 ad
802 3576 966 3631 luctandum
990 3577 1026 3631 ab
1049 3576 1242 3632 Hcllunodicis
1266 3578 1368 3648 reperti
1392 3582 1498 3636 eascut.
1518 3596 1535 3631 a.
1554 3582 1641 3630 ‹crta-

371 3647 445 3701 mine
464 3646 591 3702 exclusos
605 3664 665 3701 esse
680 3648 760 3715 duco,
779 3648 858 3702 cuius
872 3648 914 3703 rei
928 3648 1056 3719 exempla
1070 3649 1169 3704 attulit
1181 3650 1263 3703 Paus.
1279 3668 1305 3701 vr
1322 3666 1354 3717 ιι,
1371 3666 1394 3703 rs
1409 3682 1440 3689 —
1457 3656 1498 3703 66.
1514 3648 1642 3719 ἁνίοχον·

372 3717 649 3856 similitprelrpudavit
668 3718 824 3775 Simonides
839 3721 871 3774 fr.
887 3720 1133 3790 1rsTheegnetuur
1149 3719 1372 3789 Olympionicanr
1386 3724 1475 3774 παῖδα
1491 3725 1642 3791 παλαισμο-

370 3808 455 3859 συνης
492 3810 567 3844 ειν
588 3809 707 3860 assoles.
