3406 5378
207 318 271 381 334
685 321 833 372 PlNDARI
851 320 1016 372 arsamis.

298 487 334 545 In
362 487 513 563 prooemio
542 489 632 562 pocta
655 486 877 562 Thrasybulum
905 506 942 544 ne
966 486 1098 545 carmina
1122 486 1242 562 quidem
1267 485 1336 544 sine
1364 483 1514 543 mercede

208 576 269 634 iam
288 577 388 652 parari
407 576 504 636 iocose
524 576 664 634 admonet
683 567 819 656 (1-11).
853 574 917 645 Quo
937 575 1024 634 modo
1043 595 1111 633 cum
1131 594 1248 634 carmen
1269 576 1386 650 optato
1408 573 1516 632 serius

208 665 333 725 missum
352 669 529 743 excusasset,
549 665 678 740 primurn
698 684 819 723 munere
834 664 975 723 victorias
994 664 1177 741 Xenocratis
1196 664 1382 723 Isthmicum
1399 662 1516 739 Pythi·

209 773 275 814 cam
308 754 533 831 Atheniensem,
570 753 761 829 praedicandi
794 753 993 831 perfungitur.
1049 754 1104 811 His
1136 753 1270 812 victoriis
1303 752 1515 829 praeclaram

210 841 397 919 olympicam
427 843 572 902 Theronis
600 843 761 918 subnectit,
790 846 827 900 ut
854 861 932 918 quae
961 842 1128 910 abeodem
1159 842 1266 919 auriga
1297 841 1515 918 Nicomacho,

211 952 270 1008 quo
285 933 477 992 Atheniensis
495 932 622 991 victoria
641 931 823 1008 Xenocratis,
843 934 931 1007 parta
950 924 1205 1010 fuerit(1·2—29).
1233 930 1307 990 Inde
1330 930 1374 990 ad
1395 930 1516 989 laudes

210 1026 376 1081 ceterarum
395 1022 545 1080 virtutum
563 1021 739 1080 Xenocratis
759 1021 875 1098 transit,
900 1021 993 1079 studii
1017 1021 1127 1078 artium
1151 1019 1334 1096 liberalium,
1361 1019 1515 1096 pudoris,

208 1111 340 1188 pietatis,
358 1110 576 1187 hospitalitatis
597 1103 740 1191 (αι-ιν).
769 1110 805 1168 In
824 1113 955 1168 extrema
975 1110 1097 1186 stropha
1112 1102 1247 1191 (43-48)
1264 1109 1514 1184 Thrasybulum

209 1220 261 1276 per
284 1200 480 1277 Nicasippum
504 1200 695 1259 tabellarium
720 1199 906 1276 adhortatur,
930 1201 966 1256 ut
989 1218 1025 1258 ne
1048 1199 1178 1258 invidiae
1202 1198 1305 1276 cedat,
1333 1198 1390 1257 sed
1418 1218 1513 1275 prae·

209 1289 327 1348 conium
354 1290 448 1366 patris
472 1289 578 1365 optimi
599 1289 671 1348 udat
695 1292 785 1364 atque
809 1288 954 1366 divulget.

753 1440 797 1507 De
818 1442 940 1509 metris.

298 1554 444 1615 Carminis
467 1557 557 1615 huius
578 1556 695 1614 numeri
715 1559 785 1615 sunt
804 1556 1080 1632 dactylo-epitritici
1099 1556 1248 1633 vulgares,
1286 1554 1506 1631 Stropharum

209 1648 240 1702 et
267 1645 354 1721 epodi
381 1646 512 1722 primum
540 1665 688 1722 quemque
715 1664 833 1704 versum
862 1645 892 1703 iu
920 1645 994 1705 duos
1022 1663 1137 1722 versus,
1161 1645 1232 1703 licet
1254 1644 1320 1704 ficri
1344 1645 1504 1721 potuerit,

210 1753 268 1793 non
297 1734 453 1811 dissecari,
482 1734 624 1810 quoniam
648 1753 666 1791 a
688 1734 911 1793 monocolorum
939 1753 1079 1794 versuum
1109 1734 1232 1793 levitate
1261 1733 1402 1811 dignitas
1434 1753 1504 1793 car·

210 1822 298 1881 minis
322 1823 600 1900 dactylo-epitritici
624 1823 770 1883 abhorret.
817 1823 940 1898 Epcdus
963 1843 999 1881 ex
1022 1823 1138 1882 duabus
1162 1822 1308 1899 pericopis
1332 1815 1402 1903 (vv.
1428 1834 1503 1881 1-3

209 1915 240 1970 et
262 1912 347 1994 4-6)
371 1917 502 1990 constat,
525 1932 653 1988 quarum
676 1915 804 1988 utraque
827 1911 976 1988 epitritico
1000 1913 1094 1988 epodo
1118 1912 1320 1987 concluditur;
1346 1912 1502 1989 strophae
1551 1937 1556 1946 ·

209 2001 298 2078 duas,
328 2021 386 2061 non
411 2002 551 2077 aequales
575 2002 625 2060 sed
649 2002 817 2078 aequaliter
840 2005 969 2060 structas
992 2001 1145 2077 pericopas
1169 1993 1230 2080 (vv.
1251 2011 1320 2059 1—‘2
1346 2005 1379 2059 et
1406 1995 1501 2082 3-4)

209 2090 321 2166 epodus
351 2090 518 2167 epitriticus
549 2090 749 2167 subsequitur.
784 2123 824 2130 —
858 2092 983 2149 Carmen
1012 2091 1149 2166 quamvis
1178 2092 1305 2149 formam
1339 2089 1500 2165 epistolae

209 2179 318 2238 habeat
337 2200 355 2237 a
374 2180 503 2239 Pindaro
523 2180 663 2239 Thebano
683 2180 869 2256 Thrasybulo
888 2179 1087 2257 Agrigentino
1110 2199 1163 2254 per
1185 2178 1380 2237 tabellarium
1402 2179 1500 2238 Nica·

210 2268 327 2343 sippum
356 2262 398 2348 (v.
417 2262 466 2349 47)
495 2269 601 2327 missae
630 2261 681 2348 (cf.
701 2262 790 2328 schol.
810 2269 847 2326 ad
871 2262 986 2349 inser),
1014 2272 1114 2327 tamen
1139 2289 1157 2327 a
1180 2272 1270 2344 poeta
1300 2267 1501 2329 destinatum

209 2357 281 2436 fuit,
315 2362 351 2416 ut
385 2358 502 2435 publice
534 2378 552 2416 a
582 2359 670 2417 choro
701 2358 731 2416 in
762 2358 934 2415 memoriam
965 2356 1139 2416 Xenocratis
1174 2356 1286 2417 mortui
1319 2364 1500 2417 caneretur.

209 2446 351 2506 Disertim
367 2448 444 2506 enim
460 2448 665 2523 Thrasybulus
683 2447 761 2505 hunc
780 2448 924 2523 hymnum
943 2446 1061 2505 silentio
1081 2465 1213 2522 premere
1227 2450 1350 2505 vetatur
1368 2439 1417 2525 (v.
1432 2441 1499 2527 44),

211 2554 306 2611 neque
326 2537 413 2596 aedes
433 2537 497 2595 eius
516 2537 653 2595 cantibus
668 2539 698 2594 et
712 2536 970 2595 comissationibus
985 2540 1168 2611 perstrepere
1186 2535 1356 2594 dicerentur
1370 2532 1419 2615 (v.
1435 2530 1500 2617 30),

210 2624 268 2682 nisi
292 2626 346 2685 hoc
370 2644 487 2685 carmen
512 2626 591 2701 quod
611 2645 629 2683 a
648 2626 736 2685 choro
756 2629 913 2683 caneretur
935 2625 1118 2684 destinatum
1142 2624 1255 2684 fuisset.
1293 2623 1499 2701 Quamquam

210 2713 330 2773 difficile
353 2715 508 2774 intellectu
533 2718 585 2791 est,
610 2714 757 2789 quomodo
781 2714 909 2789 hymnus
933 2714 963 2771 in
987 2713 1138 2789 publicam
1158 2715 1255 2772 lucem
1275 2712 1321 2771 edi
1341 2715 1500 2794 potuerit,

210 2803 296 2862 cuius
319 2823 428 2882 magna
452 2823 520 2880 pars
544 2808 635 2879 atque
659 2802 794 2879 inprimis
817 2802 998 2878 principium
1022 2805 1052 2861 et
1074 2802 1211 2880 epilogus
1235 2801 1331 2879 magis
1350 2806 1389 2860 ut
1410 2804 1501 2863 intra

211 2892 345 2968 privatos
368 2893 497 2969 parietes
521 2893 691 2969 legerentur
715 2911 805 2966 quam
828 2891 981 2950 recitando
1001 2895 1032 2950 et
1050 2892 1197 2951 cantando
1221 2892 1251 2949 in
1276 2892 1375 2950 forum
1403 2894 1500 2953 emit-

210 2986 344 3040 terentur
367 2986 439 3056 apta
462 2984 555 3040 erant.

1288 3104 1367 3182 Στρ.
1389 3099 1438 3167 α’.

266 3208 310 3271 Oi
329 3203 389 3291 μὲν
413 3206 527 3287 πάλαι,
552 3201 577 3269 ὦ
604 3207 832 3293 Θρασύβουλε,
856 3217 977 3290 φῶτες,
1001 3209 1035 3270 οἳ
1055 3207 1300 3293 χρυσαμπύκων

263 3312 296 3389 ἐς
319 3314 442 3397 δίφρον
467 3316 602 3376 Μοισᾶν
625 3315 712 3395 ἔβαι-

307 3443 368 3484 νον
391 3424 494 3505 κλυτᾷ
518 3422 677 3504 φόρμιγγι
701 3423 954 3505 συναντόμενοι,

266 3527 372 3611 ῥίμφα
395 3527 565 3602 παιδείους
589 3526 739 3604 ἐτόξευον
762 3526 961 3611 μελιγάρυας
984 3526 1124 3611 ὕμνους,
1477 3548 1495 3595 5

281 3792 360 3826 vlam
381 3793 484 3829 nncrro.
520 3775 604 3828 Inscr.
625 3791 677 3828 om.
698 3774 764 3828 BD
784 3805 816 3813 —
836 3772 941 3827 Scholz
966 3769 1046 3836 οὗτος
1070 3773 1084 3825 d
1109 3771 1232 3837 ἐπίνικος
1254 3771 1411 3845 γέγραπται
1437 3778 1494 3835 μὲν

210 3845 249 3907 ελς
268 3845 447 3914 Ξενοκράτην
465 3844 691 3914 Ἀκραγαντῖνον,
714 3844 853 3913 πέμπεται
871 3843 901 3897 di
924 3845 1110 3917 Θρασυβούλῳ
1129 3845 1178 3899 διά
1196 3866 1272 3908 τινος
1292 3844 1492 3916 Νικασίτττνου,

209 3914 275 3969 ὥστε
297 3912 370 3970 εἶναι
389 3917 574 3970 άποστολικὸν
593 3915 680 3969 αὐτόν
695 3960 700 3970 .
718 3960 723 3970 ,
741 3960 745 3969 .
762 3913 842 3978 οὗτος
857 3914 887 3969 di
904 3915 918 3967 ὁ
933 3915 1112 3985 Ξενοκράτης
1131 3919 1163 3970 οὐ
1182 3916 1269 3987 μόνον
1283 3914 1398 3985 Ἴσθμια
1414 3917 1492 3972 νενί-

209 4007 294 4056 κηκεν
313 3986 420 4051 ἵπποις,
445 3987 515 4041 άλλὰ
539 3988 587 4041 καὶ
607 3989 706 4041 Πύθια
726 3987 777 4055 τὴν
796 3988 842 4040 κδ’
861 3988 999 4041 Πυθιάδα
1018 3988 1053 4048 ὡς
1069 3985 1250 4057 Ἀριστοτέλης
1269 3987 1432 4057 ἀναγράφει
1453 4021 1491 4029 -

210 4066 233 4113 1.
249 4058 275 4112 οἳ
290 4076 323 4113 ex
339 4057 452 4112 scholiis
467 4058 582 4112 Pindari
601 4063 630 4112 et
644 4058 840 4128 Aristophanis
854 4057 918 4111 Pac.
934 4075 972 4111 ουτ
988 4063 1052 4112 rest.
1068 4059 1194 4115 Schmid:
1215 4060 1274 4114 ’ὅσοι
1290 4060 1316 4113 Β
1325 4061 1354 4113 D
1369 4091 1402 4099 —
1419 4066 1444 4115 2.
1461 4060 1492 4125 ἐς

209 4127 311 4200 δίφρον
331 4130 424 4184 B¹³D:
450 4129 480 4183 ἐν
499 4132 590 4202 δίφρῳ
610 4129 659 4195 Bi,
678 4131 752 4183 unde
773 4129 802 4183 ἐν
821 4127 924 4198 δίφρον
943 4132 1064 4183 vet-erem
1084 4130 1233 4185 lectionem
1253 4130 1338 4184 luisse
1359 4131 1491 4200 suspicor

210 4232 241 4240 -
262 4201 467 4270 συναντώμενοι
487 4203 515 4256 Β
534 4205 563 4255 et
581 4201 666 4255 schol.
682 4202 767 4256 Arist.
783 4200 800 4255 l.
816 4200 833 4255 l.
855 4234 886 4240 —

281 4361 469 4399 coaussrlmr.
498 4362 524 4397 v.
541 4350 552 4395 1
571 4361 605 4397 ss.
626 4343 654 4395 in
670 4342 816 4413 splendido
831 4343 973 4413 prooemio
988 4343 1131 4398 Socratica
1148 4345 1270 4413 quadam
1291 4344 1381 4399 ironia
1396 4347 1489 4400 veteri

210 4414 320 4482 Musae,
340 4413 401 4467 sola
425 4414 565 4467 suavitate
584 4415 687 4468 amoris
712 4415 813 4468 ductae
838 4415 1058 4468 mercennariam
1077 4432 1168 4483 suam,
1188 4434 1361 4471 nummorum
1389 4433 1490 4471 curam

209 4502 292 4555 agere
311 4489 438 4540 coactam
459 4485 575 4554 opponit
595 4518 626 4525 -
647 4493 671 4539 ⁸2.
691 4485 719 4548 ἐς
738 4483 853 4555 δίφρον
879 4487 913 4539 de
931 4490 1016 4554 pocla
1035 4503 1115 4539 curru
1135 4488 1265 4555 vehente,
1290 4504 1345 4541 nou
1364 4487 1489 4557 pedibus

208 4559 292 4610 eunte
308 4559 398 4629 (πεζῷ,
413 4556 548 4638 pedestri)
563 4556 689 4611 conl'erO
710 4577 737 4610 vr
752 4573 789 4623 εις
809 4574 943 4627 perquam
965 4560 1059 4610 aulem
1079 4560 1290 4614 accommodata
1305 4560 1374 4613 haec
1388 4559 1489 4630 imago

209 4627 263 4680 fuit
282 4628 398 4681 carmini
417 4647 446 4681 ιιι
465 4627 576 4682 laudem
596 4628 730 4682 victoriae
755 4629 858 4682 curulia
882 4629 957 4681 lacto
976 4661 1011 4667 -
1030 4628 1175 4699 φόρμιγγι,
1199 4631 1272 4699 quod
1298 4630 1437 4684 amatoria
1457 4636 1489 4686 et

210 4698 311 4753 melica
328 4698 452 4753 carmina
470 4700 603 4768 pleraque
624 4699 660 4752 ad
680 4699 817 4753 citharam
836 4700 1062 4754 canebantur-
1082 4707 1106 4754 3.
1126 4700 1271 4766 παιδείους
1289 4700 1404 4771 ὕμνους·
1425 4720 1490 4757 car·

209 4771 284 4825 ruina
300 4771 329 4825 in
342 4788 442 4842 pueros
457 4773 566 4825 amatos
582 4771 665 4824 lacta.
695 4770 799 4827 schol:
818 4780 907 4825 ταῦτα
922 4770 953 4825 di
968 4774 1053 4826 τείνει
1072 4773 1117 4826 καί
1140 4772 1178 4836 είς
1197 4775 1261 4837 τοὺς
1279 4774 1342 4842 περὶ
1359 4771 1491 4833 Ἀλκαῖον
