3406 5378
582 321 858 375 PROLEGOMENA.

701 552 734 609 B.

280 683 358 749 Vita
380 681 514 747 metrica
536 697 576 745 ox
600 679 765 746 Eustathli
788 680 861 745 vita
883 676 973 744 Pind.
996 680 1156 763 excerpta.

214 829 389 913 Πίνδαρον
411 825 586 909 ὑψαγόρην
610 824 803 907 Καδμηίδος
826 824 920 889 οὔδει·
943 824 1054 906 Θήβης

215 936 371 1016 Κλειδίκη
394 933 572 1015 εὐνηθεῖσα
595 928 821 1018 μενεπτολέμῳ
845 929 1028 1016 Δαϊφάντῳ

213 1045 358 1126 γείνατο,
382 1039 579 1105 ναιετάουσα
603 1039 716 1115 Κυνὸς
738 1042 883 1122 κεφαλῆς
904 1037 994 1123 παρὰ
1016 1038 1126 1124 χώρῳ,

213 1150 275 1215 οὐκ
298 1143 382 1214 οἷον·
408 1147 473 1230 ἀμα
497 1155 542 1234 τῷ
565 1143 621 1210 καί
641 1144 807 1232 Ἐρίτιμον
830 1146 941 1209 εἰδότα
963 1146 1085 1230 θήρης,

214 1257 324 1322 εἰδότα
347 1256 533 1338 πυγμαχίης
555 1276 589 1317 τε
612 1253 883 1337 παλαισμοσύνης
906 1249 935 1316 τ’
957 1250 1133 1335 ἀλεγεινῆς.

213 1364 272 1427 τὸν
294 1359 365 1446 μέν,
389 1360 442 1424 ὅτε
465 1360 658 1425 κνώσσοντα
680 1357 757 1424 ποτὶ
780 1361 888 1443 χθόνα
911 1357 1052 1422 κάτθετο
1075 1358 1181 1441 μήτηρ

214 1468 313 1534 εἰσέτι
336 1467 479 1533 παιδνὸν
502 1465 613 1549 ἰόντα,
636 1466 775 1550 μέλισσά
797 1490 848 1543 τις
870 1465 915 1540 ὡς
938 1462 992 1529 ἐπὶ
1015 1467 1141 1551 σίμβλῳ

214 1579 333 1659 χείλεσι
357 1574 547 1658 νηπιάχοισι
570 1574 841 1656 τιθαιβώσσουσα
864 1581 994 1637 ποτᾶτο.

213 1693 259 1771 τῷ
284 1679 319 1747 δέ
344 1685 586 1765 λιγυφθόγγων
610 1680 715 1745 ε’πέων
737 1678 863 1764 μελέων
886 1677 923 1743 θ’
943 1678 1131 1762 ὑποθήμων

215 1792 328 1854 ἔπλετο
352 1791 408 1853 δῖα
432 1791 596 1874 Κόριννα,
619 1792 771 1872 θεμείλια
795 1785 826 1850 δ’
849 1789 959 1851 ὤπασε
982 1787 1103 1869 μύθων

213 1907 396 1981 τοπρῶτον·
421 1896 501 1979 μετὰ
524 1896 584 1977 τήν
608 1893 640 1957 δ’
659 1893 878 1977 Ἀγαθοκλέος
901 1896 1042 1979 ἔμμορεν
1066 1892 1184 1976 αὐδῆς,

214 2003 250 2078 ὅς
273 2001 315 2086 ῥά
338 2000 416 2083 <τέ>
441 2002 475 2064 οἰ
495 1999 678 2079 κατέδειξεν
701 2001 783 2067 ὁδὸν
806 1998 860 2065 καί
884 1998 1005 2085 μέτρον
1028 1998 1151 2082 ἀοιδῆς.

214 2105 287 2174 εὖτε
311 2106 343 2172 δ’
362 2105 589 2191 Ἀλεξάνδροιο
616 2108 841 2173 Φιλιππιάδαο
865 2115 1001 2191 μενοινή

215 2217 394 2299 Καδμείων
417 2213 578 2298 ἀφίκοντο
602 2216 802 2298 Μακηδόνες
825 2217 923 2279 άστεα
946 2211 1078 2299 πέρσαι,

219 2320 417 2408 Πινδαρέων
439 2321 593 2407 μεγάρων
616 2321 677 2405 οὐχ
700 2322 807 2405 ήψατο
829 2317 1008 2397 θεσπιδαὲς
1030 2330 1107 2404 πῦρ.

214 2427 298 2493 ἀλλὰ
321 2430 358 2493 τὸ
381 2425 443 2512 μὲν
465 2433 675 2512 μετόπισθεν.
721 2432 769 2494 ἔτι
794 2429 909 2507 ζώοντι
933 2426 964 2491 δ’
986 2427 1090 2515 ἀοιδῷ

217 2537 341 2618 Φοῖβος
364 2534 444 2614 άναξ
469 2534 616 2600 ἐκέλευσε
640 2536 852 2621 πολυχρύσου
876 2535 965 2620 παρά
988 2539 1131 2610 Πυθοῦς

213 2640 270 2722 ήια
293 2640 348 2705 καί
370 2640 458 2725 μέθυ
482 2643 587 2724 λαρὸν
609 2639 660 2706 άεί
685 2642 837 2724 Θήβηνδε
860 2644 1013 2725 κομίζειν.

214 2744 270 2811 καὶ
292 2747 403 2831 μέλος,
427 2748 472 2823 ὡς
496 2746 685 2830 ἐνέπουσιν,
710 2747 746 2812 ἐν
769 2748 906 2832 οὔρεσιν
928 2748 1075 2834 ήύκερως
1099 2747 1175 2813 Πὰν

215 2854 390 2939 Πινδάρου
414 2851 486 2919 αἰὲν
509 2856 597 2919 ἀειδε
621 2852 677 2919 καὶ
700 2855 761 2920 οὐκ
785 2853 941 2941 ἐμέγηρεν
964 2854 1095 2920 ἀείδων.

213 2957 295 3045 ήμος
318 2959 350 3025 δ’
372 2960 408 3025 έν
432 2966 623 3048 Μαραθῶνι
646 2960 701 3026 καὶ
726 2961 762 3026 έν
786 2967 953 3046 Σαλαμῖνι
977 2961 1145 3049 παρέσταν

213 3066 382 3151 αἰναρέται
407 3067 534 3154 Πέρσαι
556 3070 636 3153 μετὰ
656 3069 803 3145 Δάτιδος
826 3068 1057 3154 ἀγριοφώνου,

214 3184 313 3258 τῆμος
336 3178 383 3240 ἔτι
408 3177 559 3259 ζώεσκεν,
583 3174 631 3240 ὅτ’
653 3177 820 3259 Αἰσχύλος
845 3171 884 3259 ήν
908 3176 944 3242 έν
965 3174 1130 3259 Ἀθήναις.

213 3289 258 3368 τῷ
282 3278 317 3345 δέ
347 3280 517 3365 Τιμοξείνη
540 3280 753 3365 παρελέξατο,
777 3283 833 3347 δῖα
857 3295 1041 3365 γυναικῶν,

213 3387 233 3470 ή
257 3385 348 3451 τέκεν
372 3390 521 3473 Εὔμητιν
543 3392 749 3476 μεγαλήτορα
772 3388 827 3454 καί
845 3394 1058 3475 Δαΐφαντον,

213 3495 442 3581 Πρωτομάχην
464 3494 497 3561 δ’
519 3494 571 3561 έπί
593 3508 709 3561 τοῖσιν.
756 3500 872 3581 ε’μελψε
896 3494 933 3562 δὲ
956 3497 1057 3573 κῦδος
1081 3496 1226 3579 ἀγώνων
1266 3506 1272 3521 ’

213 3613 280 3666 τῶν
302 3605 467 3688 πισύρων,
490 3603 647 3689 μακάρων
670 3605 844 3686 παιήονας,
868 3602 905 3669 έν
928 3603 968 3668 δέ
988 3628 1023 3669 τε
1046 3606 1206 3689 θρήνους,

213 3706 268 3772 καί
290 3707 387 3793 μέλος
410 3710 609 3796 ὀρχηθμοῖο,
632 3717 723 3776 θεῶν
746 3708 775 3774 τ’
797 3708 968 3795 έρικυδέας
989 3711 1133 3795 ὕμνους,

214 3811 273 3897 ήδὲ
295 3820 535 3900 μελιφθόγγωυ
557 3817 764 3900 μελεδήματα
787 3817 1033 3901 παρθενικάων.

213 3920 303 3997 τοῖος
326 3922 389 3987 ἐὼν
412 3922 466 3987 καίΙ
490 3925 590 3987 τόσσα
614 3924 737 3987 παθὼν
759 3922 815 3988 καί
838 3927 940 3990 τόσσα
963 3922 1117 4001 τελέσσας

214 4028 396 4111 κάτθανεν,
420 4029 610 4112 ὀγδώκοντα
633 4028 848 4114 τελειομένων
871 4030 1042 4097 ἐνιαυτῶν.

172 4282 193 4329 1.
214 4273 278 4328 Var.
298 4274 362 4330 lect.
381 4275 465 4329 huius
485 4276 619 4331 metricae
638 4276 715 4332 vitae
734 4294 768 4332 ex
787 4278 846 4331 cod.
863 4278 935 4331 Med.
952 4284 993 4346 3-2,
1010 4286 1043 4332 35
1063 4281 1108 4349 (ῆι)
1127 4278 1276 4350 exscripsit
1291 4278 1366 4335 Abel
1424 4276 1430 4287 '

80 4344 132 4400 Rh.
147 4346 176 4399 M
200 4351 242 4413 34,
258 4351 323 4411 363ς
343 4346 376 4401 cf.
393 4347 526 4401 Ludwieh
546 4347 615 4401 ibid.
631 4367 657 4418 p.
674 4354 771 4401 357ss.
793 4380 823 4388 -
847 4355 887 4401 12.
907 4347 1051 4415 κατέλεξεν
1068 4351 1148 4405 codd.
1169 4383 1202 4391 -
1222 4355 1265 4404 27.
1285 4349 1317 4405 ἐν
1330 4353 1366 4406 δε

80 4436 108 4470 τε
124 4416 259 4483 ,θρήνους
280 4434 331 4471 em.
353 4418 559 4481 Schneidewin,
585 4418 615 4473 ἰν
634 4419 664 4473 δὲ
685 4419 858 4488 θρονισμούς
875 4419 946 4474 coni.
966 4421 1071 4491 Bergk,
1095 4421 1126 4475 έν
1144 4421 1317 4492 δεδαγμένος
1336 4426 1368 4477 ολ

82 4486 305 4556 ἀναδεδεγμένος
329 4490 422 4557 codd.;
447 4490 482 4544 (le
505 4490 622 4544 metrico
645 4489 715 4544 vitio
739 4508 794 4558 quo
818 4491 1027 4546 emendationes
1050 4491 1209 4563 propositas
1232 4492 1366 4549 laborm

83 4557 153 4613 dicit
172 4557 305 4613 Ludwich
325 4578 349 4614 v.
370 4560 422 4616 Rh.
437 4561 473 4615 Μ.
489 4567 533 4630 34,
548 4568 607 4617 366.
