3406 5378
441 375 465 429 1.
492 376 542 426 Du
562 374 754 427 CODIOIBUS
774 372 1026 439 SUBSIDIISQUE
1046 376 1208 430 CRITICIS.
1411 375 1462 429 VII

184 541 353 601 exaratum
377 536 493 620 fuisse,
516 536 584 602 eius
608 537 655 601 rei
679 538 872 602 documento
897 542 974 602 sunt
997 539 1095 602 verba
1118 538 1202 603 falso
1226 561 1322 622 saepe
1344 538 1464 623 partim

184 643 346 708 disiuncta
369 644 489 728 partim
513 644 686 709 coniuncta
709 648 742 708 et
764 644 892 709 litterae
912 649 944 708 A
963 649 996 709 et
1016 649 1059 727 A,
1088 649 1117 708 Τ
1136 649 1169 709 ot
1192 648 1223 709 Γ
1242 645 1276 710 in
1299 645 1465 711 codicibus

183 751 318 835 nostris,
346 751 538 836 praesertim
565 751 600 815 iu
627 750 858 816 vetustissimis
886 750 979 815 libris
1002 751 1220 816 Ambrosiauo
1247 756 1280 817 et
1302 751 1464 817 Vaticano

185 857 297 922 crebro
322 862 548 923 commutatae.
649 882 653 890 ·

273 965 324 1029 Ex
343 964 520 1049 archetypo
539 964 612 1048 illo,
634 986 700 1028 non
717 965 805 1049 ipso,
826 964 882 1028 sod
901 965 1099 1050 apographis
1118 964 1187 1029 eius
1206 969 1239 1030 et
1257 965 1337 1050 ipsis
1357 966 1466 1050 deper-

186 1071 263 1135 ditis
296 1070 456 1157 originem
489 1073 649 1136 duxerunt
681 1070 807 1136 codices
839 1077 978 1154 veteres,
1012 1071 1130 1155 quibus
1159 1076 1327 1155 tamquam
1354 1072 1466 1137 funda·

185 1183 295 1243 mento
318 1179 353 1242 in
377 1178 483 1242 verbis
507 1183 622 1262 poetae
643 1178 846 1242 recensendis
865 1177 916 1241 uti
933 1200 993 1241 nos
1013 1181 1150 1262 oportet.
1188 1177 1272 1242 Sunt
1290 1184 1399 1243 autem
1418 1178 1465 1243 hi:

185 1289 218 1350 A
241 1316 282 1338 =
302 1284 538 1349 Ambrosianus
558 1282 583 1349 O
603 1285 677 1368 122,
700 1306 782 1349 saec.
797 1284 875 1368 XII,
898 1283 1043 1348 continet
1062 1284 1221 1349 O.1-xr1
1240 1307 1313 1349 cum
1332 1285 1466 1349 scholiis

239 1391 380 1477 propriis
394 1391 634 1475 Ambrosiams,
652 1391 737 1455 idem
756 1390 943 1474 frequenter
960 1392 1060 1455 habet
1073 1390 1180 1455 varias
1197 1391 1352 1456 lectiones
1368 1414 1467 1475 supra

237 1498 356 1563 lineam
380 1498 421 1562 ab
445 1498 558 1562 eadem
580 1497 714 1580 antiqua
738 1519 836 1562 mauu
855 1497 1001 1581 scriptas.
1039 1496 1147 1564 Codex
1167 1499 1309 1581 optimus
1328 1498 1363 1562 in
1382 1498 1467 1563 colo-

239 1604 356 1669 metria
378 1609 411 1669 et
433 1603 628 1669 lectionibus
648 1603 736 1668 haud
754 1626 828 1668 raro
848 1605 889 1667 ab
909 1603 1060 1669 omnibus
1080 1604 1214 1688 reliquis
1229 1604 1325 1668 libris
1344 1604 1467 1669 recedit

238 1717 271 1777 et
294 1712 330 1777 Ο.
349 1729 373 1775 x
393 1712 435 1776 25
464 1710 553 1775 solus
581 1710 692 1796 glossa
710 1707 892 1795 Ἡρακλέης
919 1716 1026 1793 vacat,
1054 1712 1138 1775 unde
1167 1711 1334 1796 proprium
1357 1710 1463 1775 Iocum

239 1819 301 1884 sibi
330 1817 486 1902 vindicat3
513 1817 598 1881 idem
626 1822 736 1881 tamen
760 1817 913 1903 gravibus
936 1817 1102 1901 foedisque
1127 1818 1252 1882 mendis
1274 1817 1465 1900 neutiquam

242 1930 337 1991 carot.

185 2032 219 2098 B
238 2064 280 2086 =
299 2031 477 2096 Vaticanus
504 2032 603 2113 1312,
632 2053 713 2095 saec.
732 2030 797 2095 XII
817 2053 879 2116 ex,
906 2032 1053 2097 continet
1085 2031 1194 2096 omnia
1221 2030 1365 2096 carmina
1392 2052 1465 2095 cum
1529 2103 1533 2111 ι

239 2137 372 2204 scholiis
403 2138 544 2224 propriis
576 2137 759 2222 Vaticanis,
792 2138 855 2202 nisi
889 2139 976 2221 quod
1007 2138 1095 2202 foliis
1129 2137 1254 2222 aliquot
1290 2137 1464 2222 deperditis

239 2269 324 2310 nuno
348 2246 465 2310 desunt
488 2244 551 2309 O.1
572 2246 691 2327 1-22,
710 2246 851 2310 47-68.
875 2263 898 2308 v
917 2245 1035 2308 9—24.
1064 2243 1090 2307 Ρ
1119 2262 1131 2307 1
1152 2246 1312 2309 1-1156.
1337 2244 1362 2308 Ι.
1380 2263 1403 2306 v
1422 2244 1465 2308 58

239 2355 463 2417 -V124.VI11
484 2353 618 2416 19-38.
630 2352 772 2416 64-fin.
803 2350 919 2415 Manus
938 2351 1100 2416 recentior
1115 2347 1204 2437 (B2),
1224 2373 1304 2436 quae
1324 2373 1343 2414 a
1361 2350 1466 2434 prima

241 2482 337 2524 manu
352 2457 366 2546 (
400 2457 426 2546 ¹)
445 2458 597 2543 religiose
614 2458 844 2543 distinguenda
857 2462 920 2540 est,
940 2458 1043 2522 multa
1057 2458 1177 2541 partim
1192 2457 1332 2521 correxit
1346 2458 1466 2541 partim

241 2566 411 2651 supplevit.
449 2563 558 2630 Codex
582 2568 633 2628 est
656 2563 800 2648 optimus
825 2564 920 2629 testis
940 2564 1073 2628 alterius
1092 2564 1249 2648 familiae,
1272 2568 1466 2628 nontamen

239 2678 307 2739 tam
334 2673 476 2758 integer,
504 2677 542 2735 ut
570 2670 643 2735 aliis
671 2671 812 2735 testibus
842 2670 985 2735 eiusdem
1018 2671 1160 2735 familiae
1192 2692 1326 2755 prorsus
1358 2692 1466 2735 carere

239 2780 412 2865 possimus.
456 2777 631 2844 Nonnullis
659 2777 753 2860 locis,
782 2778 900 2861 quibus
929 2779 1007 2861 quid
1035 2777 1134 2843 codex
1158 2778 1340 2863 exhiberet,
1367 2777 1467 2842 etiam

239 2891 315 2972 post
337 2885 544 2950 Mommsenii
572 2906 703 2969 operam
731 2884 864 2949 dubium
888 2885 965 2969 fuit,
994 2882 1028 2949 C.
1053 2884 1146 2950 Iliick
1170 2889 1203 2948 et
1227 2883 1263 2948 Ο.
1288 2882 1467 2949 Schroeder

241 2995 346 3058 denuo
370 2992 513 3057 codicem
536 2991 755 3077 inspexerunt.

189 3100 217 3167 0
242 3132 283 3153 =
304 3098 468 3164 Parisinus
493 3099 580 3163 2774
613 3121 693 3163 saec.
719 3097 783 3162 XII
809 3120 871 3182 ex,
903 3097 1049 3162 continet
1082 3098 1117 3163 Ο.
1142 3097 1245 3162 Ι-Ρ,
1271 3117 1292 3161 v
1317 3098 1358 3162 51
1398 3096 1467 3161 sine

239 3207 385 3290 scholiis,
425 3205 511 3270 idem
553 3206 673 3269 multas
711 3209 911 3269 correcturas
944 3226 1117 3289 perpessus
1151 3209 1217 3287 est,
1255 3208 1292 3269 ut
1326 3203 1468 3290 genuina

239 3314 336 3379 lectio
370 3333 464 3396 saepe
493 3311 683 3375 oblitterata
715 3311 767 3375 sit.
818 3311 968 3376 Codicem
1002 3312 1144 3377 medium
1177 3312 1284 3376 locum
1319 3311 1404 3375 inter
1435 3313 1468 3374 A

241 3425 274 3486 ot
300 3418 334 3484 B
365 3418 511 3483 obtinere
544 3417 692 3502 inprimis
724 3416 953 3501 inscriptiones
986 3420 1120 3483 odarum
1148 3417 1184 3482 O.
1207 3435 1256 3482 111.
1279 3436 1311 3481 v.
1335 3435 1380 3481 vl.
1404 3434 1468 3480 vnl

241 3529 474 3592 demonstrant.

188 3635 222 3700 D
241 3665 282 3686 =
302 3632 465 3697 Mediceus
485 3632 541 3716 32,
560 3631 603 3695 52
636 3652 717 3695 saec.
736 3629 922 3714 muudi,
955 3631 1100 3696 continet
1129 3630 1237 3695 omnia
1266 3630 1409 3694 carmina
1437 3632 1470 3692 et

241 3742 280 3805 fr.
304 3744 316 3804 l
349 3762 423 3804 cum
451 3738 583 3803 scholiis
607 3736 776 3803 Vaticanis
805 3738 929 3821 mixtis,
959 3738 1102 3801 eiusdem
1130 3743 1180 3801 est
1202 3736 1347 3802 familiae
1372 3740 1468 3819 atque

241 3846 285 3931 B,
313 3846 370 3910 sed
397 3844 523 3930 plenior
550 3842 623 3930 illo;
655 3848 819 3909 correctus
850 3849 899 3908 est
927 3866 1026 3908 mauu
1052 3842 1304 3927 interpolatrice.
1351 3841 1469 3906 Dubiis

241 3953 322 4018 locis
348 3950 385 4016 G.
404 3952 492 4015 Karo
517 3950 660 4015 codicem
684 3952 788 4015 denuo
813 3951 964 4016 excussit.

277 4059 405 4124 Horum
423 4058 571 4122 codicum
590 4056 697 4121 varias
715 4055 871 4121 lectiones
891 4079 1003 4122 omues
1023 4056 1056 4120 iu
1072 4055 1185 4120 critico
1201 4062 1359 4140 apparatu
1373 4054 1470 4120 huius

191 4166 342 4232 editionis
371 4164 549 4249 exscriptas
577 4163 697 4244 habes,
725 4167 948 4247 praeterquam
976 4163 1075 4247 quod,
1100 4185 1140 4227 ne
1170 4161 1277 4225 inutili
1306 4162 1470 4247 farragine

191 4272 342 4338 nebulam
375 4271 479 4357 magis
513 4294 610 4355 quam
641 4270 748 4334 lucem
778 4270 880 4334 oculis
907 4270 1066 4336 lectorum
1095 4271 1307 4352 offunderem,
1338 4273 1470 4334 enotare

189 4379 356 4466 supersedi
388 4382 556 4462 accentus,
588 4377 739 4462 spiritus,
770 4377 886 4440 menda
918 4378 1172 4463 orthographica
1208 4382 1241 4441 et
1273 4376 1470 4460 orthoepica,

189 4511 210 4552 ν
234 4485 450 4571 ἐφελκυστικὰ
474 4484 556 4549 falso
581 4489 637 4549 aut
661 4484 787 4548 adiecta
806 4488 863 4547 aut
882 4485 1016 4569 omissa,
1038 4485 1167 4550 vocales
1186 4507 1251 4549 non
1270 4483 1381 4566 elisas,
1402 4482 1471 4548 iota

191 4592 457 4658 subscribendum
495 4592 667 4675 omissum,
702 4591 829 4654 litteras
862 4592 1034 4656 verborum
1071 4593 1155 4655 male
1192 4591 1370 4655 disiunctas
1412 4593 1470 4653 aut

190 4700 392 4781 coniunctae,
420 4698 541 4762 formas
570 4697 712 4784 vulgaris
742 4696 899 4761 sermonis
927 4720 985 4781 pro
1010 4696 1188 4763 dialecticis
1212 4698 1298 4781 parti
1323 4697 1470 4761 codicum

190 4807 313 4888 illatas,
340 4805 458 4888 quibus
481 4803 516 4867 in
539 4803 635 4867 rebus
660 4803 810 4867 omnibus
833 4803 900 4867 fero
923 4804 1047 4868 nullam
1070 4803 1300 4870 auctoritatem
1323 4801 1470 4866 codicum
