3406 5378
214 304 280 367 366
685 308 833 358 prunam
852 307 1017 359 errarem.

215 473 266 550 qui
286 474 363 532 mire
381 474 484 533 iudicii
508 475 703 550 perversitate
726 475 781 534 hoc
804 493 923 533 carmen
947 473 1151 533 dulcissimum
1174 474 1253 532 inter
1275 472 1373 550 prima
1391 473 1493 550 poesis

213 562 389 622 Pindaricae
412 564 584 622 rudimenta
606 565 789 623 rettulerunt
808 567 838 621 et
856 563 894 621 eb
914 564 1138 623 adulescentulo
1157 567 1246 639 poeta
1268 561 1313 621 Ol.
1332 566 1381 639 70,
1403 566 1421 621 2
1441 563 1492 621 vel

216 655 265 728 70,
285 655 305 710 4
325 655 393 728 post
416 653 529 711 cladem
552 652 623 711 belli
644 671 661 709 a
680 652 828 711 Thebanis
852 655 883 711 et
905 652 1147 712 Lacedaemoniis
1170 655 1273 712 eontra
1292 652 1493 711 Athenienses

214 741 292 819 gesti
316 736 358 821 (v.
377 741 484 801 Herod.
504 761 522 799 v
544 736 591 811 77)
616 742 759 818 scriptum
784 760 845 801 esse
870 741 985 817 opinati
1009 746 1086 801 sunt.
1124 742 1171 799 Ad
1194 742 1270 800 hanc
1298 744 1399 800 autem
1424 760 1492 799 sen·

201 830 341 889 tentiam
364 850 399 890 oo
423 831 558 906 inprimis
583 832 634 889 isti
657 831 778 890 adducti
802 833 881 907 sunt,
905 831 985 906 quod
1004 831 1195 909 exaggeratio
1215 830 1354 889 decorum
1373 830 1492 888 Thebe-

213 939 321 978 norum
344 919 375 977 in
396 920 515 979 exordio
535 921 624 980 huius
643 921 782 979 carminis
802 919 908 978 similis
926 920 1029 996 hymni
1049 914 1098 1000 (fr.
1118 912 1167 999 ⁶29)
1187 920 1234 992 sit,
1255 919 1291 978 ob
1311 939 1398 994 quem
1419 919 1492 977 Pin·

214 1009 320 1067 darum
336 1009 474 1068 iuvenem
489 1027 507 1065 a
521 1009 650 1069 Corinna
664 1010 868 1084 vituperatum
882 1027 945 1068 esso
961 1010 1071 1067 ferunt.
1094 1009 1136 1066 At
1149 1008 1329 1066 luxuriantis
1344 1008 1493 1067 orationis

213 1098 297 1174 vitio,
322 1098 347 1155 si
368 1100 414 1156 est
432 1097 549 1174 vitium,
574 1118 609 1157 ne
633 1101 773 1174 provecta
797 1098 918 1174 quidem
941 1102 1040 1157 aetate
1059 1097 1222 1156 Pindarum
1241 1097 1379 1174 caruisse,
1404 1098 1492 1156 testi·

120 1184 123 1189 ’
213 1186 313 1245 monio
342 1189 414 1245 sunt
442 1187 570 1263 epinicia
593 1186 626 1246 Ο.
647 1205 701 1244 xm
725 1191 756 1246 et
778 1187 815 1245 N.
834 1206 862 1245 x.
904 1188 1008 1264 Neque
1037 1187 1177 1246 metricae
1205 1187 1349 1262 rationes,
1378 1186 1492 1262 quibus

213 1276 247 1335 Ε.
268 1275 353 1353 Graf,
378 1276 462 1335 Pind.
481 1277 679 1354 log.·Stroph.
698 1297 726 1352 p.
747 1288 794 1353 34,
822 1279 858 1334 ut
885 1277 1014 1354 Bergkio
1045 1276 1293 1352 adstipularetur,
1321 1279 1492 1336 commotus

213 1368 266 1441 est,
290 1369 373 1424 certa
395 1366 506 1424 indicia
528 1366 670 1442 temporis
693 1365 842 1441 praebent.

303 1454 337 1512 In
357 1455 508 1529 prooemio
527 1459 616 1530 poeta
635 1474 670 1513 ex
690 1454 790 1512 Theba
808 1453 932 1513 heroine
949 1454 1074 1531 quaerit,
1099 1454 1171 1530 quid
1190 1454 1310 1512 tandem
1329 1473 1364 1512 ex
1382 1454 1492 1513 multis

214 1543 396 1601 ornamentis
419 1544 502 1602 urhis
525 1543 713 1619 potissimum
738 1543 902 1618 praedioeri
926 1544 1000 1601 velit
1023 1535 1157 1623 (1-15);
1181 1562 1308 1619 quorum
1332 1562 1491 1602 ornamen-

215 1636 315 1691 torum
335 1632 415 1707 quod
434 1632 542 1691 ultimo
565 1633 630 1691 loco
654 1632 765 1708 posuit,
789 1632 934 1690 auxilium
953 1632 1195 1690 Lacedaemoniis
1214 1632 1251 1690 ab
1270 1631 1393 1709 Aegidis
1412 1632 1491 1692 The·

213 1720 300 1779 banis
330 1722 440 1795 letum,
472 1721 544 1797 quia
567 1722 721 1779 Musarum
745 1721 899 1780 lenociniis
922 1725 1061 1780 ornatum
1084 1741 1144 1780 non
1172 1721 1223 1797 sit,
1254 1721 1284 1779 in
1308 1720 1491 1780 oblivionem

215 1809 322 1868 abiisse
347 1810 482 1886 queritur
506 1802 654 1891 (ro-19),
683 1809 764 1885 quod
786 1830 823 1867 ne
847 1809 955 1868 iterum
980 1810 1108 1887 accidat,
1137 1810 1316 1886 Strepsiadis
1339 1813 1492 1869 recentem

215 1899 372 1958 victoriam
396 1899 588 1958 Isthmiacam
611 1900 721 1974 hymno
741 1918 771 1957 se
790 1899 1032 1973 praedicaturum
1056 1918 1118 1958 esse
1142 1902 1172 1958 et
1194 1918 1256 1957 una
1278 1917 1345 1957 cum
1370 1918 1405 1956 ea
1429 1900 1491 1959 vir·

216 1991 312 2046 tutem
336 1988 487 2066 avunculi,
511 1989 562 2063 qui
585 1988 689 2063 paullo
713 1990 782 2046 ante
806 2007 858 2062 pro
882 1988 981 2064 patria
1000 1987 1144 2049 dimicans
1163 1988 1260 2064 prima
1278 1987 1309 2046 in
1328 1987 1391 2047 acie
1410 1988 1491 2047 ocei-

215 2070 458 2158 derit·(20-36).
506 2077 612 2135 Tristis
640 2079 741 2135 autern
768 2076 851 2135 illius
879 2077 971 2135 cladis
999 2078 1114 2136 luctum
1141 2077 1202 2135 iarn
1229 2076 1316 2135 leniri
1342 2077 1491 2136 felicitate
1567 2130 1575 2145 ,

215 2186 340 2225 coronae
364 2167 497 2226 Isthmiis
520 2165 640 2242 partae;
664 2185 726 2225 esse
751 2165 829 2224 enim
852 2166 980 2225 hominis
1003 2166 1155 2244 sapientis,
1178 2169 1215 2223 ut
1233 2184 1310 2242 quae
1330 2166 1391 2225 dies
1409 2167 1492 2225 bona

214 2256 327 2333 afferat,
350 2256 387 2314 iis
410 2258 567 2315 contentus
591 2255 675 2314 vivat
697 2274 793 2330 neque
818 2274 896 2314 nora
918 2275 1033 2332 semper
1051 2260 1081 2315 et
1100 2275 1176 2332 quae
1201 2253 1378 2314 mortalibus
1400 2256 1491 2314 dene·

213 2347 286 2421 gata
310 2345 371 2402 sint
393 2348 529 2420 appetat,
553 2345 662 2420 quibus
685 2364 703 2402 a
726 2343 883 2403 conatibus
901 2345 1034 2404 homines
1056 2345 1218 2421 prudentes
1241 2345 1383 2403 deterreri
1407 2345 1491 2403 tristi

213 2452 286 2492 casu
309 2434 557 2510 Bellerophontae
582 2425 725 2512 (st—48).
767 2432 829 2491 Sub
852 2432 940 2492 finem
963 2434 1134 2509 Apollinem
1156 2436 1304 2511 precatur,
1327 2435 1363 2490 ut
1386 2432 1492 2509 Strep-

213 2523 325 2581 siadem
349 2523 440 2581 etiarn
463 2524 590 2598 Pythice
612 2541 721 2582 corona
744 2522 841 2581 donet.

304 2612 419 2670 Fabula
443 2613 523 2688 quod
546 2613 601 2671 hoc
625 2611 786 2687 epinioium
810 2614 899 2688 caret,
918 2611 949 2669 in
969 2614 1032 2670 tam
1050 2611 1132 2671 brevi
1151 2611 1280 2670 carmine
1299 2631 1358 2671 non
1378 2610 1491 2670 miran-

214 2700 287 2759 dum
309 2705 362 2760 est.
410 2701 467 2760 Sed
490 2720 558 2759 cunr
584 2700 697 2777 omnia,
726 2719 801 2776 quae
830 2699 977 2759 Pindarus
1001 2701 1150 2759 Thebanis
1172 2701 1335 2760 victoribus
1359 2700 1493 2777 scripsit,

214 2789 343 2866 epinicia
365 2790 470 2848 fabula
492 2793 621 2866 careant,
644 2789 770 2847 historia
796 2792 897 2847 autem
922 2789 1068 2849 fabularis
1087 2790 1228 2848 Thebana
1251 2789 1492 2866 haudquaquam

214 2879 340 2954 penuria
365 2899 464 2937 rerum
492 2878 649 2955 laborarit,
679 2877 861 2953 peculiarem
885 2879 1034 2954 quandam
1059 2897 1179 2937 causam
1203 2879 1294 2938 fuisse
1317 2880 1406 2954 puto,
1436 2898 1494 2937 eur

213 2968 361 3026 Pindarus
389 2968 420 3025 in
447 2967 494 3025 his
522 2966 703 3026 carminibus
731 2986 748 3025 a
776 2966 887 3025 fabulis
915 2968 1070 3028 narrandis
1098 2967 1268 3026 abstineret.
1316 2966 1429 3038 Quodsi
1457 2968 1492 3026 in

213 3076 244 3114 re
268 3056 382 3115 incerta
405 3056 607 3115 coniecturam
630 3056 726 3115 fecere
750 3055 833 3133 licet,
862 3060 981 3132 poetam
1005 3058 1035 3115 in
1058 3057 1176 3132 hymnis
1199 3056 1364 3133 partheniis
1386 3056 1492 3133 dithy-

214 3146 336 3222 rambis,
366 3163 439 3221 quos
464 3144 525 3203 suis
549 3145 744 3221 popularibus
768 3145 898 3223 scripsit,
929 3146 1144 3223 amplissimam
1168 3146 1323 3205 materiem
1346 3146 1492 3205 domesti-

213 3254 315 3294 carum
334 3235 506 3295 fabularum
525 3233 569 3292 ita
587 3234 757 3293 exhausisse
777 3234 861 3311 duco,
880 3237 916 3292 ut
934 3235 1009 3293 nihil
1028 3236 1088 3294 iam
1107 3237 1176 3296 nori
1196 3235 1330 3312 opinioiis
1349 3234 1492 3295 relictum

211 3326 295 3384 esset.

757 3404 802 3471 De
824 3407 946 3472 metris.

303 3501 451 3561 Carminis
473 3502 563 3560 huius
587 3504 682 3560 metra
705 3504 776 3559 sunt
799 3502 972 3580 logaoedioa
995 3503 1038 3562 ita
1061 3503 1234 3580 composite,
1257 3504 1293 3561 ut
1310 3520 1415 3562 versus
1434 3506 1493 3562 eut

213 3612 273 3652 uno
302 3596 333 3650 et
360 3591 502 3650 continuo
532 3591 634 3649 ordine
663 3591 823 3650 decurrant
846 3590 912 3670 (etr.
933 3604 957 3650 1.
976 3604 1001 3669 4,
1025 3612 1067 3668 ep.
1090 3606 1113 3652 1.
1134 3605 1158 3653 3.
1179 3585 1209 3672 a)
1234 3595 1288 3651 aut
1311 3611 1346 3651 cx
1369 3590 1492 3652 duobus

211 3680 385 3758 pluribusve
416 3680 555 3739 membris
586 3682 730 3739 constent.
775 3680 816 3738 Hi
846 3680 956 3754 quibus
986 3683 1058 3742 locis
1088 3682 1119 3741 in
1150 3683 1215 3742 oola
1242 3680 1393 3741 dividendi
1417 3680 1491 3759 sint,

211 3788 301 3828 cursu
320 3789 512 3829 numerorum
531 3769 642 3845 partim
661 3769 828 3844 interrupto
845 3763 904 3847 (ep.
920 3782 944 3828 a.
960 3783 983 3829 o.
1001 3764 1031 3852 a)
1045 3771 1156 3847 partim
1172 3770 1323 3831 retardato
1339 3762 1405 3850 (atr.
1421 3781 1446 3828 3.
1464 3782 1490 3850 5,

211 3879 256 3935 ep.
276 3852 306 3938 o)
326 3858 492 3919 indicatum
511 3860 564 3918 est.
592 3858 706 3916 Verum
723 3861 826 3916 utrum
845 3877 964 3919 carmen
983 3860 1123 3919 membris
1145 3859 1338 3937 tetrapodicis
1361 3859 1490 3936 tripodi·

211 3949 312 4025 cisque
336 3948 503 4009 commixtis
527 3949 657 4024 constet,
681 3966 718 4006 an
743 3966 844 4007 omnes
867 3967 970 4008 versus
993 3969 1053 4009 uno
1077 3950 1217 4027 rhythmo
1242 3948 1357 4009 senario
1381 3939 1491 4028 (ποσὶν

210 4030 382 4119 ἱξασήμοις)
406 4037 565 4097 scandendi
594 4036 667 4113 sint,
695 4056 754 4096 non
783 4056 903 4113 prorsus
931 4039 1118 4114 exploratum
1139 4043 1199 4123 rest.
1245 4039 1385 4097 Alterum
1412 4056 1490 4114 quo·

211 4128 298 4187 modo
321 4126 384 4185 fieri
408 4129 510 4202 posset
532 4129 568 4183 ut
590 4126 831 4204 demonstrarem,
855 4127 885 4185 in
905 4128 1054 4187 schemate
1077 4129 1199 4188 metrico
1219 4127 1255 4185 ab
1276 4125 1490 4186 audacioribus

210 4215 348 4276 remediis
371 4215 546 4291 rhythmicis
570 4234 629 4273 non
653 4213 798 4293 abstinui3
831 4216 866 4275 de
895 4217 1021 4292 pedibus
1043 4239 1079 4278 i.
1100 4239 1136 4279 a.
1160 4220 1190 4276 et
1211 4240 1246 4279 ι.
1271 4228 1292 4280 Λ
1316 4240 1333 4277 ῡ
1355 4215 1387 4273 in
1410 4218 1489 4276 stro-

210 4305 286 4381 phae
314 4324 403 4380 yersu
435 4303 541 4380 quinto
574 4303 630 4363 sibi
663 4305 910 4381 respondentibus
942 4308 979 4365 cf.
1004 4304 1038 4365 O.
1062 4324 1117 4363 v111
1144 4326 1173 4382 p.
1197 4317 1243 4384 ol,
1276 4306 1312 4363 de
1344 4303 1489 4364 finalibus

209 4394 347 4470 tripodiis
377 4393 456 4453 Prol.
480 4412 506 4454 1..
552 4392 620 4452 Duo
649 4394 758 4452 ultima
788 4395 853 4454 oola
883 4396 969 4471 epodi
1001 4394 1161 4471 quominus
1189 4395 1221 4452 in
1247 4413 1342 4452 unum
1365 4412 1488 4454 vorsum

209 4483 432 4561 coniungantur
461 4482 542 4559 quod
574 4482 685 4560 obstat,
719 4483 749 4540 id
781 4483 952 4543 coniectura
982 4485 1126 4544 removeri
1158 4502 1245 4560 posse
1276 4483 1307 4541 in
1329 4502 1391 4542 ver.
1415 4483 1486 4545 lect.

208 4591 235 4630 v.
260 4583 294 4630 34
317 4572 412 4632 docui.
460 4571 586 4631 Carmen
616 4571 859 4631 venustissimum
890 4572 998 4632 Thebis
1029 4593 1047 4632 a
1076 4575 1164 4633 choro
1197 4574 1228 4633 in
1261 4571 1381 4649 publico
1414 4590 1487 4632 oon·

208 4661 288 4720 rivio
316 4666 472 4721 cantatum
499 4680 561 4720 esse
589 4660 716 4720 videtur.
761 4660 810 4719 Ad
839 4662 1009 4721 convivium
1038 4682 1098 4721 non
1128 4667 1192 4722 tam
1214 4662 1339 4723 verbum
1367 4660 1486 4738 κώμαζε

209 4744 251 4832 (v.
271 4743 319 4831 20)
337 4751 451 4828 rettuli,
474 4751 585 4827 quippe
609 4751 689 4825 quod
712 4753 743 4807 et
766 4749 801 4807 de
825 4751 960 4811 convivio
985 4755 1015 4810 ot
1038 4752 1073 4810 de
1097 4772 1207 4828 pompa
1225 4750 1360 4828 intellegi
1378 4752 1488 4827 possit,
