3406 5378
824 921 965 975 ΟΛΤΜΠ.
986 917 1035 971 Η’.

478 1085 968 1167 ΑΛΚΙΜΕΔΟΝΤΙ
1007 1083 1374 1166 ΑΙΓΙΝΗΤΗι

761 1280 868 1330 ΠΑΙΔΙ
888 1279 1097 1332 nonarum».

376 3382 552 3443 Alcimedon
575 3384 723 3462 Aegineta
746 3404 761 3442 e
785 3385 878 3443 nobili
903 3389 991 3462 gente
1015 3384 1244 3459 Blepsiadarum
1267 3376 1308 3463 (v.
1330 3376 1376 3463 75)
1402 3381 1447 3442 01.
1465 3386 1507 3442 80
1522 3408 1563 3429 =

288 3473 352 3531 460
376 3491 403 3530 a.
427 3472 493 3533 Chr.
519 3492 592 3548 puer
615 3474 698 3532 lucta
721 3474 808 3548 vicit,
835 3473 899 3531 eius
928 3474 1023 3549 alipta
1046 3474 1183 3532 Melesias
1207 3472 1397 3531 Atheniensis
1420 3472 1488 3548 fuit,
1513 3472 1565 3547 qui

288 3561 378 3619 etiam
403 3562 618 3639 Aeginetarum
644 3562 828 3621 Timasarchi
857 3566 887 3621 et
910 3562 1075 3621 Alcimidae
1103 3563 1246 3640 magister
1273 3562 1365 3621 fuisse
1393 3561 1566 3637 perhibetur

288 3644 338 3728 (N.
363 3668 394 3708 ιν
419 3662 460 3710 93.
489 3669 521 3708 vr
546 3644 602 3725 74),
658 3652 687 3710 Is
716 3656 746 3710 et
774 3652 835 3727 ipse
864 3652 997 3727 palmam
1027 3670 1114 3727 saepe
1143 3671 1177 3710 ex
1210 3651 1422 3710 certaminibus
1454 3651 1567 3709 tulerat

286 3742 317 3796 et
344 3739 467 3798 laudum
499 3759 657 3815 puerorum
683 3760 701 3798 a
729 3760 759 3799 se
789 3741 995 3799 institutorum
1027 3743 1144 3816 partem
1174 3740 1280 3799 merito
1309 3740 1365 3797 sibi
1394 3739 1564 3799 vindicavit.

288 3827 384 3887 Paulo
412 3836 481 3886 ante
506 3830 742 3889 Alcimedontem
767 3832 860 3888 frater
882 3830 946 3888 eius
969 3829 1065 3888 maior
1088 3828 1293 3887 Timosthenes
1317 3828 1430 3887 Nemea
1453 3830 1566 3887 vicerat

288 3908 329 3995 (v.
347 3909 402 3997 15),
422 3918 508 3976 euius
527 3919 684 3976 victoriam
703 3920 799 3996 magis
819 3919 910 3977 etiam
928 3918 985 3977 hoe
1004 3919 1068 3977 loeo
1088 3917 1205 3975 laudari
1225 3917 1391 3993 oportebat,
1411 3918 1435 3974 si
1454 3918 1565 3994 eodem,

286 4009 323 4063 ut
346 4026 401 4082 par
423 4013 477 4083 est,
501 4007 623 4066 llelesia
646 4007 741 4083 alipta
764 4026 837 4065 usus
861 4010 932 4066 erat.
967 4007 1071 4065 Trium
1095 4006 1188 4083 igitur
1211 4005 1360 4064 victorum
1384 3996 1566 4065 landes'bao

288 4095 344 4152 oda
368 4100 457 4170 poeta
481 4096 702 4171 complectitur,
731 4114 862 4155 summas
886 4096 1110 4167 Alcimedontis,
1134 4093 1187 4169 qui
1211 4091 1353 4171 Olympia
1376 4096 1498 4170 vicerat,
1522 4114 1565 4152 se·

287 4184 400 4242 cundas
423 4185 562 4242 bielesiae
587 4184 707 4260 aliptae,
733 4186 818 4244 cuiue
842 4186 913 4243 haec
932 4186 1059 4243 victoria
1082 4183 1237 4260 trigesima
1259 4184 1327 4260 luit,
1351 4186 1442 4244 tertia
1468 4185 1565 4242 Timo·

291 4273 404 4331 athenis
427 4273 548 4330 Nemeis
572 4273 702 4331 victoris.

378 4362 410 4418 ln
439 4361 559 4419 exordio
587 4362 726 4420 carminis
751 4366 841 4437 poeta
867 4360 1052 4436 Olympiam,
1080 4361 1158 4418 unde
1189 4362 1377 4439 Alcimedon,
1404 4369 1566 4437 antequam

288 4455 438 4509 certamen
465 4448 560 4526 iniret,
586 4452 719 4509 faustum
743 4450 903 4528 augurium
928 4454 1091 4525 acceperat,
1115 4450 1248 4529 invocat,
1277 4456 1312 4509 ut
1335 4451 1460 4529 benigne
1484 4468 1566 4525 pom-

286 4558 355 4614 pam
391 4537 575 4598 victorialem
610 4541 738 4616 accipiat
771 4531 906 4619 (1—10).
957 4538 1113 4614 Olympiae
1147 4540 1280 4599 favorem
1314 4540 1406 4616 loris,
1438 4537 1565 4595 Alcime-

288 4627 372 4685 donti
405 4627 528 4703 eiusque
561 4629 646 4687 fratri
679 4628 862 4687 'l‘imostheni
894 4647 990 4703 nuper
1020 4627 1221 4704 impertitum,
1252 4635 1282 4687 et
1312 4629 1415 4686 laudes
1445 4627 1566 4685 victoris

289 4716 376 4791 pueri
401 4724 492 4792 atque
517 4717 649 4796 Aeginae
673 4717 789 4793 patriae
814 4716 946 4777 adnectit
970 4711 1112 4797 (lo-³0).
1151 4718 1235 4788 Quod
1256 4718 1374 4795 Aegina
1397 4736 1415 4774 a
1438 4716 1567 4774 Doribus
