3406 5378
235 313 300 376 102
514 400 517 415 Ι
534 332 591 423 ,ρι-
704 319 853 370 emnam
871 321 1038 373 aermon.

497 413 531 451 υ
558 409 586 465 ι

322 475 384 558 ἐγὼ
409 473 445 540 δὲ
467 458 575 554 icosio
598 477 635 543 ἐν
658 488 760 566 κοινῷ
785 483 929 561 σταλείς,

251 598 285 646 50
323 586 421 667 μῆτίν
443 607 478 647 τε
502 585 637 670 γαρύων
660 588 872 668 παλαιγόνων

321 693 465 775 πόλεμόν
488 689 516 755 τ’
543 691 579 756 ἐν
602 691 637 775 ἡ·
653 695 769 777 ρωίαις
792 692 961 778 ἀρεταῖσιν

324 797 364 861 οὐ
386 796 527 882 ψεύσομ’
552 797 641 897 ἀμφί
657 802 853 909 ,Κρρίνθοα
876 804 1033 885 Σίσυφον
1056 798 1118 887 μὲν

367 907 574 970 πυκνότατον
597 882 762 990 παλάριαις
782 948 795 955 -
815 908 859 983 ὡς
881 911 979 991 θεόν,

322 1008 378 1074 καί
400 1011 461 1075 τάν
484 1013 608 1096 πατρὸς
631 1011 727 1077 ἀντία
751 1015 906 1096 Μήδειαν
928 1015 1075 1132 θεμέναν
1099 1017 1206 1101 γάμον
1229 1018 1324 1104 αὐτᾷ,
1461 1036 1493 1083 75

322 1117 380 1181 ναῒ
401 1115 590 1205 σρῇτμιραν
612 1116 725 1201 Ἀργοῖ
744 1118 799 1185 καί
821 1085 1011 1206 πράίίθλόίςί

252 1348 285 1395 55
324 1332 362 1396 τά
386 1328 422 1395 dl
445 1334 503 1396 καί
523 1330 597 1396 κοτ’
624 1331 659 1397 ἕν
683 1332 766 1419 ἀλκᾷ
1274 1337 1357 1403 Ἀντ.
1381 1339 1423 1421 γ’.

323 1439 387 1522 πρὸ
410 1437 761 1524 Δαρδάνου-τειχέων
785 1440 947 1524 ἐδόκησαν

324 1544 379 1609 εἰτ’
403 1545 572 1630 ἀμφότερα
595 1556 703 1631 μαχᾶν
726 1548 862 1631 τάμνειν
885 1547 994 1633 τέλος,
1461 1568 1495 1615 80

326 1650 377 1716 τοί
400 1648 460 1736 μὲν
483 1651 571 1735 γένει
595 1657 682 1740 φίλῳ
706 1657 770 1719 σὺν
791 1652 920 1740 Ἀτρέος

320 1757 455 1823 Ἑλέναν
478 1762 693 1844 κομίζοντες,
717 1762 752 1825 οί
772 1759 804 1824 δ’
830 1760 893 1826 ἀπὸ
916 1761 1053 1846 πάμπαν

255 1884 289 1931 60
326 1872 504 1953 είργονηες·
525 1865 573 1957 ἐκ,
588 1869 715 1944 Λυκίας
737 1864 774 1932 ἀὲ
800 1871 952 1933 Γλαῦκον
976 1869 1092 1934 ἐλθόν-

369 1997 408 2038 τα
432 1952 571 2059 ἶτίίόρίεον
594 1978 733 2038 Δαναοί.
753 2016 766 2024 -
785 1987 872 2041 τοῖσι
895 1974 956 2060 μὲν
1463 1994 1497 2042 85

308 2259 351 2309 51.
372 2254 475 2324 ἡράιιις
489 2256 566 2310 13¹1)
580 2287 613 2296 -
628 2263 670 2310 52.
689 2257 833 2328 ψεύδομαι
850 2259 873 2314 0
878 2259 888 2290 ¹
903 2291 934 2298 —
951 2256 1088 2327 κορίνθου
1102 2260 1135 2313 N
1139 2259 1174 2314 0:
1194 2257 1319 2332 κορίνθῳ
1334 2261 1369 2327 Β,
1390 2255 1515 2328 κορίνθω

240 2328 294 2382 01>
313 2330 344 2396 (ω
368 2326 397 2380 in
421 2344 475 2381 ras.
495 2328 544 2397 D),
564 2328 696 2398 genetivo
719 2329 748 2381 in
772 2329 859 2383 simili
882 2347 912 2384 re
935 2348 1002 2384 usus
1026 2334 1069 2385 est
1091 2334 1177 2402 poeta
1196 2330 1227 2385 Ο.
1243 2351 1253 2382 ι
1271 2347 1297 2385 so
1316 2333 1345 2384 et
1363 2330 1398 2384 N.
1413 2351 1430 2383 x
1449 2348 1460 2384 ι
1483 2363 1514 2371 -

237 2398 382 2525 οὲρῦῗὸν]
409 2396 519 2467 ὑμνέων
544 2398 589 2454 vel
615 2397 718 2454 αίνέοιν
744 2400 814 2456 coni.
834 2400 948 2455 Bossler
967 2434 998 2442 -
1019 2408 1061 2457 53.
1088 2399 1190 2456 ἀντίαν
1209 2402 1273 2455 13⁸⁰
1292 2433 1325 2442 —
1345 2407 1387 2457 51.
1413 2420 1515 2471 κροσιι.

308 2636 350 2685 dt.
379 2630 451 2695 ίόιος
479 2631 509 2686 iv
536 2638 622 2704 κοινῷ
650 2629 769 2696 σταλείς·
793 2649 846 2702 ego
870 2635 1015 2701 tamquam
1039 2651 1110 2687 unus
1139 2649 1172 2687 ex
1200 2633 1304 2703 populo
1333 2632 1516 2702 constitutus,

238 2702 287 2771 qui
314 2720 429 2756 causam
457 2702 567 2772 populi,
596 2720 652 2766 non
680 2719 772 2758 meam
799 2703 940 2773 privatam
968 2721 1064 2774 agam,
1093 2707 1125 2758 ut
1151 2707 1228 2759 recto
1255 2703 1409 2759 scholiasta
1431 2704 1516 2759 inter-

238 2775 367 2844 pretatus
390 2777 444 2828 est:
472 2773 524 2842 ἐγὼ
547 2774 582 2843 δὴ
608 2770 658 2829 οὖν
688 2776 737 2845 οὐχ
766 2776 802 2836 ὡς
829 2772 972 2843 ἀλλότριός
996 2796 1038 2839 τις
1060 2774 1122 2829 ἀλλ’
1143 2777 1179 2838 ὡς
1202 2775 1273 2838 ίόιος
1296 2777 1344 2829 καί
1367 2776 1463 2838 κοινός
1486 2776 1516 2830 ἐν

239 2846 311 2915 ὑμῖν,
349 2844 415 2898 Alia
443 2847 487 2898 est
513 2844 556 2899 vis
584 2845 716 2899 vocabuli
744 2845 803 2900 ίδια
831 2845 864 2899 N.
885 2865 913 2898 τι
931 2862 957 2900 ιι
985 2878 1018 2887 -
1045 2851 1088 2902 52,
1116 2847 1269 2916 ψεύσομαι·
1298 2864 1354 2901 non
1380 2846 1516 2900 mentitus

238 2933 299 2971 esse
324 2916 529 2985 deprehendar,
558 2917 581 2968 si
603 2916 782 2985 prudentiam
808 2919 836 2970 et
861 2917 994 2971 virtutem
1019 2917 1153 2972 bellicam
1197 2917 1333 2972 riscorum
1359 2916 1516 2972 Corinthio·

238 3005 300 3041 rum
331 2986 530 3057 praedicavero
563 3019 598 3026 -
630 2992 664 3041 52
690 3006 730 3056 sq.
764 2990 905 3041 structura
935 2977 1070 3043 oratioriis
1103 2937 1261 3059 expeditior
1292 2990 1372 3043 fieret
1402 2992 1516 3058 recepta

238 3057 360 3113 Bossleri
392 3057 554 3112 coniectura
583 3057 706 3128 ύμνίων;
739 3058 789 3113 sed
820 3057 891 3112 nihil
923 3060 1105 3127 mutandum
1141 3077 1208 3114 nam
1239 3060 1347 3114 tradita
1379 3060 1518 3130 scriptura

239 3132 342 3184 bonum
371 3128 541 3198 explicatum
569 3129 709 3192 admittit,
734 3130 817 3184 modo
841 3128 969 3200 Σίσυφον
997 3134 1026 3185 et
1048 3132 1182 3200 Μήδειαν
1205 3131 1336 3186 vocabuli
1359 3139 1442 3202 μῆτιν
1465 3149 1516 3202 ap-

238 3200 406 3272 positionem
435 3216 496 3254 esse
524 3200 643 3256 duxeris.
681 3201 756 3255 Bene
776 3203 871 3255 sutem
890 3205 922 3256 ut
939 3202 1117 3272 prudentiam
1142 3206 1246 3273 (μῆτιν)
1269 3206 1396 3258 veterum
1420 3202 1516 3257 Corin-

239 3272 362 3327 thiorum
391 3271 499 3326 duobus
528 3271 663 3355 exemplis
686 3271 818 3341 mythicis
843 3272 957 3343 Sisyphi
985 3276 1014 3328 et
1041 3274 1159 3329 Medeae
1187 3273 1313 3328 illustrat
1340 3276 1350 3339 (
1372 3272 1403 3328 ὲν
1426 3292 1451 3327 v.
1471 3277 1517 3342 os),

239 3345 281 3398 ita
304 3342 437 3397 bellicam
457 3360 567 3412 quoque
590 3346 724 3397 virtutem
752 3342 797 3411 (τὰ
821 3341 852 3397 δὲ
876 3362 901 3398 v.
921 3347 958 3413 os)
986 3345 1096 3399 duobus
1122 3345 1222 3399 castris
1247 3344 1316 3399 belli
1366 3344 1457 3400 roiani
1482 3376 1517 3386 -

239 3422 281 3470 5⁶2.
308 3413 379 3468 Σίσυ
404 3434 437 3468 οι
462 3413 513 3483 μὲν
538 3412 715 3469 πυκνότατον
740 3412 883 3483 καλάμαις
908 3416 944 3478 ὡς
970 3414 1053 3470 θεόν·
1083 3417 1185 3471 veteris
1212 3416 1286 3486 rogis
1310 3415 1517 3470 Corinthiorum

239 3503 340 3542 nomen
354 3435 483 3555 Σίίυφον
497 3503 531 3539 ex
545 3485 647 3540 Dorica
662 3484 784 3540 dialecto
800 3485 980 3556 interpretari
999 3490 1083 3557 poeta
1097 3488 1218 3556 videtur,
1236 3490 1269 3540 ut
1285 3487 1358 3541 idem
1379 3486 1518 3556 significet

240 3561 325 3627 atque
346 3556 502 3626 Θεόσοφος,
526 3558 612 3627 σοφὸς
636 3558 672 3621 ὡς
695 3556 760 3619 σιός.
798 3556 927 3611 Ceterum
948 3557 978 3611 in
1003 3558 1125 3612 carmine
1144 3558 1270 3613 encomio
1289 3557 1358 3612 civis
1378 3557 1517 3613 Corinthii

239 3629 418 3698 prudentiam
437 3628 551 3698 Sisyphi
569 3627 681 3690 laudat,
701 3631 797 3683 tacens
817 3628 852 3681 de
870 3629 1034 3683 fraudulosa
1053 3629 1112 3682 eius
1136 3630 1257 3698 astutia,
1276 3646 1361 3698 quam
1379 3630 1516 3684 Homerus

239 3700 365 3825 ppitheito
384 3697 661 3839 κὲρρίστρὸἀάνδρῶν
679 3700 714 3825 lb
725 3719 754 3752 vr
773 3715 811 3839 ισρ
830 3699 1038 3824 εἰρροίίὲοοιεραί
1052 3703 1081 3781 et
1095 3700 1173 3782 cuius
1184 3718 1298 3824 tpoenas
1318 3701 1394 3781 apud
1406 3701 1516 3825 Iipfelros

251 3788 317 3827 uere
347 3787 392 3825 ere
414 3788 478 3824 aur
552 3788 666 3826 moos.
717 3787 811 3825 ,rea
874 3787 952 3824 eis
1012 3789 1072 3825 ior
1134 3788 1182 3825 ee
1234 3789 1264 3825 ro
1285 3788 1347 3825 eme
1366 3791 1392 3825 v.
1429 3789 1516 3826 roe.

241 3862 313 3897 αιτιοι
339 3874 372 3883 -
399 3848 441 3896 63,
468 3843 596 3897 Medeam
620 3841 794 3896 Corinthiam
819 3789 1347 3912 Pindarusyliccit‚lgle1ieremppo{tam
1370 3789 1517 3897 Eumeluin

241 3917 361 3981 secutus,
380 3913 429 3982 qui
447 3915 559 3981 tetam,
576 3917 686 3983 patrem
704 3912 829 3981 Medeae,
849 3911 982 3968 Corintho
1001 3913 1163 3968 Colchidem
1182 3913 1318 3984 migrasse
1337 3916 1517 3979 narraverat3

240 4005 266 4041 v.
282 3985 397 4054 scholia,
416 4002 488 4053 quae
508 3985 617 4039 Eumoli
631 4001 727 4038 versus
746 3983 867 4038 afferunt
880 3987 910 4037 et
923 3987 1070 4053 praeterea
1084 3984 1207 4040 addunt:
1228 3981 1359 4054 Μηδείας
1372 3983 1518 4054 μέμνηται,

241 4058 284 4112 ότι
299 4058 329 4111 ἐκ
339 4059 473 4128 Κορίνθῳ
487 4056 606 4126 κατῴκει
620 4057 669 4109 καί
682 4055 784 4110 ἔπαυσε
794 4052 967 4123 Κορινθίους
976 4059 1001 4110 λι
1039 4056 1180 4110 ῦθύσασα
1191 4055 1318 4125 Δήμητρι
1333 4057 1381 4110 καί
1395 4056 1520 4145 νύμφαις

240 4126 385 4197 Λημνίαις.
410 4127 468 4181 ἐκεῖ
481 4125 512 4180 δὲ
527 4125 642 4195 αύτῆςό
659 4128 727 4189 Ζεύς
741 4124 864 4196 ἠράσθη,
880 4127 931 4180 ούκ
946 4075 1076 4182 ίιιείθζτο
1092 4126 1123 4181 δὲ
1138 4127 1156 4196 ἡ
1170 4127 1294 4195 Μήδεια,
1309 4128 1359 4181 τὸν
1372 4135 1421 4197 τῆς
1439 4131 1518 4193 Ηρας

242 4197 405 4254 ἐκκλίνουσα
424 4196 514 4269 χόλον.
544 4197 589 4251 διὸ
604 4199 652 4251 καί
666 4198 683 4266 ἡ
697 4194 770 4265 Ἥρα
784 4196 918 4267 ὑπέσχετο
933 4199 1003 4269 αὐτῇ
1018 4198 1184 4261 ἀθανάτους
1197 4206 1313 4268 ποιῆσαι
1326 4199 1392 4261 τοὺς
1405 4201 1518 4265 παῖδας,

241 4267 443 4332 ἀποθανόντας
454 4267 485 4322 δὲ
495 4268 610 4331 τούτους
624 4279 720 4336 τιμῶσι
730 4267 882 4337 Κορίνθιοι
891 4273 1041 4333 καλοῦντες
1056 4269 1285 4342 μιξοβαρβάρους.
1306 4268 1407 4323 Confer
1417 4269 1518 4323 Weck-

241 4341 299 4395 lein
312 4341 342 4394 in
353 4340 461 4411 Proleg.
472 4340 535 4393 Eur.
547 4340 619 4395 Med.
631 4373 663 4380 -
675 4346 717 4394 53.
732 4342 813 4414 αὐτᾷ,
823 4340 899 4410 quod
908 4340 993 4411 vulgo
1004 4342 1076 4416 αὑτᾷ
1086 4340 1198 4409 dicunt;
1214 4340 1351 4395 Pindarus
1362 4341 1445 4409 enim,
1456 4358 1519 4395 cum

243 4411 373 4466 similiter
387 4415 472 4479 atque
481 4412 618 4465 Homerus
633 4410 746 4465 articuli
760 4429 840 4465 usum
851 4428 887 4464 an
928 4411 1059 4466 stissimis
1069 4412 1171 4466 finibus
1182 4412 1454 4483 circumscripsisset,
1464 4411 1518 4465 for-

242 4483 295 4537 mis
316 4482 489 4553 pronominis
510 4480 595 4546 αίιτός
615 4500 670 4536 non
690 4501 756 4536 usus
770 4486 813 4547 ut;
836 4483 871 4537 cf.
909 4502 958 4536 ,ιν
972 4502 1056 4538 ers—
1071 4490 1150 4538 obss.
1166 4484 1335 4538 contrariam
1351 4482 1519 4537 sententiam

243 4555 311 4608 tulit
334 4553 505 4621 Simonides,
528 4554 577 4622 qui
601 4553 760 4609 Corinthios
783 4552 919 4608 vellicans
943 4554 1016 4609 dixit
1038 4554 1070 4609 fr.
1090 4572 1116 4609 oo
1140 4552 1336 4623 Κορινθίοισιν
1356 4556 1389 4608 ού
1408 4552 1520 4623 μανίειν

244 4624 330 4681 Ἴλιον
345 4657 377 4666 -
394 4630 435 4679 57.
450 4624 567 4695 τάμνειν
581 4624 668 4688 τέλος·
685 4625 719 4680 cf.
735 4625 798 4680 Eur.
813 4624 923 4680 Heracl.
939 4641 977 4681 vos
992 4624 1126 4681 κίνδυνον
1140 4631 1226 4699 πολιῷ
1240 4624 1351 4696 τέμνειν
1366 4623 1470 4695 σιδάρῳ
1485 4655 1520 4664 —

245 4703 287 4752 58.
307 4698 358 4822 τορ)
369 4695 420 4765 μὲν
439 4697 641 4767 intelleguntur
659 4696 805 4765 Corinthii,
824 4695 873 4765 qui
892 4696 962 4751 duce
980 4697 1142 4753 Euchenore
1161 4698 1202 4767 (Il.
1216 4717 1266 4752 xm
1280 4700 1330 4767 cos)
1348 4713 1399 4768 pro
1413 4694 1519 4749 Atridis

243 4787 338 4843 pugna
360 4772 410 4824 ant
429 4800 460 4809 -
