3406 5378
319 379 433 434 XLVIII
818 383 1098 437 PROLEGOMENA.

320 544 452 628 oedicis,
477 544 635 630 siquidem
659 544 688 609 ei
712 567 855 630 quoque,
878 546 955 612 licet
977 569 1043 610 non
1066 547 1107 610 ab
1130 546 1370 632 inventoribus,
1394 551 1428 610 at
1451 551 1561 611 tamen
1582 571 1602 611 a

319 651 460 716 Pindaro
489 652 658 737 postisque
684 653 819 718 scenicis
843 653 877 716 in
901 652 1048 738 dipodias
1073 653 1306 718 dividebantur.
1353 653 1468 737 Itaque
1491 654 1525 718 in
1549 653 1601 718 his

322 780 449 842 quoque
472 759 610 824 duorum
633 759 752 844 pedum
774 759 860 824 ictus
883 760 945 824 hoc
968 760 1064 825 modo
1089 759 1335 846 distinguendos
1359 761 1557 825 curavimus:

756 886 977 953 Luoauvel
1006 928 1164 954 mer-u.

319 1007 456 1091 Epitriti
480 1030 555 1073 vero
585 1014 617 1073 et
639 1009 819 1075 choriambi
837 1010 951 1095 procul
979 1010 1078 1076 dubio
1103 1034 1167 1075 uno
1192 1012 1259 1076 ictu
1282 1011 1437 1096 primario
1461 1011 1509 1074 ita
1532 1033 1602 1095 per-

322 1115 464 1180 cutiendi
488 1121 578 1202 sunt,
601 1120 637 1180 ut
661 1119 743 1182 alter
765 1140 822 1202 pes
846 1117 942 1202 arsis,
965 1118 1067 1182 thesis
1091 1119 1174 1183 alter
1196 1123 1306 1203 partes
1329 1124 1460 1183 tueatur

567 1242 906 1311 ³us.·...Vel.·.u--
996 1244 1359 1312 ‚²ooLVelaooL-

327 1365 525 1452 Rhythmica
552 1367 656 1454 igItur
682 1367 808 1433 notatio
838 1390 949 1433 eorum
978 1390 1143 1453 versuum,
1175 1369 1231 1453 qui
1263 1391 1302 1433 ex
1334 1368 1414 1433 colis
1442 1368 1601 1452 dipodicis

322 1474 401 1538 solis
425 1479 591 1559 constant,
613 1476 679 1539 fere
703 1474 825 1539 nullam
847 1477 983 1560 praebet
1002 1475 1243 1560 difficultatem,
1265 1474 1328 1539 nisi
1348 1475 1434 1558 quod
1452 1480 1525 1538 uter
1542 1497 1600 1559 pes

322 1581 483 1664 dipodiae,
510 1580 641 1665 priorne
669 1604 710 1644 an
737 1581 900 1665 posterior
927 1582 1076 1666 graviore
1104 1581 1171 1646 ictu
1193 1583 1395 1666 percutiatur
1417 1604 1483 1646 non
1506 1581 1602 1666 plane

322 1692 452 1752 constat

570 1821 696 1863 osor
723 1818 765 1859 an
791 1823 916 1863 cast.
1007 1816 1130 1863 aocc-
1159 1817 1201 1859 an
1229 1794 1354 1862 acori

322 1926 355 1985 et
383 1921 467 2004 quod
496 1942 516 1984 a
542 1920 706 1984 veteribus
736 1920 956 2004 grammaticis
984 1921 1069 1984 inter
1099 1920 1245 2003 dipodias
1274 1920 1373 1984 etiam
1402 1919 1602 2002 antispastus

321 2024 353 2114 (c
372 2087 388 2094 ,
408 2087 423 2095 ,
441 2024 475 2112 υ)
498 2026 620 2091 relatus
644 2032 703 2091 est.
746 2029 852 2110 Atque
875 2027 1018 2111 priorem
1042 2026 1278 2111 quaestionem,
1301 2031 1339 2090 ut
1361 2046 1443 2109 quae
1463 2026 1602 2089 maxime

321 2134 361 2198 ad
381 2133 622 2219 percussionem
640 2133 772 2198 iambici
792 2133 910 2197 senarii
929 2134 1104 2217 pertineat,
1123 2132 1184 2196 boc
1202 2132 1274 2198 loco
1289 2133 1422 2197 missam
1436 2133 1602 2197 faciamus.

325 2240 552 2326 antispastum
570 2263 649 2305 num
668 2245 754 2306 recte
772 2241 859 2305 inter
878 2240 1024 2325 dipodias
1043 2239 1243 2322 rettulerint,
1263 2239 1322 2310 viri
1340 2240 1427 2304 docti
1441 2240 1602 2304 dubitant.

320 2346 435 2431 Neque
468 2369 529 2433 ego
562 2347 785 2431 quaestionem
818 2348 1059 2431 difficillimam,
1096 2348 1148 2412 cui
1185 2347 1326 2413 musicae
1358 2352 1456 2411 notae
1488 2348 1601 2432 paredi

320 2454 514 2539 Euripideae
542 2454 671 2518 fabulae
696 2453 821 2520 Orestis
845 2478 883 2520 ex
911 2477 1034 2539 papyro
1058 2454 1191 2518 Raineri
1219 2476 1322 2538 nuper
1345 2454 1380 2517 in
1398 2454 1504 2519 lucem
1527 2476 1599 2538 pro·

319 2565 443 2626 tractae
453 2559 478 2647 ¹)
509 2561 659 2626 nonnihil
692 2561 774 2627 lucis
802 2563 916 2626 afferre
943 2561 1108 2646 ridentur,
1139 2561 1173 2625 in
1202 2560 1363 2646 angustiis
1391 2561 1488 2624 buius
1517 2582 1603 2625 com-

320 2669 471 2733 mentarii
495 2668 670 2733 diiudicare
694 2669 807 2733 ausim.
844 2667 881 2733 Id
905 2668 1013 2733 solum
1035 2690 1164 2751 moneo,
1188 2666 1420 2751 antipasticam
1438 2667 1603 2751 dipodiam

323 2776 351 2840 si
375 2775 447 2859 quis
471 2775 623 2860 amplecti
648 2776 754 2861 malit,
777 2776 806 2840 ei
829 2776 864 2838 in
887 2774 1050 2859 versibus,
1072 2774 1177 2859 qualis
1201 2778 1252 2838 est
1275 2772 1379 2838 0.11

506 2899 664 2987 ’Ἀριστον
686 2898 747 2985 μὲν
768 2901 861 2986 ὕδωρ
885 2899 903 2965 ὁ
927 2896 963 2964 δὲ
987 2900 1109 2986 χρυσὸς
1132 2901 1315 2983 αἰθόμενον
1337 2906 1405 2984 πῦρ

319 3026 458 3110 primam
482 3026 640 3110 syllabam
664 3026 794 3091 brevem
816 3025 885 3089 ictu
908 3025 1085 3089 notandam
1108 3046 1177 3089 esse

682 3167 1237 3236 ὑ--υν;υ[..Ιὶυ-υυι.’--,

319 3296 386 3338 non
408 3273 547 3357 primam
569 3272 703 3358 longam
725 3274 759 3337 in
784 3274 943 3339 ambitum
967 3275 1067 3339 trium
1086 3280 1270 3357 temporum
1288 3276 1335 3338 ita
1354 3273 1603 3358 producendam,

324 3386 360 3446 ut
383 3380 507 3465 primae
530 3381 595 3445 arsi
619 3383 784 3447 anacrusis
808 3382 1037 3467 praemittatur

686 3504 1240 3571 irs-Qvaul-liuqu-

410 3614 463 3679 De
495 3613 697 3678 notatione
728 3614 1046 3699 tetrapodiarum.
1092 3613 1132 3677 In
1159 3612 1333 3678 schematis
1362 3610 1505 3675 metricis
1532 3631 1599 3672 non

321 3721 426 3786 solum
453 3721 657 3805 dipodiarum
683 3720 825 3805 priorem
852 3720 955 3786 ictum
983 3721 1023 3784 ab
1051 3720 1155 3784 altero
1182 3718 1373 3784 distinctum
1400 3718 1516 3802 habes,
1543 3717 1598 3781 sed

321 3829 420 3894 etiam
448 3828 723 3914 tetrapodicorum
751 3833 783 3892 et
806 3827 1080 3912 hexapodicorum
1104 3827 1249 3892 colorum
1272 3824 1411 3911 primam
1435 3825 1599 3909 dipodiam

322 3959 342 4000 a
363 3936 497 4020 reliquis
520 3937 569 4000 ita
592 3935 779 4020 discretam,
801 3938 838 3997 ut
859 3933 984 4019 primae
1008 3933 1156 4018 dipodiae
1181 3933 1263 3998 arsis
1285 3933 1441 4017 primaria
1463 3932 1600 4012 duobus,

320 4043 511 4127 posterioris
539 4043 592 4107 rel
617 4042 836 4127 posteriorum
863 4062 928 4106 uno
955 4045 1077 4125 puncto
1105 4045 1219 4105 notata
1247 4041 1297 4105 sit.
1351 4041 1421 4105 Hoc
1449 4040 1599 4123 inprimis

322 4150 364 4214 ob
388 4150 538 4214 metricas
561 4150 718 4234 rationes,
742 4154 778 4212 ut
801 4147 1004 4232 dipodiarum
1027 4153 1060 4212 et
1080 4148 1225 4212 colorum
1243 4149 1324 4212 fines
1343 4147 1601 4212 discriminaren-

321 4262 384 4341 tur,
406 4279 426 4319 a
447 4255 543 4319 nobis
565 4256 753 4320 institutum
777 4276 846 4318 esse
866 4277 964 4339 supra
986 4278 1016 4339 p.
1031 4253 1174 4320 XXVIII
1197 4255 1414 4339 exposuimus.
1455 4254 1601 4319 Eandem

321 4368 430 4427 autem
462 4360 665 4425 notationem
697 4360 796 4425 ctiam
824 4362 864 4426 ad
893 4369 1065 4448 praecepta
1092 4362 1352 4446 rhythmicorum
1379 4368 1525 4427 veterum
1554 4361 1602 4424 ita

321 4469 440 4534 referre
463 4466 600 4554 poteris,
623 4473 660 4532 ut
683 4469 920 4553 tetrapodicum
944 4469 1052 4534 colum
1073 4471 1161 4535 πόδα
1180 4471 1346 4534 σύνθετον
1365 4468 1601 4552 ὃωδεκάσημον

322 4599 392 4642 esse
420 4576 507 4641 dicas
535 4582 568 4641 et
594 4575 696 4640 ictum
722 4575 820 4662 primi
843 4575 934 4659 pedis
957 4576 1080 4660 primae
1104 4576 1252 4661 dipodiae
1277 4577 1394 4642 ceteris
1418 4575 1601 4662 graviorem

326 4705 537 4713 ————--

414 4775 440 4840 1)
464 4770 631 4840 wessely,
660 4769 772 4825 Mitteil.
802 4786 853 4823 aus
880 4769 931 4823 der
959 4768 1123 4840 Sammlung
1155 4769 1205 4825 des
1233 4770 1301 4840 Pap.
1328 4767 1454 4822 Embera.
1483 4766 1602 4819 Rainers

322 4862 340 4899 v
355 4848 471 4914 cc-ta,
492 4842 629 4898 Orosius
649 4841 751 4900 Philol.
767 4847 813 4911 52,
830 4840 918 4897 wlff.
