3406 5378
738 362 869 413 PYTHIA
888 362 919 414 V.

404 518 579 603 ἀκηράτοις
602 520 711 598 ἁνίαις
1104 528 1185 611 Στρ.
1208 523 1251 609 β’.

403 626 594 713 ποταρκέων
617 626 735 694 δώδεκ’
764 628 806 693 άν
830 631 964 714 δρόμων
987 629 1129 715 τέμενος.
1272 649 1307 695 45

403 733 577 800 κατέκλασε
600 737 664 820 γὰρ
689 733 808 801 ἐντέων

447 841 569 918 σθένος
592 840 704 908 οὐδέν·
728 842 811 908 άλλά
835 842 1006 929 κρέμαται,

349 965 382 1011 35
402 948 507 1014 ὁπόσα
529 959 687 1036 χεριαρᾶν

402 1059 564 1121 τεκτόνων
587 1055 719 1121 δαίδαλ’
744 1059 836 1140 άγων

403 1166 565 1247 Κρισαῖον
588 1165 696 1248 λόφον

401 1272 539 1354 άμειψεν
561 1270 598 1335 έν
619 1273 815 1336 κοιλόπεδον
837 1272 941 1349 νάπος

401 1384 498 1442 θεοῦ·
522 1387 566 1466 τῷ
591 1376 649 1462 σφ’
675 1381 740 1462 ἔχει
762 1382 1004 1464 κυπαρίσσινον

347 1501 381 1547 lo
399 1483 571 1569 μέλαθρον
593 1482 675 1570 ἀμφ’
701 1484 876 1571 ἀνδριάντι
899 1487 1032 1570 σχεδόν,

400 1595 527 1676 Κρῆτες
550 1591 590 1657 ὃν
611 1590 788 1678 τοξοφόροι
811 1591 899 1675 τέγεϊ
921 1597 1102 1682 Παρνασίςο

400 1699 583 1782 κάθεσσαν,
606 1701 666 1764 τὸν
688 1701 900 1786 μονόδροπον
923 1703 1041 1784 φυτόν.
1269 1720 1303 1766 ου

399 1910 506 1978 ἑκόντι
530 1913 646 1979 τοίνυν
668 1911 783 2000 πρέπει
1098 1914 1181 1981 Ἀντ.
1205 1913 1249 2000 β’.

256 2255 297 2303 32.
322 2248 473 2319 ἀκηράτοις
494 2251 525 2305 G:
549 2248 713 2318 ἀκηράτοιτι
731 2250 798 2304 BD
817 2283 850 2291 —
870 2256 911 2304 33.
936 2250 1099 2320 ποταρκέων
1118 2252 1188 2309 coni.
1204 2253 1330 2308 Boeckh:
1355 2255 1459 2321 ποδαρ-

185 2320 256 2375 κέων
275 2321 364 2390 οοδδ,
384 2319 527 2389 ἐπαρκέων
542 2322 627 2375 schol.
643 2321 911 2391 interpretantur-
926 2321 1028 2376 δώδεκ’
1045 2320 1082 2376 ἂν
1099 2321 1209 2393 δρόμων
1224 2324 1296 2379 coni,
1312 2323 1459 2380 Thiersch:

184 2390 407 2462 δωδεκαδρόμων
431 2393 498 2460 BO,
517 2395 644 2447 δυόδεκα
668 2391 779 2462 δρόμων
801 2394 843 2461 D,
867 2393 1084 2462 δωδεκάδρομον
1102 2393 1207 2448 Mosch.
1229 2427 1261 2434 -
1282 2402 1323 2449 36.
1344 2394 1456 2449 δαίδαλ’

185 2464 255 2518 coni.
271 2464 356 2517 Pauw
374 2465 419 2534 (cs.
434 2464 513 2517 Hom.
531 2469 557 2518 T
568 2481 601 2533 13,
621 2481 655 2532 19,
674 2484 690 2517 τ
707 2466 769 2531 aral:
790 2463 958 2534 δαιδάλματ’
979 2464 1073 2529 codd.;
1092 2466 1209 2534 χεριάρα
1228 2465 1356 2529 τέκτονος
1375 2466 1458 2536 ἀγάλ-

184 2533 250 2603 ματ’
271 2535 342 2590 coni.
358 2535 487 2604 Schmid,
505 2533 633 2589 τεκτόνια
653 2531 766 2589 δαίδαλ’
787 2535 930 2590 Hermann
948 2568 980 2575 —
1000 2540 1042 2590 38.
1062 2539 1127 2605 post
1146 2536 1266 2606 ἄμειψεν
1285 2537 1460 2608 interpunxit

184 2606 284 2677 Bergk,
305 2610 336 2659 ut
360 2607 390 2660 ἐν
413 2604 578 2661 κοιλόπεδον
602 2605 691 2669 νάπος
714 2607 751 2659 ad
774 2605 909 2676 κρέμαται
932 2607 1069 2661 reseratur
1088 2640 1121 2647 -
1140 2614 1181 2663 39.
1209 2614 1288 2665 θεοῦ.
1313 2610 1344 2663 τὸ
1368 2611 1460 2674 codd,

183 2682 256 2749 θεῷ·
283 2686 333 2731 τοῦ
358 2678 428 2733 coni.
443 2678 548 2748 Bergk,
571 2682 656 2732 θεοῦ·
680 2682 717 2750 τῷ
741 2678 962 2747 Raucheustein,
986 2676 1087 2741 νάπος·
1107 2683 1179 2734 θεοῦ
1198 2677 1227 2734 τί
1245 2679 1295 2749 σφ’
1313 2681 1368 2751 ἔχει
1387 2682 1457 2735 Har-

183 2751 254 2819 tung
274 2781 306 2788 -
325 2754 367 2804 41.
392 2752 535 2817 Παρνασσ.
556 2751 580 2805 (λ
586 2750 617 2804 D
634 2782 668 2790 —
687 2755 730 2803 42.
754 2749 900 2804 κάθεσσαν
918 2750 967 2804 τόν
986 2749 1057 2803 coni.
1072 2750 1198 2806 Boeckh:
1217 2751 1393 2807 καθέσσαντο
1413 2753 1458 2806 vel

183 2818 336 2875 καθίεσαν.
355 2821 387 2874 τὸ
406 2821 487 2876 codd.
509 2853 540 2862 —
559 2819 718 2891 μονόδρυον
735 2820 825 2876 τόπον
844 2820 914 2876 coni.
929 2820 1099 2875 Herwerden
1117 2854 1152 2862 -

253 2970 295 3019 33.
321 2962 497 3033 ποταρκέων,
522 2964 674 3032 sufficiens,
697 2982 781 3034 quem
799 2964 872 3019 vires
891 2981 948 3018 non
967 2963 1101 3018 deficiant
1119 2963 1269 3019 duodecies
1289 2963 1457 3018 curriculum

182 3034 300 3105 integris
319 3036 437 3089 habenis
455 3036 676 3106 permetientem.
715 3037 756 3090 De
776 3036 923 3091 duodecim
942 3034 1069 3089 cursibus
1088 3051 1223 3104 equorum
1240 3054 1266 3090 v.
1287 3035 1318 3089 Ο.
1338 3054 1360 3088 11
1378 3051 1405 3091 οο
1423 3069 1456 3076 -

181 3111 223 3159 34.
251 3105 352 3160 ἐντέων
377 3106 492 3173 σθένος,
517 3106 719 3176 periphrastice
744 3111 777 3161 ut
802 3105 905 3170 σθένος
928 3104 1022 3161 ἀελίου
1045 3107 1122 3161 P.1v
1142 3124 1193 3174 ιιι,
1212 3107 1314 3169 σθένος
1333 3103 1457 3175 ἡμιόνων

182 3181 213 3232 0.
234 3196 260 3229 vr
279 3194 305 3230 aa
324 3209 356 3216 -
377 3182 419 3232 35.
444 3175 578 3247 δαίδαλα,
597 3177 750 3233 artificiosa
768 3181 933 3232 ornamenta
951 3194 1060 3243 currus,
1087 3176 1228 3231 fabrorum
1252 3195 1339 3230 manu
1366 3178 1457 3247 sacta;

181 3249 215 3304 cf,
240 3248 318 3302 Hom.
340 3252 366 3300 Τ
386 3264 419 3303 la.
441 3265 477 3317 19,
499 3264 571 3304 aaa?
594 3281 630 3290 -
651 3249 789 3305 τεκτόνων
817 3257 967 3320 χεριαρᾶν,
995 3249 1139 3303 fabrorum
1166 3266 1250 3302 manu
1279 3249 1386 3304 artifice
1415 3250 1455 3304 iu·

180 3319 303 3389 signium
326 3351 358 3359 -
384 3324 426 3374 37.
454 3324 590 3388 Κρισαῖον
617 3319 717 3391 λόφον·
746 3320 847 3374 collem
875 3319 946 3373 dicit
971 3320 1045 3374 inter
1070 3337 1200 3402 campum
1221 3319 1378 3390 Crisaeum,
1407 3322 1456 3377 ubi

181 3390 246 3458 equi
264 3390 462 3458 decurrebant,
486 3394 514 3446 et
537 3391 660 3464 Delphos
679 3393 776 3447 urbem
795 3394 959 3445 montanam
978 3391 1071 3461 situm,
1091 3409 1139 3460 qur
1158 3408 1221 3444 cum
1240 3392 1324 3446 stab
1343 3392 1388 3457 iis,
1407 3395 1456 3463 qui

181 3461 296 3529 Delphis
320 3462 349 3514 in
373 3478 502 3533 campum
524 3463 744 3532 descendebant,
767 3467 797 3517 et
819 3464 856 3517 ab
882 3462 930 3529 iis,
956 3462 1005 3531 qui
1028 3479 1043 3517 e
1067 3480 1164 3532 eampo
1188 3462 1225 3515 ad
1249 3464 1386 3534 templum
1410 3466 1456 3519 dei

180 3533 323 3602 redibant,
343 3535 563 3603 praetereundus
582 3538 668 3604 esset,
692 3536 812 3589 alterum
830 3534 884 3589 iter
902 3537 967 3603 post
985 3533 1132 3588 victoriam
1150 3534 1275 3589 curulem
1294 3535 1323 3588 in
1343 3535 1455 3590 Crisaeo

180 3621 279 3674 campo
297 3609 471 3675 reportatam
489 3606 569 3661 unice
587 3605 653 3660 huic
671 3607 732 3660 loco
747 3606 989 3661 accommodatum
1004 3621 1064 3659 esse
1079 3608 1165 3674 patet,
1180 3610 1213 3659 ut
1226 3606 1310 3676 Leop.
1326 3606 1454 3660 Schmid—

179 3676 264 3743 tium,
283 3677 363 3732 Pind.
381 3678 446 3732 Leb.
466 3696 492 3749 p.
512 3694 551 3732 sor»
570 3678 738 3732 contrariam
762 3676 931 3731 senteutiam
956 3676 1088 3745 amplecti
1112 3680 1140 3729 et
1163 3676 1313 3731 defendere
1336 3677 1454 3732 mireris.

179 3749 339 3802 Anathema
357 3749 432 3802 istud
451 3747 605 3803 Pausanias
624 3766 680 3802 non
698 3748 755 3801 iam
774 3747 854 3812 vidit,
873 3746 942 3800 licet
959 3749 1070 3815 praeter
1089 3746 1200 3816 signum
1219 3748 1292 3801 Iovis
1310 3749 1454 3803 Ammonis

179 3837 196 3872 a
215 3820 364 3888 Cyrenaeis
383 3821 544 3875 dedicatum
563 3821 655 3888 (Paus.
674 3838 691 3870 x
710 3835 744 3885 rs,
763 3822 786 3887 e)
811 3817 991 3888 magnificum
1009 3821 1219 3871 mouumentum
1238 3819 1316 3873 Batti
1336 3837 1416 3873 curru
1437 3839 1454 3874 a

180 3891 284 3960 Cyrene
310 3895 386 3946 recto
404 3892 433 3945 in
452 3891 569 3959 Libyam
588 3888 716 3943 vehentis
740 3890 833 3959 (Paua.
848 3909 865 3941 x
882 3904 913 3956 15,
929 3892 951 3958 ο)
975 3888 1079 3944 viderit
1098 3920 1130 3926 —
1150 3894 1193 3942 39.
1217 3893 1289 3943 θεοῦ
1308 3908 1371 3945 cum
1392 3910 1453 3961 pro-

179 3963 237 4032 prie
252 3964 288 4017 ad
304 3963 401 4029 νάπος,
420 3966 451 4015 ut
469 3962 544 4032 quod
562 3978 664 4015 nomen
682 3961 808 4032 proxime
827 3961 985 4027 antecedat,
1003 3959 1179 4014 referendum
1197 3960 1453 4024 sit,tamenetia1u

178 4035 214 4087 ad
234 4035 350 4088 verbum
369 4032 502 4102 κρέμαται
519 4032 654 4102 pertinet,
678 4033 812 4102 quoniam
834 4033 864 4086 in
882 4031 986 4086 vallem
1005 4031 1051 4084 dei
1069 4030 1221 4086 Carrhotus
1240 4032 1382 4101 profectus
1402 4038 1453 4099 est,

179 4109 211 4158 ut
229 4105 267 4158 ibi
288 4107 462 4158 armamenta
479 4121 575 4159 currus
594 4105 709 4159 victoris
728 4105 911 4175 suspenderet
926 4136 958 4142 -
973 4100 1004 4156 τό
1023 4102 1046 4156 si
1065 4107 1140 4157 recte
1160 4103 1296 4158 sehabet
1315 4121 1404 4172 neque
1424 4106 1452 4158 in

177 4183 226 4227 τοῦ
245 4173 289 4227 vel
307 4174 403 4244 potius
425 4180 462 4249 τῷ
481 4177 688 4232 emendandum
706 4181 762 4240 cst,
786 4176 863 4230 valet
882 4174 1023 4239 ‘idcirco’3
1049 4174 1081 4228 cf,
1103 4174 1134 4229 0.
1154 4195 1183 4228 vr
1200 4191 1226 4229 οο
1248 4207 1278 4214 -
1299 4180 1341 4228 40.
1362 4196 1452 4230 κυπα-

178 4244 300 4313 ρίσσινον
318 4243 472 4315 μέλαθρον
497 4249 658 4319 cupressina
677 4248 819 4315 aedicula,
838 4263 909 4316 quae
929 4246 1124 4300 thesaurorum
1152 4245 1242 4300 instar
1264 4264 1360 4300 currus
1386 4247 1453 4302 arti-

178 4317 273 4371 ficiosa
288 4320 462 4371 armamenta
476 4336 491 4372 e
506 4320 642 4374 columnis
657 4319 841 4388 trabibusque
855 4317 925 4372 tecti
939 4334 1074 4387 suspensa
1088 4317 1252 4387 recipiebat,
1272 4317 1351 4371 cuius
1365 4319 1452 4374 moris

177 4407 272 4443 currus
287 4405 420 4457 annaque
435 4390 568 4445 victoriae
583 4391 639 4445 diis
653 4391 835 4445 consecrandi
848 4389 894 4459 (cl.
905 4388 936 4443 0.
947 4407 964 4440 v
975 4405 995 4443 a.
1010 4389 1093 4442 Paus.
1103 4407 1130 4442 vr
1144 4407 1166 4456 a,
1180 4393 1203 4458 ι)
1217 4389 1340 4459 insignia
1354 4408 1452 4444 monu-

177 4464 272 4514 menta
286 4461 314 4513 in
328 4460 443 4550 itti-uria
456 4462 586 4515 Perusiae
601 4464 713 4532 repertu
731 4466 805 4529 sunt,
824 4460 925 4530 quibus
945 4460 979 4513 de
995 4480 1019 4515 v.
1033 4460 1146 4514 Mitteil.
1162 4460 1189 4516 d.
1204 4461 1283 4516 Rom.
1299 4461 1365 4516 [nst.
1383 4469 1452 4516 1894

177 4566 210 4572 --
225 4538 268 4587 42.
282 4534 460 4602 μουοδροπον
474 4529 575 4600 φυτόν·
592 4534 738 4588 arboream
753 4537 876 4587 statuam
891 4549 925 4585 ex
939 4548 995 4585 uno
1010 4536 1108 4585 trunco
1123 4532 1237 4600 factam,
1252 4549 1308 4585 nou
1319 4549 1352 4585 ex
1365 4533 1451 4602 pluri-

79 4617 82 4623 ·
178 4606 228 4657 bus
246 4603 375 4674 partibus
396 4603 580 4673 compositam
600 4636 632 4643 -
652 4610 694 4658 44.
715 4605 876 4673 εὐεργέταν·
898 4603 1064 4658 Carrhotum
1083 4603 1219 4673 aurigam,
1239 4604 1285 4656 cui
1303 4605 1452 4659 victoriam

176 4675 333 4729 Arcesilaus
353 4675 445 4743 debet,
464 4692 521 4728 non
539 4675 621 4729 deum
636 4675 807 4745 Apollinem,
827 4675 965 4730 Pindarus
984 4676 1087 4742 autem,
1106 4677 1138 4727 ut
1153 4674 1271 4744 adsolet,
1291 4676 1451 4730 laudationi

176 4746 394 4801 admonitionem
419 4747 572 4813 immiscet;
600 4747 712 4800 videtur
734 4748 808 4801 enim
827 4746 987 4801 Arcesilaus
1009 4745 1102 4800 minus
1126 4763 1280 4816 propensus
1304 4747 1391 4801 luisse
1415 4749 1451 4802 ad

176 4819 277 4873 merita
296 4819 486 4873 ministrorum
506 4836 618 4873 suorum
638 4820 842 4874 remuneranda
860 4852 895 4860 —
