3406 5378
354 338 428 393 XLII
859 340 1137 392 PROLEGOMENA.

354 502 436 589 cycli
459 524 525 567 non
544 503 585 567 ad
604 526 703 569 unum
725 503 819 568 illum
838 503 1003 588 dactylum
1021 502 1244 567 irrationalem
1263 500 1425 566 trochaeis
1444 501 1641 585 immixtum,

354 611 410 675 sed
439 611 479 674 ad
506 633 618 675 versus
652 634 690 675 cx
718 609 961 675 irrationalibus
994 609 1131 694 dactylis
1163 610 1215 674 rel
1247 609 1432 694 anapaestis
1460 609 1538 673 solis
1567 631 1641 673 con-

354 722 479 782 stantes
503 717 677 783 rettulisse.
718 718 842 783 Eadem
870 717 956 782 enim
985 739 1083 781 causa
1110 717 1255 781 omnium
1286 716 1487 801 dactylorum
1515 716 1640 782 irratio·

354 825 478 890 nalium
506 829 569 908 est,
602 825 670 891 sive
703 825 812 910 plures
845 848 914 890 sese
947 823 1112 909 excipiunt
1146 823 1212 888 sive
1246 824 1366 910 singuli
1399 823 1471 887 aliis
1503 823 1639 909 pedibus

354 932 516 997 interiecti
549 937 633 996 sunt.
689 932 782 997 Nihil
816 938 925 997 autem
962 952 1071 995 moror
1106 953 1210 1015 neque
1247 930 1411 995 novicium
1448 930 1640 1015 scriptorem

354 1038 534 1104 Aristidem
557 1040 595 1103 de
619 1062 700 1104 mus.
720 1058 732 1103 1
752 1042 808 1124 37,
839 1040 894 1124 qui
922 1061 995 1104 cum
1024 1037 1133 1102 omnia
1161 1038 1232 1102 cola
1259 1038 1361 1123 lyrica
1389 1037 1423 1101 in
1450 1037 1547 1122 pedes
1575 1039 1640 1103 dis-

355 1146 499 1232 syllabos
524 1147 677 1226 solvenda
700 1169 770 1212 esse
789 1147 852 1211 sibi
871 1145 1093 1231 persuasisset,
1117 1145 1183 1209 vim
1203 1143 1316 1230 cyclici
1335 1144 1456 1229 dactyli
1476 1146 1555 1210 adeo
1573 1168 1639 1210 non

354 1253 529 1338 perspexit,
547 1259 584 1318 ut
603 1254 725 1339 dactyli
743 1252 904 1319 trochaeis
919 1252 1060 1317 immixti
1075 1253 1154 1317 duas
1170 1253 1283 1316 breves
1298 1252 1440 1338 syllabas
1455 1252 1541 1316 inter
1560 1253 1640 1317 duos

354 1361 452 1445 pedes
476 1359 506 1446 (
525 1405 542 1428 a
559 1380 563 1443 Ι
579 1409 596 1428 a
616 1422 632 1429 -
649 1380 653 1444 ι
669 1406 687 1429 a
705 1360 737 1447 )
761 1361 844 1425 miro
868 1382 976 1424 errore
1000 1359 1223 1442 distribueret,
1254 1382 1358 1444 neque
1385 1359 1640 1445 Byzantinorum

355 1468 556 1532 melodorum
580 1491 683 1551 usum,
707 1469 762 1553 qui
787 1491 860 1534 cum
882 1467 918 1531 in
941 1466 1169 1531 ecclesiasticis
1193 1467 1391 1532 carminibus
1415 1488 1433 1529 a
1452 1467 1639 1532 cantoribus

355 1574 518 1639 stantibus
547 1575 716 1640 cantandis
744 1575 934 1661 rhythmum
961 1573 1068 1638 minus
1097 1579 1279 1658 curassent,
1307 1574 1470 1659 periodos,
1502 1595 1640 1658 quarum

354 1680 445 1767 prius
469 1683 564 1747 colon
587 1682 620 1746 in
644 1682 765 1748 thesim
788 1682 903 1766 exiret,
927 1681 1065 1746 alterum
1089 1703 1108 1744 a
1132 1681 1216 1746 thesi
1240 1681 1454 1764 exordiretur,
1485 1680 1639 1765 effingere

354 1810 422 1853 non
445 1789 644 1874 dubitarunt,
667 1794 705 1854 ut

772 1910 838 1937 vu
891 1885 1231 1954 Ussvltlsstlusstlss.

551 1993 605 2061 nal
630 1994 666 2061 ἐν
689 1996 848 2080 ἀγκάλαις
872 1997 962 2080 ἔσχες
982 1992 987 2081 l
1006 1995 1066 2060 τὸν
1088 1993 1196 2060 πάντα
1219 1991 1442 2081 συνέχοντα.1)

356 2135 512 2203 Veterum
536 2139 623 2204 enim
647 2137 845 2204 Graecorum
869 2161 921 2203 ars
945 2160 1019 2203 cum
1043 2160 1062 2202 a
1085 2137 1228 2203 motibus
1253 2138 1465 2203 saltationum
1491 2143 1523 2202 et
1546 2161 1639 2224 pom-

354 2267 470 2328 parum
493 2245 641 2330 profecta
664 2251 750 2311 esset
773 2251 806 2311 et
830 2268 956 2331 semper
980 2268 1053 2311 cum
1080 2245 1121 2310 iis
1145 2244 1320 2311 coniuncta
1346 2251 1525 2331 teneretur,
1552 2269 1640 2311 sere

356 2351 497 2417 rioribus
519 2352 648 2439 legibus
673 2353 818 2438 rhythmi
841 2376 908 2418 non
931 2353 1090 2438 adstringi
1112 2374 1179 2417 non
1201 2353 1318 2437 potuit.

444 2459 535 2524 Duae
547 2482 625 2546 quas
636 2461 844 2546 exposuimus
859 2461 1002 2526 rationes
1018 2460 1114 2525 simul
1129 2460 1326 2525 adhibendae
1342 2461 1467 2526 suntin
1481 2461 1638 2527 choriam-

355 2565 437 2630 bicis
461 2568 620 2652 versibus,
648 2572 685 2632 ut
708 2573 741 2633 et
764 2568 863 2654 longa
885 2567 1015 2654 longius
1041 2567 1199 2652 producta
1227 2590 1340 2633 cursus
1368 2568 1515 2653 rhythmi
1541 2568 1640 2632 inter-

354 2673 443 2757 rupti
467 2673 611 2739 salebrae
634 2680 862 2740 removeantur
890 2679 922 2739 et
947 2674 1076 2759 dactylo
1101 2675 1181 2759 pede
1207 2673 1243 2737 in
1270 2674 1451 2740 breviorem
1479 2675 1638 2740 ambitum

355 2780 468 2865 cyclici
492 2780 612 2866 dactyli
636 2782 767 2847 redacto
791 2781 1005 2865 aequabilitas
1027 2781 1147 2866 pedum
1169 2781 1369 2865 restituatur,
1392 2787 1429 2846 ut

711 2916 1282 2958 ιυυλ-ιυυΙ-ΝυΙ-ιυυ--

372 3017 569 3097 παννυχίοις
591 3012 710 3090 πάντες
733 3011 926 3097 ἐπέλθωμεν
948 3012 967 3077 ὁ
993 3013 1106 3096 Θήβας
1128 3010 1279 3091 ἐλελίζων
1302 3010 1416 3099 (Soph.
1435 3010 1511 3077 Ant.
1533 3011 1619 3098 152).

356 3154 560 3239 Quamquam
583 3157 669 3221 enim
691 3157 743 3222 his
766 3157 801 3220 in
824 3155 971 3221 versibus
994 3154 1139 3239 rhythmi
1162 3155 1425 3239 aequabilitatem
1444 3155 1492 3220 ita
1511 3177 1640 3240 quoque

354 3263 526 3327 restituere
550 3263 665 3348 possis,
688 3270 725 3329 ut
749 3263 973 3330 choriambum
997 3262 1148 3327 similiter
1171 3267 1267 3345 atque
1291 3262 1325 3327 iu
1348 3263 1525 3348 paeanibus
1547 3263 1641 3328 creti-

355 3391 429 3434 cum
451 3369 555 3435 ricem
578 3371 669 3455 pedis
699 3371 855 3456 simplicis
879 3393 936 3436 sex
959 3392 1123 3435 morarum
1146 3368 1264 3456 (ποδὸς
1287 3368 1463 3455 ἑξασήμου)
1493 3370 1640 3435 obtinere

354 3498 458 3560 neque
481 3477 515 3541 in
540 3478 620 3542 duos
645 3479 741 3564 pedes
765 3478 929 3562 simplices
953 3477 1168 3542 dirimendum
1191 3499 1261 3542 esse
1285 3476 1374 3542 dicas

355 3836 466 3898 tamen
483 3832 632 3918 pluribus
652 3835 757 3901 causis
777 3841 814 3901 ut
832 3835 992 3902 rationem
1011 3858 1109 3921 supra
1127 3834 1329 3922 propositam
1348 3835 1510 3922 potiorem
1525 3835 1641 3900 ducam

354 3961 574 4007 commoveor,
607 3941 747 4026 primum
778 3944 863 4027 quod
888 3966 1040 4008 versuum
1069 3941 1362 4006 choriambicorum
1390 3942 1513 4006 indoles
1543 3964 1642 4027 quam

354 4047 493 4112 maxime
517 4048 680 4114 concitata
706 4056 739 4115 et
765 4074 785 4115 a
808 4050 969 4137 gravitate
992 4048 1115 4114 heroici
1138 4049 1259 4134 dactyli
1283 4048 1389 4112 aliena
1411 4071 1481 4113 esse
1505 4049 1642 4133 videtur,

354 4153 467 4218 deinde
501 4157 585 4239 quod
617 4157 762 4242 plerique
795 4180 907 4222 versus
938 4155 1149 4222 choriambici
1180 4155 1213 4218 in
1245 4154 1448 4241 lagsoedicas
1479 4155 1642 4221 clausulas

355 4267 538 4347 excurrunt,
560 4263 651 4328 relut

359 4388 520 4396 -.-.—.—.—.-
531 4392 570 4397 .—

354 4463 404 4526 τῆς
421 4453 529 4521 τελείας
547 4460 666 4528 μακρᾶς)
684 4461 806 4532 τελευτᾷ,
826 4454 992 4528 χωρίσαντες
1010 4456 1067 4511 ἀπὸ
1086 4465 1142 4511 τῶν
1161 4453 1343 4511 ἀναπαίστων
1362 4456 1389 4525 (i.
1405 4473 1429 4511 e.
1443 4453 1555 4511 τελείων
1570 4457 1641 4511 ἀνα-

354 4525 480 4582 παίστων
498 4528 640 4599 τεσσάρων
658 4527 778 4600 χρόνων)
796 4529 899 4584 κύκλον
918 4534 1042 4596 καλοῦσι,
1061 4527 1241 4598 παράδειγμα
1260 4529 1347 4583 αὐτοῦ
1366 4525 1501 4597 φέροντες
1514 4527 1640 4584 τοιόνδε·

725 4617 839 4690 κέχυται
857 4619 937 4683 πόλις
956 4616 1096 4687 ὑψίπυλος
1115 4618 1186 4674 κατὰ
1205 4625 1267 4687 γᾶν.

406 4796 417 4851 l
445 4725 662 4854 1)(ρρρ11ιολοςὶιι
681 4742 782 4798 graeca
802 4725 956 4781 carminum
975 4724 1191 4780 christianorum
1210 4725 1306 4780 adom.
1326 4723 1421 4779 Christ
1439 4727 1468 4778 et
1481 4723 1641 4780 Paranilras

355 4813 423 4866 pro.
444 4815 470 4868 p.
563 4841 568 4852 .
