3406 5378
727 376 849 426 Nauna
869 376 900 427 V.

229 536 367 612 δείσαις·
391 535 409 601 ὁ
433 534 466 601 δ’
491 535 645 621 ἐφράσθη
668 535 820 601 κατίνευ·

272 641 330 706 σίν
353 641 389 706 τί
409 648 464 706 λοι
487 642 667 727 ὀρσινεφὴς
690 642 722 720 ἐξ
746 644 892 728 οὐρανοῦ

175 766 209 811 au
231 751 315 825 Ζεὺς
337 748 518 814 ἀθανάτων
541 750 711 832 βασιλεύς,
734 747 811 814 ὥστ’
838 749 875 815 ἐν
896 751 986 835 τάχει

229 864 369 920 ποντιᾶν
387 855 645 939 χρυσαλακάτων
663 857 738 920 τινὰ
759 858 935 941 Νηρεΐδων
953 857 1090 942 πράξειν
1108 860 1246 940 ἄκοιτιν,
1305 913 1306 916 ,
1417 874 1450 921 oo

228 1053 378 1137 γαμβρὸν
401 1052 620 1117 Ποσειδάωνα
643 1055 711 1117 πεί·
1253 1059 1333 1138 Στρ.
1353 1056 1395 1136 γ’.

273 1175 356 1240 σαις,
371 1158 408 1234 ὃς
422 1161 573 1241 Αἰγᾶθεν
587 1157 662 1224 ποτὶ
677 1160 807 1223 κλειτὰν
821 1161 914 1244 θαμὰ
932 1164 1078 1225 νίσσεται
1099 1159 1233 1246 Ἰσθμὸν
1247 1164 1398 1245 Δωρίαν·

191 1311 194 1333 ;
229 1267 314 1329 ἔνθα
337 1289 395 1349 μιν
418 1267 579 1349 εὔφρονες
603 1261 669 1330 ἶλαι
693 1268 758 1331 σὺν
780 1267 940 1350 καλάμοιο
963 1270 1027 1353 βοᾷ
1049 1270 1132 1333 θεὸν
1155 1267 1322 1348 δέκονται,
1387 1330 1390 1335 ,
1418 1284 1451 1330 ιο

228 1370 283 1437 καί
306 1371 420 1438 σθένει
442 1376 549 1455 γυίων
573 1372 711 1458 ἐρίζοντι
734 1379 863 1458 θρασεῖ.

177 1495 212 1542 ευ
231 1483 355 1563 πότμος
377 1475 414 1544 δὲ
437 1485 543 1564 κρίνει
566 1481 729 1563 συγγενὴς
751 1482 858 1564 ἔργων
881 1479 956 1565 περὶ

230 1585 373 1650 πάντων.
419 1589 459 1650 τὺ
483 1585 514 1650 δ’
538 1588 724 1669 Αίγίναθεν
747 1585 816 1668 ἄπ’,
839 1587 1048 1671 Εὐθύμενες,

235 1696 338 1770 Νίκας
361 1692 398 1758 ἐν
417 1693 600 1776 ἀγκώνεσσι
623 1694 750 1759 πιτνὼν
767 1696 928 1759 ποικίλων
946 1695 1094 1772 ἔψαυσας
1116 1695 1240 1779 ὕμνων,

231 1885 302 1971 Ιἦτοι
325 1888 519 1973 μεταΐξαντα
542 1887 597 1954 καὶ
1254 1888 1338 1955 Ἀντ.
1357 1888 1399 1973 γ’.

274 2005 338 2060 νῦν
356 1997 428 2070 τεὸς
446 1995 578 2079 μάτρως
595 1994 627 2059 σ’
644 1996 776 2077 ἀγάλλει
791 1999 850 2060 καί
860 2013 922 2061 σου
937 1997 1127 2081 ὁμόσπορον
1141 2000 1251 2079 ἔθνος,
1271 1995 1399 2061 Πυθία.
1419 2013 1453 2060 oo

249 2264 290 2311 36.
317 2266 437 2311 ποντιᾶν
463 2258 572 2326 Heyne:
598 2256 718 2313 ποντίαν
744 2259 823 2313 οοδδ.
844 2290 876 2298 -
900 2258 1008 2328 πράξαν
1031 2260 1061 2313 D
1087 2292 1120 2300 -
1147 2267 1189 2316 37.
1216 2260 1309 2314 κλειτά
1335 2260 1400 2314 Dpe
1418 2292 1454 2300 -

178 2326 259 2382 νίοετ.
283 2329 342 2383 BD
360 2361 394 2368 —
413 2334 456 2383 38.
476 2327 549 2383 ἔνθα
568 2327 619 2398 μὲν
637 2330 709 2385 coni.
729 2330 889 2398 Miugarelli
907 2361 941 2370 —
960 2337 1003 2384 40.
1029 2330 1160 2401 συγγενὲς
1178 2333 1208 2386 D
1226 2363 1261 2371 -
1279 2338 1321 2386 41.
1342 2328 1452 2401 Αἰγίνα-

177 2403 232 2453 θεν
258 2397 308 2453 ἄπ’
329 2399 429 2469 scripsi
453 2405 604 2469 praeeunte
629 2399 821 2471 Mingarellio‚
848 2401 897 2469 qui
920 2399 1075 2470 Αἰγίναθεν
1094 2398 1115 2456 ὦ
1135 2405 1330 2472 proposuerat:
1354 2401 1453 2476 Αἰγίνᾳ

177 2474 250 2533 θεᾶς
268 2470 347 2524 codd.
363 2476 392 2524 et
410 2486 475 2541 pars
494 2468 589 2537 schol,
604 2468 702 2545 Αἰγίνᾳ
715 2475 787 2526 θεοῦ
802 2471 916 2526 Schmid
934 2487 1017 2540 quem
1035 2474 1203 2527 recentiores
1222 2473 1344 2527 editores
1363 2474 1451 2527 secuti

178 2545 244 2595 sunt
269 2574 302 2581 —
328 2547 369 2594 43.
396 2543 458 2605 τεὸς
482 2541 592 2612 μάτρως
617 2541 643 2596 τ’
665 2542 778 2612 ἀγάλλει
801 2540 849 2596 καί
872 2560 922 2596 σου
946 2541 1105 2614 ὁμόσπορον
1129 2542 1214 2606 ἔθνος
1232 2542 1335 2597 Πυθέα
1354 2543 1453 2614 scripsi

177 2612 345 2667 scholiorum
364 2612 488 2685 vestigia
506 2615 631 2668 secutus:
649 2614 710 2678 τεὸς
726 2612 838 2739 fferre
855 2612 968 2684 άγάλλει
982 2613 1077 2668 κείνων
1092 2614 1134 2684 δμ.
1151 2613 1212 2670 tac.
1227 2612 1340 2677 πνθέας
1358 2616 1453 2681 codd,

177 2684 268 2753 prima
286 2684 372 2738 verba
391 2684 431 2739 sio
450 2685 507 2739 iarn
525 2684 660 2756 refingere
679 2701 725 2739 ma
785 2709 791 2740 :
810 2684 839 2739 τὲ
854 2688 899 2755 (==
914 2683 953 2754 ob,
973 2685 1007 2740 αἰ.
1023 2683 1054 2739 Ο.
1070 2689 1129 2753 ιω)
1148 2686 1209 2755 τεὸς
1227 2685 1337 2755 μάτρως
1354 2687 1399 2756 dy.
1420 2719 1452 2726 -

248 2836 289 2881 31.
310 2825 476 2882 κατένευσεν
487 2873 492 2883 .
505 2871 510 2882 .
522 2872 527 2883 .
538 2826 607 2882 ὥστε
620 2826 750 2897 πράξειν·
768 2828 802 2882 cf.
817 2827 943 2909 Thucpd.
958 2845 1006 2880 vm
1019 2844 1045 2882 aa
1060 2826 1291 2898 ἐπαγγελλόμενοι
1305 2828 1374 2883 ὥστε
1389 2830 1452 2900 dorr-

177 2903 242 2952 θεῖν
262 2931 293 2938 -
313 2904 355 2953 36.
379 2896 493 2962 πόντιος
512 2915 574 2952 cum
593 2915 703 2969 semper
720 2899 781 2964 vim,
797 2898 932 2953 adiectrvi
950 2897 1068 2966 hebeat,
1091 2915 1147 2952 non
1165 2897 1284 2953 ποντίαν
1302 2919 1379 2968 τινα,
1403 2900 1453 2953 aed

176 2978 296 3023 ποντιᾶν
312 2971 461 3038 Νηρεΐδων
474 2990 538 3025 τινα
552 2973 665 3040 poetam
679 2970 783 3025 dixisse
796 2969 855 3025 veri
870 2969 961 3023 simile
975 2973 1020 3023 eat
1030 3002 1061 3010 -
1073 2975 1116 3025 θλ.
1130 2970 1256 3041 γαμβρὸν
1266 2971 1453 3026 Ποσειδάωνα

178 3039 258 3108 dixit,
277 3041 352 3110 quod
372 3041 526 3111 Neptunus,
545 3040 594 3110 qui
613 3040 823 3111 Amphitritam,
842 3057 927 3094 unam
946 3057 980 3094 ex
998 3040 1175 3109 Nereidibus,
1194 3057 1308 3096 uxorem
1327 3042 1453 3105 duxerat,

177 3111 269 3179 Peleo,
283 3110 412 3165 Thetidis
426 3113 528 3166 marito
542 3112 645 3179 futuro,
660 3112 800 3167 affinitate
814 3112 926 3166 iunctus
941 3114 1048 3166 orat-
1064 3112 1200 3182 Αἰγᾶθεν·
1221 3116 1313 3185 Aegas
1328 3112 1453 3183 Neptuni

178 3199 272 3236 sacras
290 3181 377 3236 fuisse
395 3183 453 3236 iam
470 3183 606 3236 Homerus
625 3182 657 3236 Il.
673 3201 720 3236 vm
739 3200 778 3237 sus
796 3184 915 3249 dixerat,
930 3183 1067 3237 Pindarus
1082 3186 1176 3237 autem
1190 3182 1353 3255 Neptunum
1367 3184 1453 3255 Aegis

177 3253 314 3306 Isthmum
331 3253 468 3322 ludosque
486 3253 634 3308 Isthmicos
653 3257 795 3323 petentem
814 3254 889 3321 fecit,
907 3257 938 3307 ut
952 3270 969 3307 a
983 3253 1111 3309 Thetidis
1125 3254 1232 3324 nuptiis
1246 3256 1284 3309 ad
1298 3255 1454 3309 certamina

178 3324 308 3378 ludorum
326 3324 518 3393 Pytheamque
536 3325 672 3379 victorem
695 3324 805 3379 rediret.
843 3325 979 3393 Pythoum
998 3342 1064 3380 vero
1083 3325 1198 3394 eiusque
1216 3325 1332 3380 fratrem
1350 3325 1453 3395 Phyla-

178 3396 271 3450 cidam
294 3396 351 3450 iam
375 3399 435 3448 turn
459 3396 493 3450 de
516 3395 658 3450 Isthmicis
681 3396 755 3450 ludis
779 3396 916 3450 obeundis
941 3396 1081 3465 cogitasse
1100 3396 1190 3451 videri
1214 3396 1285 3451 bene
1308 3395 1453 3451 Disaenius

178 3467 286 3521 monuit
305 3499 337 3507 -
358 3474 401 3522 41.
423 3467 550 3522 πάντων·
575 3467 627 3521 hoc
646 3467 784 3521 vocabulo
803 3467 938 3521 transitus
957 3468 994 3521 ad
1014 3468 1161 3537 sequentia
1178 3469 1223 3523 fit:
1247 3467 1371 3522 omnium
1390 3486 1453 3523 oum

178 3556 269 3592 rerum
289 3542 405 3592 eventus
424 3538 461 3592 ab
481 3538 609 3610 ingenita
627 3539 740 3592 fortuna
758 3541 787 3592 et
805 3537 899 3592 indole
917 3539 1048 3609 pendeat,
1068 3538 1259 3607 Euthymenes
1279 3556 1389 3608 quoque
1408 3556 1453 3595 ce-

178 3611 286 3679 terique
304 3609 425 3679 gentiles
443 3609 595 3679 Lamponia
613 3609 717 3664 virtute
737 3626 787 3664 sna
806 3609 842 3662 ad
862 3608 1009 3664 victoriam
1028 3609 1109 3677 quasi
1127 3610 1189 3663 nati
1208 3614 1296 3666 erant.

248 3688 291 3734 41.
310 3683 342 3734 τὺ
362 3679 389 3734 δ’
407 3678 505 3756 Αἰγίνᾳ
523 3685 604 3747 θεᾶς,
623 3681 799 3752 Εὐθύμενες·
818 3680 942 3752 genuina
961 3680 985 3733 si
1003 3680 1072 3734 haec
1091 3684 1165 3734 esset
1183 3680 1276 3749 lectio,
1296 3684 1347 3735 aut
1365 3681 1452 3736 auda·

177 3751 289 3804 sissimo
313 3752 388 3805 saltn
411 3756 495 3822 poeta
514 3769 532 3806 a
555 3752 685 3822 Neptuno
711 3752 840 3823 praeside
863 3750 993 3805 ludorum
1015 3750 1194 3805 Isthmiorum
1217 3752 1254 3805 ad
1272 3752 1452 3876 dogmaticos

179 3822 259 3875 ludos
278 3823 420 3890 transiret,
440 3827 490 3878 aut
507 3823 712 3892 Euthymenem
732 3823 849 3876 Isthmia
862 3821 976 3890 quidem
990 3821 1100 3888 vicisse,
1115 3822 1164 3876 sed
1178 3822 1310 3891 Aeginae
1339 3840 1452 3878 onorem

178 3892 274 3960 hymni
293 3893 408 3963 epinicii
426 3897 606 3949 consecutum
624 3911 685 3949 esse
705 3894 823 3949 obscura
842 3892 968 3948 oratione
988 3893 1167 3961 significaret.
1199 3892 1254 3946 Sed
1273 3893 1331 3947 alia
1350 3894 1453 3964 legisse

178 3963 289 4016 videtur
307 3965 461 4019 scholiasta
478 3969 559 4020 vetus
579 3965 616 4019 ad
635 3984 660 4020 v.
675 3982 700 4020 οι
716 3966 867 4019 adnotans:
888 3963 963 4018 διατί
982 3963 1107 4034 ὠνόμασε
1128 3973 1181 4018 νῦν
1198 3964 1247 4018 τὸν
1264 3962 1390 4034 Ἰοθμόν;
1410 3962 1452 4020 ότι

178 4035 338 4125 οἰκεῖοςνιις
355 4030 391 4104 ἦν
409 4045 459 4090 τοῦ
477 4035 609 4119 Πυθέου,
636 4038 675 4099 εἰς
694 4035 727 4119 δν
745 4035 815 4105 αὕτη
835 4037 853 4118 ᾔ
872 4034 930 4108 ᾠδὴ
949 4033 1117 4105 γέγραπται,
1144 4035 1325 4105 Εὐθυμένης,
1349 4033 1378 4117 dc
1398 4034 1452 4091 ἐνί-

177 4110 403 4231 uetustior
422 4108 697 4247 iiiiifflledilip
699 4105 1454 4248 aoruca1intratura§hairu

178 4247 239 4316 ipso
258 4248 431 4319 coarguitur,
449 4247 629 4317 Mingarellio
648 4250 719 4304 duce
737 4249 779 4303 ita
798 4249 959 4315 emendavi,
978 4252 1010 4301 ut
1028 4248 1102 4303 inter
1119 4248 1239 4303 victores
1257 4247 1453 4303 Isthmicorum

177 4318 307 4373 ludorum
331 4319 418 4373 etiam
441 4319 490 4388 qui
513 4319 623 4388 Aegina
641 4319 819 4391 (Αἰγίναθεν,
838 4323 871 4374 ut
888 4339 913 4375 v.
933 4337 958 4375 ιι
978 4321 1114 4390 Αἰγᾶθεν)
1132 4319 1242 4375 venerit
1263 4318 1453 4388 Euthymenes

178 4389 264 4444 fuisse
287 4389 398 4443 dicatur
422 4422 454 4430 -
478 4395 520 4445 42.
545 4388 638 4454 Νίκας
660 4392 690 4446 ἰν
708 4393 862 4463 ἀγκώνεσσι
885 4393 1002 4445 πιτνών·
1027 4391 1061 4446 ci.
1081 4392 1101 4446 1.
1120 4409 1140 4444 11
1159 4409 1185 4445 ro
1204 4390 1235 4446 ἐν
1253 4392 1370 4463 γούνασι
1391 4412 1453 4446 πιτ-

178 4463 263 4514 νόντα
279 4463 382 4523 Νίκας·
403 4460 486 4516 aliter
499 4462 641 4516 Romanus
655 4467 739 4532 poeta
757 4463 815 4517 Iuv.
831 4481 879 4515 vm
893 4480 919 4517 oa
932 4481 1000 4517 roro
1014 4465 1079 4533 ιάηο
1094 4463 1216 4517 Victoria
1229 4465 1298 4517 sedit
1315 4496 1344 4503 -
1361 4468 1403 4518 43.
1419 4481 1451 4517 ex

178 4532 270 4585 verbis
289 4533 459 4586 scholiastae
479 4531 593 4601 άγάλλει
612 4541 662 4587 σοῦ
680 4534 712 4588 τὸ
731 4531 889 4604 δμόσπορον
910 4533 994 4596 ἔθνος
1013 4533 1043 4586 τὸ
1062 4543 1117 4588 τῶν
1132 4534 1297 4603 Αἰγινητῶν·
1318 4538 1452 4603 κατάλλη-

177 4603 289 4672 λότερον
316 4602 346 4658 δὲ
374 4603 442 4657 ἔνιοι
469 4603 609 4673 γράφουσι
634 4602 772 4676 Πυθέας,
790 4603 829 4660 ἵν’
851 4600 868 4676 ᾖ
894 4606 1001 4675 μήτρως
1020 4603 1138 4668 Πυθέας
1161 4607 1279 4673 apparet
1304 4605 1452 4658 lectionem

177 4675 304 4728 codicum
320 4673 437 4737 Πυθέας
455 4674 665 4744 interpolatoris
684 4693 768 4728 manu
783 4675 813 4729 in
826 4678 935 4729 textum
949 4675 1060 4729 illatam
1075 4692 1148 4743 esse,
1168 4676 1346 4729 emendatum
1361 4676 1453 4729 locum

179 4747 218 4799 sic
244 4748 424 4817 interpretor:
451 4762 523 4799 nunc
547 4749 589 4812 te,
613 4745 734 4814 Pythea,
760 4747 882 4816 vestigia
906 4745 1038 4801 avunculi
1058 4750 1184 4800 secutum
1203 4751 1232 4801 et
1250 4746 1405 4800 avunculus
1425 4752 1455 4802 et

179 4821 240 4871 tota
259 4836 327 4888 gens
347 4817 494 4888 praedicat
514 4848 546 4855 -

232 4919 357 4959 arsurum
371 4919 406 4958 ed,
419 4918 517 4957 Christ
1208 4912 1241 4959 18
