3406 5378
700 1100 1061 1184 PRAEFATIO.

330 1402 461 1466 Habent
494 1422 552 1464 sua
582 1399 650 1464 fata
679 1400 782 1464 libelli
809 1423 876 1465 non
904 1401 1009 1465 solum
1037 1405 1211 1485 postquam
1238 1401 1316 1466 editi
1344 1407 1434 1488 sunt,
1466 1403 1523 1467 sed

246 1492 343 1556 etiam
370 1490 560 1575 priusquam
587 1489 622 1552 in
650 1489 755 1554 lucem
783 1490 985 1555 emittantur.
1035 1489 1162 1554 Futura
1188 1490 1222 1554 in
1249 1490 1336 1554 votis
1365 1496 1454 1575 sunt,
1485 1496 1523 1555 ut

243 1581 321 1644 viris
341 1579 446 1645 doctis
465 1578 614 1663 placeant
628 1582 661 1642 et
675 1601 795 1663 aequos
809 1579 931 1644 iudices
945 1578 1181 1643 nanciscantur.
1213 1578 1394 1644 Praeterita
1408 1602 1523 1664 oppor-

245 1670 386 1733 tunitate
419 1669 517 1732 huius
549 1667 762 1750 praefationis
796 1690 873 1734 usus
906 1669 1047 1732 breviter
1074 1668 1140 1731 iam
1167 1669 1334 1732 enarrabo.
1379 1668 1430 1731 Ex
1458 1690 1522 1752 quo

244 1758 362 1822 abhinc
381 1756 500 1843 viginti
520 1756 662 1840 quinque
681 1778 783 1821 annos
802 1760 944 1840 primum
957 1756 1089 1821 Pindari
1109 1757 1253 1822 carmina
1270 1757 1304 1821 in
1319 1756 1524 1841 Bibliotheca

243 1846 470 1910 Teubneriana
501 1845 661 1930 recensui,
693 1851 761 1910 tam
793 1846 897 1911 multa
925 1869 944 1910 a
971 1845 1048 1910 viris
1077 1846 1181 1910 doctis
1210 1851 1244 1910 et
1272 1844 1463 1910 Germaniae
1489 1851 1524 1910 et

245 1936 381 1999 aliarum
404 1935 574 1999 nationum
599 1934 638 1998 ad
663 1935 895 1999 emendandam
918 1939 1032 2019 poetae
1057 1935 1236 1999 orationem
1257 1934 1377 1999 collata
1396 1939 1523 1998 suntet

244 2024 314 2107 ipse
338 2024 465 2089 iteratis
490 2022 574 2087 curis
597 2023 733 2087 meliora
756 2024 889 2088 edoctus
913 2046 998 2108 sum,
1021 2027 1058 2086 ut
1077 2024 1157 2087 vitia
1176 2028 1209 2087 et
1228 2045 1352 2087 errores
1371 2023 1524 2087 editionis

244 2113 362 2197 prioris
384 2116 571 2196 stereotypa
588 2117 657 2176 arte
676 2112 710 2174 in
729 2118 921 2196 perpetuum
939 2113 1113 2198 propagari
1127 2113 1256 2176 nollem.
1289 2112 1360 2187 Qua
1374 2113 1412 2176 de
1427 2135 1525 2176 cansa

244 2203 369 2285 priores
389 2224 478 2265 meas
497 2223 590 2266 curas
610 2222 839 2285 recognoscere
859 2207 891 2266 et
910 2202 1060 2286 supplere
1079 2201 1248 2284 constitui,
1272 2207 1307 2265 ut
1327 2205 1359 2265 et
1378 2202 1525 2265 emenda-

245 2291 310 2355 tior
333 2297 366 2355 et
389 2290 515 2374 plenior
538 2311 629 2353 meus
650 2289 733 2353 liber
751 2291 909 2354 evaderet.
947 2290 1060 2374 Neque
1080 2291 1185 2355 solum
1205 2312 1260 2355 eos
1279 2290 1382 2374 locos,
1406 2290 1524 2374 quibus

244 2379 351 2443 labem
375 2381 474 2444 verba
496 2383 612 2462 poetae
635 2378 772 2442 traxisse
797 2379 1003 2463 videbantur,
1026 2380 1163 2443 aliorum
1188 2402 1247 2464 ope
1269 2379 1399 2443 adiutus
1419 2380 1524 2443 denuo

245 2469 429 2532 examinare
448 2472 481 2531 et
500 2466 661 2551 perpolire
681 2467 812 2531 adnisus
832 2490 919 2553 sum,
936 2468 992 2531 sed
1011 2468 1109 2531 etiam
1128 2472 1230 2531 totam
1250 2467 1389 2531 formam
1406 2467 1523 2550 prioris

245 2557 398 2621 editionis
423 2557 495 2640 plus
519 2579 584 2619 una
607 2578 646 2619 ex
669 2560 761 2640 parte
784 2561 910 2621 mutare
933 2556 1067 2621 decrevi.
1104 2555 1249 2620 Primum
1273 2557 1524 2620 commodiorem

245 2651 279 2710 ct
298 2647 462 2710 utiliorem
481 2649 673 2729 apparatum
693 2645 841 2710 criticum
860 2645 929 2710 fore
948 2645 1144 2729 existimavi,
1164 2645 1275 2709 sinon
1294 2645 1400 2709 solum
1419 2644 1523 2709 varias

245 2734 403 2799 lectiones
424 2734 638 2815 rettulissem,
667 2735 721 2798 sed
746 2734 844 2799 etiam
868 2734 986 2818 quibus
1010 2755 1154 2817 quaeque
1178 2734 1343 2799 codicibus
1365 2733 1525 2797 niteretur

246 2825 462 2888 adnotassem.
501 2823 594 2897 Quod
618 2830 654 2886 ut
672 2823 826 2907 facerem,
848 2823 980 2907 quinam
1000 2823 1124 2887 codices
1144 2824 1184 2886 ad
1203 2822 1393 2887 memoriam
1411 2823 1525 2886 traditi

245 2917 354 2976 textus
378 2912 630 2995 recuperandam
654 2911 748 2995 plane
771 2912 944 2976 necessarii
968 2917 1077 2976 essent
1099 2913 1272 2997 diligenter
1295 2912 1432 2976 rimatus
1451 2935 1523 2975 sum

246 3008 279 3065 et
312 3000 340 3065 si
373 3022 437 3084 quo
470 2999 542 3064 loco
575 3000 672 3064 lectio
706 3000 904 3084 optimorum
937 3000 1083 3065 codicum
1116 3000 1214 3064 dubia
1246 3023 1316 3065 esse
1344 3001 1524 3084 videbatur,

245 3091 350 3154 denuo
374 3112 429 3153 eos
452 3088 671 3172 inspiciendos
695 3089 814 3154 curavi.
851 3088 975 3153 Deinde
999 3088 1166 3153 metricam
1184 3090 1324 3153 formam
1343 3089 1523 3154 carminum

244 3178 349 3264 magis
372 3178 576 3263 perspicuam
599 3177 668 3240 sore
692 3178 818 3262 putavi,
841 3178 868 3241 si
889 3178 960 3243 cola
979 3179 1171 3263 carminum,
1194 3178 1347 3242 siminus
1368 3179 1522 3262 omnium,

244 3273 388 3331 attamen
410 3266 672 3352 logaoedicorum
696 3266 870 3330 dividerem
899 3272 932 3331 et
960 3266 1050 3330 varia
1078 3288 1196 3352 genera
1220 3289 1429 3331 numerorum
1451 3268 1524 3352 ipsa

243 3362 377 3420 externa
405 3355 510 3440 specie
540 3355 781 3438 distinguerem.
829 3354 1010 3420 Schematis
1034 3362 1143 3420 autem
1167 3356 1311 3420 metricis
1335 3355 1522 3420 subtiliores

243 3445 385 3509 rationes
414 3443 613 3527 rhythmicas
642 3444 841 3527 exprimendi
870 3450 902 3508 et
930 3444 1034 3508 varias
1058 3467 1166 3508 moras
1190 3445 1388 3529 syllabarum
1411 3445 1521 3510 discri-

243 3533 387 3597 minandi
407 3532 554 3616 audacia,
577 3554 642 3616 quo
663 3533 766 3618 magis
785 3533 821 3597 in
839 3539 942 3597 artem
960 3532 1092 3597 Pindari
1110 3534 1328 3617 inquirebam,
1347 3556 1384 3598 eo
1403 3533 1522 3598 iustior

243 3628 276 3686 et
307 3621 508 3706 probabilior
540 3621 620 3684 mihi
653 3643 723 3685 esse
754 3622 932 3686 videbatur.
978 3621 1046 3686 Has
1077 3627 1185 3687 autem
1212 3623 1355 3687 rationes
1384 3627 1421 3686 ut
1448 3622 1520 3686 aliis

245 3733 372 3796 quoque
395 3711 581 3795 probarem,
603 3732 737 3793 prorsus
759 3711 978 3776 necessarium
1002 3733 1071 3775 esse
1096 3712 1248 3796 cognovi,
1271 3718 1308 3774 ut
1325 3711 1523 3775 lineamenta

246 3800 325 3864 artis
351 3799 538 3863 Pindaricae
561 3798 596 3861 in
619 3798 862 3886 Prolegomenis
890 3800 1115 3864 adumbrarem
1143 3806 1176 3864 et
1203 3800 1332 3885 singula
1356 3800 1522 3864 schemata

245 3887 388 3952 metricis
408 3888 649 3952 commentariis
667 3888 874 3953 illustrarem.
907 3888 1009 3952 Porro
1028 3889 1287 3973 fragmentorum
1306 3889 1433 3952 delectu
1447 3889 1521 3952 usui

244 3976 404 4041 lectorum
432 3975 540 4040 minus
569 3976 694 4041 consuli
723 3999 820 4060 quam
850 3977 946 4061 plena
978 3977 1167 4042 collectione
1191 3978 1311 4041 dudum
1340 3977 1380 4040 ab
1410 3976 1523 4041 amicis

246 4066 463 4130 commonitus
487 4087 590 4149 eram,
613 4065 723 4149 itaque
747 4066 831 4151 hanc
853 4088 979 4150 quoque
998 4066 1198 4149 provinciam
1217 4065 1422 4150 diligentiore
1447 4088 1524 4131 cura

245 4160 441 4237 pertractare
466 4154 571 4238 coepi,
598 4159 728 4219 etcum
752 4156 891 4219 multum
914 4155 1073 4220 lectorum
1096 4154 1215 4219 referre
1237 4155 1462 4241 cognovissem
1486 4160 1524 4219 ut

244 4243 300 4307 ubi
320 4245 468 4328 quodque
487 4243 707 4329 fragmentum
726 4249 868 4308 exstaret
887 4245 1041 4309 certiores
1060 4244 1188 4329 fierent,
1211 4244 1308 4309 etiam
1328 4243 1417 4309 locos
1437 4246 1522 4308 unde

243 4333 392 4419 quodque
423 4338 589 4417 sumptum
617 4336 703 4396 esset
731 4333 885 4397 adnotare
912 4333 1051 4397 institui.
1096 4332 1244 4418 Denique
1272 4332 1368 4397 fastis
1395 4355 1523 4418 quoqne

243 4421 421 4487 Pindaricis
447 4421 596 4485 similiter
620 4426 716 4505 atque
741 4423 781 4486 ab
801 4421 946 4486 Luciano
965 4421 1121 4486 Muellero
1145 4422 1179 4485 in
1202 4427 1290 4486 tersa
1308 4422 1438 4486 Horatii
1459 4422 1524 4486 edi-

243 4511 331 4574 tione
363 4511 486 4574 factum
520 4514 581 4592 est,
615 4509 790 4575 editionem
821 4510 905 4575 hanc
934 4510 1131 4595 locupletare
1160 4517 1193 4575 et
1220 4510 1326 4576 indice
1354 4511 1523 4575 nominum

242 4598 448 4683 propriorum
471 4604 504 4661 et
522 4620 630 4662 rerum
647 4599 843 4663 notabilium
861 4600 1022 4664 instruere
1041 4622 1132 4664 exre
1152 4622 1221 4664 esse
1241 4599 1321 4664 mihi
1338 4600 1446 4664 visum
1465 4605 1523 4665 est.

331 4685 454 4752 Verum
473 4687 559 4751 eninr
578 4709 654 4750 vero
672 4687 735 4752 hoc
754 4689 850 4752 modo
864 4688 948 4752 liber
962 4689 1110 4752 modulos
1125 4688 1348 4753 Bibliothecae
1362 4688 1522 4773 paulatim

243 4776 292 4840 ita
319 4777 471 4862 excessit,
498 4781 535 4841 ut
562 4775 658 4840 amici
688 4799 739 4841 me
763 4782 944 4863 monerent,
972 4800 1012 4842 ne
1041 4778 1147 4843 media
1168 4778 1204 4842 in
1226 4778 1278 4841 via
1302 4778 1524 4866 subsisterem,

1274 4882 1310 4937 a*

800 5054 1072 5172 376608
