3406 5378
564 1199 1063 1297 ΠΥΘΙΟΝΙΚΑΙΣ.

793 1406 835 1462 Δ’.

488 1570 750 1655 ΙΕΡΩΝΙ
801 1571 1142 1658 alumenu„

687 3671 928 3754 Argumentum.

258 3801 323 3861 Hac
347 3801 412 3880 oda,
437 3822 497 3879 qua
519 3803 596 3861 nihil
618 3802 762 3862 excelsius
786 3803 873 3860 Musa
896 3800 991 3877 lyrica
1014 3802 1190 3880 procreavit,
1214 3803 1364 3862 Pindarus
1387 3804 1447 3880 Py-

168 3891 264 3949 thiam
279 3892 436 3951 victoriam
451 3893 489 3952 ab
503 3892 632 3952 Hierone
647 3912 716 3970 rege
732 3892 919 3967 Syracusano
935 3890 1089 3969 quadrigis
1105 3892 1189 3967 Pyth.
1207 3896 1247 3951 29
1263 3896 1449 3969 reportatam

169 3980 312 4058 illustrat,
332 3981 417 4041 cuius
434 3982 577 4042 victoriae
597 3982 627 4040 in
644 3982 787 4040 honorem
802 3980 1026 4039 celeberrimum
1044 3999 1163 4056 quoque
1180 4000 1336 4040 nummum
1357 3983 1448 4058 Syra-

169 4088 314 4129 cusanum
329 4090 396 4129 cum
411 4071 566 4148 quadrigis
578 4070 751 4131 victricibus
762 4088 924 4146 procusum
936 4089 998 4128 esse
1013 4070 1121 4128 ferunt.
1138 4069 1250 4139 Quodsi
1262 4070 1338 4130 hanc
1351 4071 1447 4150 odam,

168 4177 237 4217 cum
260 4160 424 4238 quadrigae
448 4180 509 4219 nna
532 4179 601 4219 cum
624 4159 731 4237 auriga
754 4158 924 4233 etreliqua
947 4161 1068 4218 caterva
1086 4178 1105 4216 a
1124 4159 1249 4218 Graecia
1284 4161 1447 4236 Syracusas

168 4247 332 4325 rediissent,
357 4249 475 4325 aliquot
494 4249 645 4309 mensibus
666 4252 734 4325 post
752 4248 910 4307 victoriam
928 4247 1025 4322 ipsam
1043 4247 1139 4306 hieme
1158 4249 1207 4308 vel
1224 4268 1292 4308 vere
1311 4251 1445 4326 proximo

167 4340 319 4395 cantatam
349 4356 412 4396 csse
444 4338 648 4397 existimamus
679 4341 710 4396 et
738 4337 945 4396 Boeckhianas
974 4336 1105 4395 rationes
1136 4338 1231 4397 secuti
1263 4330 1304 4418 (v.
1328 4339 1445 4418 Prolcg.

167 4419 295 4507 axxxvn)
319 4426 498 4502 Pythiadem
523 4430 562 4486 29
587 4427 618 4485 in
649 4425 806 4504 01.7o‚3
832 4451 872 4473 =
898 4428 962 4485 474
986 4445 1012 4484 a.
1033 4426 1098 4485 cnr.
1123 4427 1251 4486 incidere
1275 4429 1445 4506 statuimus,

168 4515 268 4573 omnia
298 4516 394 4574 multo
424 4516 531 4575 melius
562 4516 724 4593 quadrant,
755 4534 846 4591 quarn
876 4514 902 4572 si
932 4515 1055 4592 Bcrgkii
1083 4516 1215 4575 calculos
1245 4519 1340 4578 secuti
1370 4519 1446 4578 hanc

168 4603 256 4661 odam
284 4604 322 4662 ad
346 4603 392 4663 01.
414 4608 502 4682 77,3
533 4630 574 4651 =
603 4607 668 4664 470
696 4624 723 4663 a.
747 4605 814 4662 Uhr.
838 4603 1034 4663 reiecerimus.
1087 4605 1222 4665 Primum
1254 4608 1333 4666 enim
1365 4609 1445 4684 quod

167 4691 258 4752 Hiero
281 4693 313 4751 in
337 4693 383 4752 his
407 4694 485 4753 ludis
508 4695 678 4753 Aetnaeum
701 4686 749 4774 (P.
767 4711 779 4751 1
797 4685 860 4774 3⁶2),
884 4693 915 4751 in
938 4693 1066 4753 victoria
1089 4691 1135 4753 01.
1156 4699 1194 4754 77
1221 4696 1444 4771 Syracusanum

167 4772 217 4861 (0.
240 4800 251 4839 1
274 4775 323 4864 24)
351 4803 381 4842 se
409 4783 576 4843 renuntiari
603 4782 704 4862 iussit,
731 4783 787 4842 hoc
814 4801 933 4842 carmen
961 4782 994 4842 P.
1017 4801 1029 4843 1
1051 4803 1111 4844 non
1138 4785 1226 4863 longo
1260 4786 1297 4844 ab
1329 4786 1443 4864 origine
