3406 5378
735 342 883 393 PINDARI
902 340 1068 394 EPINICIA.

397 524 431 572 σο
477 508 536 571 τὸν
559 504 623 570 αἰεὶ
646 528 753 589 μενοι-
764 514 833 568 νῶν
856 507 1001 586 κεφαλᾶς
1023 504 1137 584 βαλεῖν

521 613 730 698 εὐφροσύνας
754 610 879 674 ἀλᾶται.

478 862 544 943 ἔχει
566 856 598 922 δ’
624 857 796 942 ἀπάλαμον
819 861 895 942 βίον

524 973 643 1030 τοῦτον
666 963 931 1048 ἐμπεδόμοχθον,

479 1073 559 1156 μετά
582 1082 684 1154 τριῶν
707 1070 819 1156 τέταρ-

523 1201 582 1243 τον
605 1181 725 1260 πόνον,
749 1177 929 1242 ἀθανάτων
952 1177 1002 1242 ὅτι
1026 1174 1161 1252 κλέψαις

479 1285 625 1349 ἁλίκεσσι
648 1287 832 1367 συμπόταις

478 1389 596 1475 νέκταρ
620 1390 804 1475 ἀμβροσίαν
827 1413 861 1454 τε

482 1498 600 1578 δῶκεν,
624 1488 674 1572 οἷς
696 1521 752 1560 νιν
774 1498 922 1580 ἄφθιτον

479 1601 615 1667 θέσσαν.
662 1604 693 1667 εἰ
714 1599 751 1666 δὲ
774 1603 857 1667 θεὸν
880 1600 964 1686 ἀνήρ
988 1625 1038 1676 τις

524 1713 653 1774 ἔλπεται
677 1707 859 1792 λελαθέμεν
882 1711 933 1793 ἔρ·
958 1709 1041 1789 δαν,
1066 1707 1253 1791 ἁμαρτάνει.

480 1817 619 1880 τοῦνεκα
640 1824 791 1900 προῆκαν
812 1816 889 1879 υέὸν
912 1813 1164 1879 ἀθάνατοί-λοι
1187 1814 1287 1879 πάλιν
1370 1830 1419 1880 105

480 1922 560 2005 μετά
583 1923 619 1985 τὸ
642 1922 852 2005 ταχύποτμον
875 1916 969 1997 αὖτις
992 1919 1121 2007 ἀνέρων
1144 1924 1254 1998 ἔθνος.

480 2029 562 2111 πρὸς
586 2027 773 2111 εὐάνθεμον
796 2025 829 2091 δ’
855 2028 907 2092 ὅτε
931 2028 1023 2111 φυάν

404 2152 437 2199 70
483 2135 599 2218 λάχναι
623 2159 678 2199 νιν
700 2132 801 2218 μέλαν
825 2133 953 2216 γένειον
977 2137 1112 2218 ἔρεφον,

482 2238 613 2324 ἑτοῖμον
637 2240 876 2325 ἀνεφρόντισεν
898 2242 1021 2325 γάμον,

1183 2399 1266 2465 Ἁντ.
1290 2400 1332 2482 γ’.

484 2491 613 2554 Πισάτα
636 2493 724 2575 παρά
746 2493 870 2576 πατρὸς
893 2491 945 2555 εὔ-

528 2594 627 2673 δοξον
645 2594 876 2680 Ἱπποδάμειαν

482 2701 651 2786 σχεθέμεν.
698 2701 796 2784 ἐγγὺς
818 2702 868 2767 έλ-

528 2809 601 2872 θὼν
624 2812 741 2883 πολιᾶς
764 2808 842 2884 ἁλὸς
865 2803 935 2884 οἷος
958 2807 994 2873 έν
1017 2811 1127 2895 ὄρφνᾳ
1372 2824 1421 2873 115

344 3008 385 3056 60.
406 3002 451 3054 ἀεὶ
465 3001 561 3065 Ao'l),
582 2999 664 3054 etsie
680 2999 785 3069 praesim
800 3000 889 3066 codd,
908 3001 983 3070 quod
998 3018 1054 3054 non
1068 3001 1126 3054 iam
1140 3000 1261 3054 enotabo
1280 3032 1315 3041 -
1335 3008 1376 3055 61.
1396 2999 1546 3071 ἀπάλαμον

271 3074 353 3142 Epa:
373 3071 541 3140 ἀπάλαμνον
559 3071 649 3125 At’D
674 3103 705 3111 —
731 3076 772 3125 63.
792 3068 834 3135 οἷς
853 3092 898 3126 νιν
917 3072 987 3127 coni.
1008 3073 1044 3126 M.
1065 3071 1206 3127 Schmidt:
1226 3068 1298 3126 οἶσιν
1317 3072 1392 3140 AD,
1412 3068 1453 3134 oie
1473 3072 1544 3127 0-

272 3149 314 3196 66,
333 3143 441 3197 θέσσαν
459 3144 543 3214 Βραε
566 3140 657 3197 θέσαν
676 3143 762 3195 αὐτὸν
780 3143 883 3209 AOD,
902 3143 956 3197 θέν
976 3164 1021 3198 νιν
1040 3144 1207 3210 Mommsen,
1226 3143 1260 3196 of.
1280 3143 1315 3198 N.
1330 3161 1348 3196 v
1362 3160 1388 3197 ιο
1406 3142 1546 3197 θέσσαντο

271 3247 306 3254 -
325 3212 478 3282 λελαθέμεν
498 3214 664 3268 Mommsen:
691 3213 815 3283 λαθέμεν
833 3215 899 3282 ΑΟ,
919 3213 1073 3284 ληθέμεναι
1091 3214 1129 3280 D,
1148 3234 1175 3268 τι
1193 3211 1258 3267 λασέ
1294 3215 1411 3285 vByz.;
1437 3213 1500 3267 fort.
1520 3234 1547 3268 τι

271 3282 353 3341 δέλπ.
373 3282 528 3354 λελαθέμεν
547 3316 579 3324 -
600 3290 642 3339 67.
662 3283 691 3338 οἷ
708 3285 782 3353 quod
801 3284 830 3337 in
849 3288 917 3339 vett.
937 3285 1016 3339 codd.
1037 3287 1101 3354 post
1119 3285 1239 3339 τοῦνεκα
1269 3284 1370 3354 egitur,
1388 3290 1454 3375 post
1471 3285 1546 3339 ἀθά·

273 3375 353 3410 νατοι
371 3359 507 3425 trauapoo¹
528 3355 611 3410 Triul.
640 3388 672 3395 -
702 3361 744 3410 68.
774 3353 859 3419 αὖθις
880 3358 903 3410 0
928 3389 959 3396 -
989 3363 1030 3411 69.
1058 3355 1086 3410 δ’
1107 3373 1152 3408 om
1174 3357 1211 3410 0¹
1240 3387 1273 3395 —
1302 3361 1344 3411 70.
1368 3360 1469 3426 λαχναι
1487 3376 1546 3411 νινε

274 3425 373 3497 λάχνιν
391 3428 421 3482 D
441 3459 471 3467 -
494 3432 534 3482 73.
556 3427 636 3496 ἐγγὺς
655 3427 759 3494 Bergk:
779 3427 859 3497 ἐγγὺς
877 3425 905 3480 δ’
926 3427 1048 3483 ABGD
1065 3430 1094 3481 et
1113 3426 1208 3495 schol,
1227 3426 1292 3497 ἀχχι
1310 3425 1338 3481 δ’
1355 3428 1457 3499 ΒΒμν.
1478 3459 1510 3467 -

273 3585 402 3622 amovere
425 3570 532 3641 (βαλεῖν
551 3595 584 3613 =
603 3569 765 3641 ἀποβαλεῖν,
789 3572 823 3624 cl‘.
849 3574 880 3623 0.
901 3588 947 3622 vru
967 3572 1003 3636 ιο)
1026 3567 1171 3636 moliatur,
1194 3569 1310 3624 Pindari
1334 3568 1456 3639 vestigia
1478 3569 1549 3641 legit

273 3639 421 3710 Euripides
441 3644 529 3694 Orest.
545 3656 565 3695 α.
586 3672 618 3679 -
643 3646 684 3694 62.
705 3639 804 3695 schol:
824 3638 899 3708 ῆότι
918 3639 948 3694 ἐν
967 3637 1039 3714 ᾅδου
1057 3639 1126 3708 μετὰ
1145 3650 1229 3709 τριῶν
1247 3639 1377 3709 τέταρτος
1394 3640 1548 3710 κολάζεται,

273 3711 403 3780 Σισύφου
422 3715 524 3766 Τιτυοῦ
541 3709 662 3777 Ἰξίονος,
682 3709 699 3779 ἣ
718 3711 760 3765 ὅτι
779 3711 847 3781 μετὰ
866 3720 958 3780 τριῶν,
976 3718 1026 3765 τοῦ
1045 3720 1146 3780 πεινῆν
1165 3716 1254 3781 διψῆν
1273 3710 1396 3780 ἑστάναι,
1415 3709 1548 3781 τέταρτον

272 3780 362 3836 πόνον
381 3790 480 3837 τοῦτον
500 3782 556 3864 ἔχει
574 3783 606 3837 τδ
624 3788 660 3853 τῷ
677 3785 749 3855 λίθῳ
767 3781 944 3847 κολάζεσθαι.
972 3782 1098 3836 Alteram
1116 3783 1331 3852 explicationem
1349 3783 1398 3851 qni
1417 3783 1548 3854 probant,

274 3852 456 3907 obscuritatis
475 3852 545 3909 vitro
564 3853 656 3907 locum
675 3856 817 3922 premuut;
837 3872 901 3907 nam
922 3871 984 3908 oum
1002 3856 1088 3922 poeta
1105 3853 1154 3922 qui
1175 3857 1232 3908 tres
1251 3853 1294 3907 illi
1308 3854 1419 3908 labores
1434 3854 1547 3922 fuerint,

273 3941 329 3977 non
349 3924 464 3991 dixerit,
482 3925 536 3994 ipsi
555 3925 585 3979 in
604 3923 795 3978 diversissima
818 3924 974 3979 discedunt.
1011 3924 1115 3979 Contra
1139 3928 1237 3995 aperta
1255 3928 1299 3979 est
1317 3924 1364 3979 via
1382 3925 1483 3995 prioris
1501 3942 1548 3980 ex·

273 3994 448 4066 plicationiS,
475 4015 559 4064 quam
582 3999 630 4065 qui
653 3994 861 4064 ingrediuntur,
886 4013 942 4049 non
970 4000 1013 4050 est
1040 4014 1089 4050 cur
1117 4012 1179 4050 cum
1207 3995 1322 4051 Pauwio
1345 3994 1475 4066 τέταρτος
1496 4014 1548 4078 pro

273 4065 406 4133 τέταρτον
425 4066 595 4138 interpolent
614 4099 645 4106 —
667 4072 708 4120 63.
728 4064 851 4121 ἁλίκεσσι
865 4064 1025 4136 συμπόταις,
1041 4067 1088 4135 qui
1104 4067 1236 4121 contrarii
1251 4072 1331 4122 erant
1349 4067 1404 4121 diis
1423 4067 1548 4122 convivia

274 4169 307 4177 -
332 4144 374 4192 66.
398 4137 518 4205 θέσσαν,
542 4138 728 4205 immortalem
751 4139 841 4191 forma
864 4137 942 4192 verbi
966 4154 999 4191 ex
1022 4137 1096 4191 falsa
1119 4138 1253 4209 analogia
1276 4138 1353 4192 verbi
1378 4137 1463 4193 ἔσσαν
1481 4139 1550 4193 fieta

274 4211 329 4275 est;
354 4210 388 4262 de
413 4209 554 4264 ambrosia
577 4213 606 4263 et
627 4212 741 4262 nectare
760 4208 1003 4263 immortalitatem
1021 4208 1248 4278 impertientibus
1267 4210 1362 4263 confer
1379 4209 1494 4264 Thooor.
1514 4226 1549 4280 ιν,

275 4296 320 4335 ιοε.
351 4279 430 4334 ovid.
450 4283 515 4334 met.
537 4298 570 4348 ιε,
589 4297 627 4334 ott
657 4311 688 4320 -—
718 4285 750 4333 67
771 4299 791 4333 e.
822 4279 967 4334 ἀθάνατοι
990 4283 1019 4334 et
1041 4281 1164 4350 ταχύποτ
1202 4302 1219 4335 ν
1242 4278 1351 4349 ἀνέρων
1374 4279 1460 4344 ἔθνος
1482 4297 1549 4336 oon-

273 4350 390 4404 trariam
410 4351 467 4404 vim
485 4351 591 4405 habent
611 4383 643 4390 -
664 4356 705 4405 70.
725 4350 811 4420 μέλαν
829 4350 983 4432 proleptioe
1002 4351 1037 4404 de
1052 4354 1146 4405 mento
1165 4300 1300 4422 iinugine
1318 4351 1399 4422 nigro
1418 4351 1494 4406 iacto
1513 4382 1548 4393 —

277 4427 317 4476 71.
338 4420 462 4490 ἕτοιμον,
486 4422 514 4474 in
535 4439 589 4490 quo
609 4421 746 4476 vocabulo
765 4422 930 4492 exphoando
950 4421 1019 4475 mire
1038 4425 1145 4476 veteres
1175 4426 1204 4477 et
1230 4424 1356 4477 recentes
1383 4422 1549 4493 interpretes

274 4492 418 4559 laborant,
443 4492 478 4545 ad
503 4494 679 4562 pubertatem
698 4497 819 4562 spectat,
843 4510 927 4561 quam
946 4493 1043 4562 Pelopi
1068 4496 1195 4547 ireseouto
1221 4496 1336 4564 paratae
1355 4509 1415 4549 esee
1434 4492 1549 4563 nuptiae

275 4563 355 4631 dixit,
375 4563 477 4631 quibua
496 4564 550 4617 sibi
570 4564 786 4634 Hippodamiam
805 4564 934 4631 iungeret
954 4597 984 4603 -
1007 4569 1039 4617 72
1055 4580 1089 4617 aa.
1110 4564 1229 4619 similem
1249 4564 1375 4618 fabulam
1392 4565 1426 4618 de
1440 4563 1549 4635 virgine

274 4635 334 4690 filia
353 4635 389 4687 ab
409 4635 516 4689 Antaeo
535 4638 616 4706 patre
635 4635 759 4705 praemio
778 4634 938 4689 certaminis
962 4635 1106 4705 proposita
1128 4639 1213 4705 poeta
1236 4637 1321 4690 refert
1344 4636 1372 4689 P.
1392 4655 1421 4689 rx
1439 4652 1479 4692 roo
1497 4653 1548 4701 εις

275 4706 399 4761 conferre
427 4723 536 4775 quoque
565 4707 645 4761 iuvat
673 4707 800 4760 fabulam
823 4705 988 4775 Atalantae,
1019 4723 1091 4775 quae
1119 4724 1182 4761 oum
1209 4707 1312 4760 multos
1339 4723 1439 4776 procos
1466 4724 1549 4761 ouran

276 4781 421 4847 superator
441 4783 581 4847 necasset,
601 4777 768 4832 Melanionis
787 4777 852 4831 dolo
871 4777 947 4831 victa
964 4781 1014 4832 est.
1036 4809 1066 4817 -
1089 4784 1129 4831 73.
1150 4777 1255 4831 similia
1274 4779 1309 4832 de
1328 4779 1405 4833 lamo
1424 4777 1548 4848 Neptuni
