3406 5378
738 327 887 379 PINDARI
904 326 1071 378 EPlNICIA.

432 489 450 555 ὁ
474 488 503 553 δ’
531 487 582 572 ἄρ’
610 489 647 553 ἐν
670 492 761 576 Πίσᾳ
785 491 896 564 ἔλσαις
919 489 998 553 ὅλον
1021 509 1055 550 τε
1079 486 1220 569 στρατὸν
1267 488 1347 570 Στρ.
1372 483 1415 567 γ’.

429 599 527 660 λαίαν
550 619 585 659 τε
608 604 717 660 πᾶσαν
739 596 824 671 Διὸς
846 597 982 678 άλκιμος

349 718 384 765 45
429 703 503 777 υλὸς
527 708 697 787 σταθμᾶτο
722 702 841 780 ζάθεον
864 703 963 776 άλσος

484 806 583 894 πατρὶ
607 812 758 896 μεγίστῳ.
803 806 878 894 περὶ
902 804 939 871 δὲ
961 807 1022 871 πά-

483 912 682 991 ξαις’Άλτιν
705 911 766 999 μὲν
789 912 838 997 ὅγ’
866 913 903 979 ἐν
926 920 1064 1001 καθαρῳ

432 1019 592 1107 διέκρινε,
616 1023 653 1086 τὸ
677 1018 713 1086 dl
737 1022 846 1108 κύκλῳ
870 1019 973 1085 πέδον

430 1131 530 1211 ἔθηκε
554 1129 682 1214 δόρπου
705 1129 817 1209 λύσιν,

431 1237 582 1319 τιμάσαις
604 1238 710 1321 πόρον
730 1232 871 1319 Ἀλφεοῦ

430 1450 510 1533 μετὰ
533 1445 651 1513 δώδεκ’
677 1447 829 1513 ἀνάκτων
851 1454 956 1512 θεῶν·
980 1443 1034 1510 καλ
1056 1445 1164 1528 πάγον
1240 1441 1323 1508 Ἀντ.
1347 1443 1390 1527 γ’.

432 1558 566 1638 Κρόνου
589 1553 873 1639 προσεφθέγξατο·
896 1555 1025 1640 πρόσθε
1047 1552 1110 1635 γὰρ
1427 1568 1461 1615 60

432 1662 621 1746 νώνυμνος,
645 1656 684 1738 ἇς
708 1663 874 1745 Οἰνόμαος
897 1656 990 1745 ἆρχε,

486 1767 619 1852 βρέχετο
642 1773 748 1854 πολλᾷ
770 1768 898 1852 νιφάδι.
921 1768 998 1832 ταύ-

485 1900 525 1962 τᾳ
548 1873 580 1937 δ’
606 1874 643 1939 ἕν
664 1878 865 1962 πρωτογόνῳ
888 1879 1001 1961 τελετᾷ

432 1981 600 2066 παρέσταν
622 1978 683 2065 μὲν
706 1983 770 2067 άρα
793 1986 922 2065 Μοῖραι
945 1982 1064 2064 σχεόὸν

430 2086 448 2150 ὅ
473 2084 500 2150 τ’
528 2084 704 2169 ἐξελέγχων
727 2089 829 2170 μόνος

431 2193 593 2258 ἀλάθειαν
616 2192 779 2277 ἐτήτυμον

353 2424 386 2471 55
432 2410 568 2493 Χρόνος.
613 2408 651 2471 τὸ
675 2403 712 2471 δὲ
735 2403 881 2491 σαφανὲς
908 2407 969 2471 ἰὼν
1255 2405 1322 2471 Ἐπ.
1346 2406 1390 2489 γ’.

484 2517 597 2597 πόρσω
620 2511 841 2599 κατέφρασεν,

432 2621 496 2686 ὅπα
518 2621 580 2685 τάν
602 2619 758 2703 πολέμοιο
782 2619 879 2684 δόσιν

344 2855 385 2904 43,
407 2845 469 2916 όρέ
490 2845 527 2901 ἂν
540 2848 567 2901 A
588 2878 620 2887 -
640 2844 726 2900 aleon
746 2846 820 2901 0-
839 2844 923 2908 ἐάσας
936 2848 964 2900 A
983 2876 1016 2885 -
1035 2864 1065 2899 τε
1084 2862 1138 2900 οιιι.
1154 2846 1178 2901 0
1193 2877 1228 2886 -
1246 2851 1289 2902 46.
1304 2842 1375 2902 'Alte
1388 2864 1415 2902 v.
1430 2846 1448 2901 l.
1464 2847 1550 2903 schol.

273 2952 306 2961 -
332 2926 374 2973 46.
398 2918 486 2972 πέδον
510 2918 597 2987 ἔθηκε
621 2917 717 2972 Trici:
743 2915 869 2971 δάπεδον
892 2921 965 2987 θῆκε
989 2918 1112 2972 ABOD
1134 2948 1170 2957 —
1193 2923 1235 2972 48.
1259 2916 1400 2988 τιμάσαιςι
1424 2919 1552 2989 ἀγάλλων

273 2991 344 3046 coni.
368 2991 524 3054 Hermum
550 2990 584 3044 cf.
604 3007 630 3044 v.
648 3006 674 3042 eu
697 3020 733 3028 -
756 2994 798 3045 49.
826 2988 936 3042 δώδεκα
959 2986 986 3042 δ’
1008 2990 1038 3043 D
1061 3019 1094 3028 -—
1120 2988 1263 3044 άνάκτωνι
1289 2988 1444 3043 ἀθανάτων
1469 2991 1493 3046 O
1516 3022 1552 3031 -

273 3068 315 3116 51.
336 3063 479 3130 νώνυμνος
494 3062 577 3131 Βμι.;
596 3061 723 3129 νώνυμος
738 3059 801 3128 01),
820 3061 949 3129 νόινυμον
963 3060 1023 3113 AB
1040 3090 1075 3099 -
1093 3064 1206 3144 τελευτᾷ
1223 3061 1245 3115 0
1261 3064 1291 3114 et
1309 3061 1412 3114 lemma
1430 3061 1460 3115 in
1474 3063 1502 3115 A
1517 3093 1550 3102 -

273 3139 315 3187 53.
334 3131 375 3187 r’:
395 3130 423 3185 δ’
445 3133 474 3185 et
492 3131 594 3185 deinde
612 3129 711 3201 χρόνος
729 3129 793 3185 τάδε
808 3130 878 3186 coni.
894 3131 1024 3201 Hartung
1038 3133 1067 3186 et
1080 3132 1213 3201 probavrt
1231 3131 1314 3201 Leop.
1330 3132 1464 3199 Schmidt,
1483 3133 1550 3188 Leb.

272 3203 352 3258 Pind.
371 3222 398 3273 p.
415 3218 453 3258 ιον
472 3233 505 3242 ·-
530 3209 573 3257 ὁὸ.
599 3206 631 3256 τὸ
657 3199 684 3256 δ’
707 3201 737 3257 to
755 3200 865 3272 ἀφανὲς
886 3202 941 3258 01>
961 3236 989 3242 —
1012 3208 1054 3256 56.
1073 3201 1205 3273 πολέμοιο
1224 3219 1258 3257 ex
1276 3220 1345 3258 eorr.
1366 3205 1401 3273 A,
1420 3201 1552 3275 πολέμιος

272 3276 354 3330 AM?
376 3304 411 3315 .,.

344 3422 379 3471 43
394 3434 430 3472 ss.
449 3416 554 3486 primos
573 3415 655 3469 ludos
671 3414 831 3486 Olympioos
847 3415 883 3470 ab
897 3416 1018 3471 Hercule
1037 3415 1127 3470 fastos
1147 3416 1314 3485 exponit-
1334 3422 1369 3471 4⁵
1385 3434 1420 3472 ss.
1440 3434 1551 3472 ssorum

272 3488 374 3556 locum,
393 3504 476 3557 quem
494 3486 628 3541 Hercules
646 3487 707 3541 lovi
722 3486 923 3541 dimetiebatur
937 3490 1102 3557 (σταθμᾶτο,
1117 3486 1152 3542 of.
1167 3484 1297 3558 τέμενος),
1313 3488 1388 3557 quod
1403 3489 1551 3544 arboribus

277 3559 346 3614 olim
364 3559 488 3613 consitus
508 3562 577 3626 erat,
602 3558 683 3621 ἄλσος
701 3560 786 3628 poeta
804 3557 889 3623 dixit;
915 3559 974 3613 eius
994 3558 1064 3611 duas
1083 3561 1177 3628 partes
1197 3558 1339 3626 distinxit,
1357 3558 1458 3627 Ἄλτιν,
1478 3577 1551 3630 quae

273 3631 387 3701 proprie
410 3629 484 3685 lovis
508 3631 677 3698 deorumque
701 3646 782 3684 saera
803 3629 877 3700 palis
897 3646 914 3684 a
933 3632 1026 3684 cetera
1045 3628 1157 3711 regione
1178 3629 1299 3685 discreta
1319 3634 1388 3696 erat,
1407 3634 1436 3686 et
1455 3632 1551 3687 derer-

275 3703 352 3757 soria
370 3701 611 3771 circumiacentiu,
633 3717 705 3770 quae
723 3701 915 3756 tabernaculis
933 3704 962 3755 et
980 3700 1110 3769 hospitiis
1129 3700 1256 3755 homines
1275 3701 1421 3772 epulantes
1440 3706 1470 3757 et
1489 3703 1550 3758 dor·

277 3773 396 3828 mientes
410 3772 592 3843 recipiebant.
627 3773 688 3826 Hae
710 3772 782 3826 duae
800 3776 895 3843 partes
909 3772 939 3825 in
952 3770 1071 3842 planitie
1091 3771 1127 3825 ad
1146 3772 1237 3841 ripam
1252 3773 1353 3843 Alphei
1372 3774 1444 3829 sitae
1463 3778 1551 3844 erent,

274 3846 348 3900 unde
372 3862 420 3899 eas
447 3844 589 3898 dimensus
617 3842 763 3913 Hercules,
789 3861 853 3898 oum
880 3860 960 3898 sacra
987 3843 1105 3912 faceret,
1129 3842 1268 3914 Alpheum
1296 3843 1400 3900 honore
1424 3845 1552 3902 affecisse

273 3915 377 3971 dieitur
394 3920 430 3984 (v.
445 3919 496 3986 ιιι),
515 3915 550 3969 iis
569 3915 721 3985 opponitur
739 3914 818 3970 collis
833 3914 958 3983 Cronius,
978 3914 1026 3983 qui
1041 3913 1164 3983 Saturni,
1182 3915 1271 3985 patris
1290 3915 1373 3983 Iovis,
1393 3934 1471 3972 sacer
1490 3920 1552 3972 erat

275 4019 307 4028 —
328 3994 369 4043 49.
390 3986 458 4057 μετὰ
478 3984 577 4041 δώδεκ’
600 3986 730 4040 ἀνάκτων
748 3991 837 4040 θεῶν·
857 4003 975 4054 quorum
994 4002 1065 4039 unus
1084 3984 1208 4055 Alpheus
1227 3990 1303 4053 enrt3
1323 3987 1387 4042 vide
1407 3988 1438 4044 0.
1454 4006 1497 4041 vs
1517 4020 1550 4029 -

274 4066 316 4113 οι.
331 4054 366 4121 ἇς
379 4059 511 4113 Doricum
524 4074 575 4128 pro
590 4054 641 4120 ἕως
658 4088 691 4096 -
703 4056 819 4139 βρέχετο
833 4061 921 4130 πολλᾷ
935 4057 1048 4126 νιφάδι·
1064 4057 1166 4111 audaci
1180 4057 1346 4128 metaphora
1359 4058 1450 4114 locum
1467 4063 1552 4114 antea

273 4128 434 4199 neglectum
448 4128 512 4184 nive
532 4128 663 4182 obrutum
682 4128 765 4195 droit,
785 4127 829 4181 his
844 4132 937 4182 autem
952 4127 1044 4183 verbis
1059 4128 1206 4182 mendacia
1220 4129 1351 4183 Eleorum
1366 4130 1550 4198 sacerdotum,

275 4199 323 4269 qui
342 4200 456 4253 Saturni
475 4198 611 4269 templum
629 4199 687 4252 iam
706 4216 790 4253 aureo
810 4216 879 4254 aero
903 4199 1048 4254 conditum
1073 4216 1134 4254 esse
1156 4200 1373 4269 fabulabantur,
1393 4219 1410 4255 a
1428 4201 1551 4255 Pindaro

155 4324 169 4348 0
274 4271 435 4352 impugnari
453 4274 536 4324 acute
555 4270 664 4323 monuit
682 4270 831 4338 Luehbert,
851 4271 891 4325 De
910 4270 990 4324 Pind.
1006 4288 1089 4325 carm.
1106 4274 1278 4341 Orpe-
1294 4277 1337 4327 ⁵2.
1357 4275 1389 4326 ut
1407 4273 1552 4326 hominurn
1601 4288 1609 4305 ⁸

274 4345 369 4413 partui
392 4345 428 4410 (v.
444 4342 475 4397 Ο.
490 4359 518 4394 vr
532 4346 582 4408 τι),
606 4341 645 4394 sic
664 4358 806 4395 sacrorum
824 4341 926 4412 origini
945 4342 1050 4396 Pareae
1075 4341 1203 4424 adstant,
1226 4344 1350 4397 futuram
1371 4347 1473 4398 sortem
1491 4361 1551 4397 eur-

276 4429 392 4481 sumque
411 4412 522 4466 felicem
542 4414 713 4481 augurantes
732 4443 766 4452 -
786 4418 827 4467 53.
848 4412 878 4466 in
895 4413 1073 4483 proverbium
1088 4413 1160 4468 abiit
1174 4413 1220 4467 hro
1234 4414 1321 4483 loeus,
1337 4415 1409 4468 unde
1425 4414 1550 4484 Xenoph.

275 4484 347 4538 Hell.
362 4503 393 4536 111
412 4500 437 4549 e,
453 4500 478 4538 ιι
497 4485 720 4552 συνεμαρτύρησε
743 4492 831 4538 ταῦτα
854 4485 929 4557 αὐτῷ
952 4486 1000 4538 καὶ
1024 4484 1038 4537 ό
1062 4483 1252 4554 ἀληθέστατος
1275 4484 1421 4555 λεγόμενος
1443 4484 1550 4556 χρόνος.

275 4556 397 4625 Tempus
416 4557 511 4608 autem
529 4557 559 4607 et
577 4554 682 4607 fernam
701 4555 772 4609 haee
790 4555 942 4609 tradidisse
960 4558 1045 4626 poeta
1066 4555 1150 4623 dixit,
1172 4560 1204 4610 ut
1224 4557 1254 4610 in
1274 4557 1433 4611 litterarum
1454 4573 1551 4611 monu-

275 4627 377 4681 mentis
391 4625 464 4679 nihil
478 4624 536 4680 tale
551 4629 660 4680 exstare
676 4625 848 4696 significaret
863 4657 895 4666 -
911 4633 953 4682 to.
971 4628 1003 4681 τὸ
1019 4625 1049 4680 δὲ
1069 4627 1138 4695 quid
1157 4628 1203 4697 sit,
1222 4628 1316 4682 verbis
1336 4627 1391 4682 ὄπα
1407 4673 1412 4683 .
1429 4672 1434 4683 .
1451 4672 1457 4683 .
1474 4649 1552 4683 νινα·

275 4694 402 4768 φορίαισλ
420 4716 449 4751 τε
469 4696 637 4767 explioatur,
663 4696 790 4767 σαφανὲς
808 4700 903 4751 eutem
922 4698 958 4751 ad
976 4698 1170 4768 praedicatum
1188 4696 1365 4769 κατέφρασεν
1384 4700 1552 4754 trahendum

275 4773 331 4826 est:
351 4768 423 4823 illud
442 4771 545 4838 autem,
565 4768 640 4838 quod
659 4767 740 4823 ludos
759 4768 893 4841 instituit,
911 4772 1021 4840 tempus
1040 4770 1222 4841 progrediens
1236 4770 1265 4823 in
1281 4770 1357 4825 clara
1371 4770 1433 4825 lues
1447 4770 1551 4841 posuit.
