3406 5378
325 392 410 447 XLVI
825 394 1102 447 Puonauounns.

324 578 452 621 omnem
484 556 549 622 vim
581 556 727 642 rhythmi
755 556 789 620 in
818 556 1010 642 gravissimo
1039 556 1102 621 hoc
1132 577 1249 641 genere
1278 557 1457 622 carminum
1485 558 1608 624 Dorico

327 665 531 749 pessumdari
564 687 667 749 aequo
700 663 809 728 animo
841 663 962 728 tulerit.
1010 663 1213 747 Quamquam
1245 664 1308 728 hoe
1336 666 1433 730 modo
1463 667 1610 730 nondum

327 793 439 837 omnes
462 772 606 837 rationes
630 771 832 856 rhythmicae
856 770 1241 855 dactylo-epitriticorum
1265 794 1416 836 versuum
1440 772 1609 857 expeditae

328 884 419 964 sunt,
452 883 577 944 restant
605 878 815 965 gravissimae
844 884 876 943 et
904 877 1116 942 difficillimae
1146 878 1354 962 quaestiones
1387 880 1425 943 de
1459 879 1608 963 pluribus

326 986 461 1070 pedibus
491 985 692 1071 simplicibus
720 987 755 1049 in
783 986 944 1050 unitatem
970 985 1061 1070 pedis
1090 984 1265 1070 compositi
1291 985 1610 1072 comprehendendis,

327 1094 365 1158 de
390 1093 508 1178 quibus
531 1098 646 1178 postea
669 1092 917 1178 disputabimus.

416 1201 470 1265 De
489 1222 677 1286 paeonum
697 1223 882 1265 mensura.
914 1199 1084 1264 Paeonicis
1103 1200 1137 1263 in
1157 1200 1305 1265 versibus
1320 1200 1504 1265 trochaicae
1519 1200 1609 1285 dipo-

325 1307 396 1372 diae
429 1330 528 1394 purae
562 1305 592 1395 (
611 1350 630 1376 c
648 1368 665 1376 -
683 1304 715 1394 o)
749 1307 876 1372 creticis
909 1307 1045 1392 pedibus
1079 1305 1105 1392 (
1128 1350 1146 1374 o
1165 1304 1196 1395 )
1227 1308 1389 1373 admixtae
1417 1313 1495 1372 sunt
1523 1307 1557 1372 Ο.
1583 1326 1609 1371 11

197 1481 202 1493 ,
327 1420 384 1479 atr.
404 1415 432 1480 8.
461 1438 509 1500 ap.
529 1416 558 1479 6.
591 1413 668 1478 P‚v
692 1416 796 1479 str.2.
823 1417 872 1479 11.
901 1437 949 1498 ep.
971 1417 998 1478 1.
1045 1413 1132 1478 Raro
1156 1413 1286 1498 quidem
1309 1415 1389 1481 haec
1417 1416 1608 1481 commixtio

326 1521 361 1585 in
384 1521 516 1586 Pindari
540 1521 738 1586 carminibus
762 1521 941 1606 invenitur,
965 1521 1020 1585 sed
1044 1521 1157 1586 crebro
1181 1521 1215 1584 in
1235 1521 1467 1608 Aristophanis
1486 1522 1609 1587 Plauti·

326 1650 387 1712 que
416 1628 550 1710 fabulis,
577 1650 681 1712 neque
710 1628 782 1693 aliis
809 1628 947 1692 modulis
971 1628 1074 1712 lyrica
1096 1651 1200 1713 pauca
1223 1651 1321 1712 quam
1345 1631 1472 1696 scenica
1495 1631 1611 1695 crebra

325 1735 472 1819 exempla
496 1735 705 1820 astringenda
728 1758 798 1800 esse
821 1741 920 1820 patet.
957 1734 1026 1800 Iam
1051 1759 1202 1801 versuum
1225 1759 1264 1800 ex
1287 1737 1468 1820 paeonibus
1492 1743 1525 1801 at
1544 1742 1610 1802 tro·

327 1841 448 1906 chaicis
473 1842 612 1926 dipodiis
636 1843 812 1907 mixtorum
836 1844 964 1908 easdem
987 1843 1131 1908 rationes
1154 1843 1256 1907 fuisse
1280 1849 1376 1928 atque
1399 1867 1550 1909 versuum
1568 1867 1609 1908 ex

325 1949 467 2033 epitritis
491 1955 524 2014 et
546 1949 683 2034 dactylis
711 1950 888 2015 mixtorum
916 1956 1035 2036 quotus
1065 1950 1201 2036 quisque
1231 1950 1293 2014 erit
1322 1951 1376 2034 qui
1405 1952 1472 2016 veri
1501 1951 1608 2016 simile

326 2078 396 2121 esse
424 2057 543 2142 neget?
593 2057 665 2122 Hoc
694 2063 804 2122 autem
831 2057 859 2122 si
886 2058 1077 2142 probamus,
1107 2057 1189 2121 illud
1217 2057 1355 2122 alterum
1383 2058 1543 2142 sequitur,
1570 2064 1610 2122 ut

326 2162 530 2247 dipodiarum
562 2164 801 2229 trochaicamm
833 2165 1003 2230 intervalla
1037 2164 1077 2228 ab
1111 2164 1289 2229 intervallis
1323 2165 1518 2230 ereticorum
1552 2170 1610 2229 aut

326 2270 409 2335 nihil
437 2277 494 2336 aut
521 2294 623 2357 paene
651 2272 733 2336 nihil
762 2272 943 2358 discrepare
967 2273 1189 2337 concedamus.
1236 2270 1358 2336 Verum
1382 2272 1413 2337 in
1438 2271 1608 2358 angustias

328 2378 566 2465 compellimur,
593 2381 679 2464 quod
706 2402 773 2444 non
802 2380 908 2445 solum
936 2385 1059 2444 veteres
1088 2378 1265 2464 rhythmici
1293 2401 1432 2464 paeones
1457 2379 1609 2464 quinque,

326 2507 392 2550 non
421 2508 477 2552 sex
504 2491 688 2572 temporum
712 2510 782 2553 esse
806 2489 937 2573 docent,
963 2488 1018 2552 sed
1042 2487 1140 2552 etiam
1164 2492 1279 2572 poetae
1302 2487 1451 2552 ultimam
1475 2488 1608 2573 longam

327 2595 417 2680 pedis
433 2594 544 2660 cretici
559 2617 654 2680 saepe
668 2595 702 2659 in
717 2596 796 2660 duas
812 2595 925 2660 breves
941 2594 1115 2659 solverunt.
1147 2592 1224 2658 Inde
1238 2616 1302 2678 quo
1313 2594 1409 2658 modo
1424 2594 1608 2660 trochaicae

326 2701 474 2785 dipodiae
500 2707 533 2766 et
556 2702 704 2786 paeonici
728 2703 824 2786 pedes
849 2701 1046 2786 exaequandi
1069 2701 1121 2765 vel
1143 2701 1343 2765 assimilandi
1369 2706 1490 2785 essent,
1520 2701 1608 2766 notis

326 2809 456 2894 signare
483 2809 579 2873 veriti
607 2831 718 2873 sumus
746 2813 779 2872 et
809 2813 978 2873 cantorum
1005 2807 1115 2891 potius
1144 2808 1329 2873 dexteritati
1358 2831 1423 2893 quo
1451 2814 1546 2893 paeto
1574 2809 1608 2872 id

325 2916 469 2982 facerent
500 2916 715 3001 permisimus.
762 2913 799 2978 Id
832 2915 938 2979 solum
971 2914 1148 2979 curandum
1176 2937 1246 2979 asse
1273 2916 1476 3001 putavimus,
1507 2921 1544 2980 ut
1574 2916 1609 2979 in

325 3023 471 3088 metricis
499 3023 672 3087 schematis
700 3043 840 3108 paeones
870 3027 904 3086 et
931 3021 1113 3086 trochaieas
1138 3021 1285 3108 dipodius
1309 3045 1411 3108 aequo
1435 3022 1608 3088 intervallo

327 3130 448 3195 distare
472 3130 728 3216 significaremus

416 3451 564 3517 Licentia
583 3452 649 3517 ista
666 3457 837 3537 poetarum
856 3450 890 3515 in
909 3451 1107 3516 carminibus
1125 3449 1290 3536 paeonieis
1308 3470 1368 3534 pro
1388 3449 1466 3531 pede
1487 3449 1607 3512 cretico

326 3558 527 3623 trochaicam
550 3559 714 3644 dipodiam
735 3557 925 3643 usurpandi,
948 3563 1116 3642 tamquam
1135 3580 1191 3622 sex
1211 3555 1241 3642 (
1260 3600 1278 3624 o
1294 3554 1362 3641 n),
1380 3576 1446 3619 non
1466 3553 1607 3638 quinque

327 3661 359 3752 (-
376 3708 395 3732 c
414 3664 444 3751 )
469 3670 654 3750 temporum
676 3666 813 3730 creticus
836 3688 893 3750 pes
918 3671 1015 3748 esset,
1043 3666 1106 3729 hoe
1133 3663 1282 3748 inprimis
1310 3662 1441 3728 nomine
1466 3661 1610 3746 offendit,

328 3773 414 3856 quod
446 3777 563 3837 natura
594 3795 803 3838 numerorum
833 3772 980 3858 flagitare
1008 3772 1150 3856 videtur,
1183 3778 1219 3836 ut
1247 3770 1318 3834 sola
1346 3769 1445 3855 longa
1471 3769 1609 3833 duarum

326 3901 492 3944 morarum
516 3879 638 3967 (μακρὰ
662 3877 829 3965 ὃίσημος),
850 3901 917 3944 non
940 3879 1040 3943 etiam
1062 3879 1162 3965 longa
1181 3879 1282 3942 trium
1301 3899 1466 3941 morarum
1485 3875 1609 3963 (μακρὰ

326 3985 498 4074 τρίσημος)
526 3987 561 4051 in
588 3988 667 4052 duas
695 3987 809 4051 breves
838 3986 993 4050 solvatur.
1039 3986 1148 4070 Atque
1178 3984 1289 4049 neseio
1317 4006 1358 4048 an
1386 3984 1447 4048 hae
1474 3983 1547 4068 ipsa
1573 4005 1608 4047 re

327 4100 452 4160 veteres
476 4095 593 4160 musici
617 4094 748 4158 adducti
771 4092 851 4177 sint,
873 4097 911 4156 ut
933 4114 1090 4177 paeonem
1109 4093 1195 4158 inter
1214 4091 1378 4176 simplices
1397 4090 1494 4175 pedes
1513 4090 1609 4155 reser-

328 4206 401 4266 rent
424 4223 562 4285 eumque
585 4223 705 4265 novum
729 4221 831 4286 genus
854 4198 1014 4283 rhythmi,
1038 4200 1173 4285 ῥυθμὸν
1196 4198 1364 4284 ἡμιόλιον,
1395 4197 1523 4262 efficere
1548 4201 1610 4261 sta·

327 4313 464 4373 tuerent.
499 4306 562 4373 Sed
581 4306 728 4392 quamvis
747 4306 813 4370 ista
830 4306 882 4370 lex
901 4311 1019 4370 natura
1036 4306 1109 4392 ipsa
1126 4307 1188 4371 niti
1202 4306 1351 4370 videatur
1366 4310 1399 4369 et
1412 4305 1446 4368 in
1462 4303 1609 4369 versibus

328 4435 368 4478 ex
391 4414 517 4478 duobus
541 4413 695 4478 membris
719 4413 916 4479 catalecticis
936 4413 1128 4498 compositis
1149 4412 1312 4500 (versibus
1333 4410 1550 4499 syncopatis),
1572 4415 1610 4474 ut

325 4521 361 4585 in
383 4526 587 4605 pentametro
611 4520 754 4606 elegiaco
778 4525 811 4585 et
833 4525 1024 4586 tetrametro
1048 4519 1188 4586 iambico
1212 4520 1454 4605 Aristophaneo

682 4657 878 4697 ,ἕω-νυ..
933 4655 1130 4704 Luce-w-

328 4865 455 4929 semper
483 4866 502 4909 a
529 4843 635 4929 poetis
664 4842 837 4911 observata
864 4847 928 4930 est,
955 4847 1065 4908 tamen
1090 4865 1129 4910 ea
1150 4865 1218 4910 non
1239 4843 1314 4908 inde
1337 4865 1357 4907 a
1378 4840 1539 4926 principio
1562 4840 1610 4905 ita
