3406 5378
686 361 835 412 rssflun
853 361 920 412 vus
938 359 1021 430 [vm.

296 523 420 607 Αἰγίνᾳ
444 525 596 608 Χαρίτων
618 523 743 587 ἀω-τον
765 521 957 607 προνέμειν,

296 629 420 713 πατρὸς
442 629 562 695 οὕνεκα
586 631 723 714 δίδυμαι
747 628 799 711 γέ-
838 708 848 723 ‚

342 758 440 800 νοντο
463 737 625 821 θύγατρες
642 735 853 801 Ἀ-σωπίδων

217 852 272 916 (20)
296 841 488 923 ὁπλόταται,
513 846 600 925 Ζηνί
619 865 654 906 τε
675 844 782 907 ίάδον
804 882 817 891 -
842 842 979 926 βασιλέι.

297 947 314 1012 ὃ
337 949 399 1013 τὰν
421 945 482 1032 μὲν
503 949 593 1033 παρά
615 951 780 1037 καλλιρόῳ

225 1073 259 1120 20
295 1058 405 1140 Δίρκᾳ
428 1056 636 1140 φίλαρμάτου
660 1097 674 1105 -
697 1059 812 1133 πόλιος
834 1055 876 1143 ᾤ-

339 1178 453 1226 κισσεν
477 1161 635 1247 ἁγεμόνα·

296 1337 332 1405 σὲ
356 1339 384 1405 δ’
414 1339 447 1416 ές
469 1349 574 1404 νᾶσον
598 1342 763 1405 Οἰνοπίαν
786 1340 929 1423 ἐνεγκὼν
1268 1347 1348 1428 Στρ.
1372 1342 1411 1424 γ’.
1457 1359 1492 1407 45

295 1456 446 1531 κοιμᾶτο,
470 1448 545 1511 δίον
568 1449 653 1511 ἔνθα
676 1444 765 1522 τέκες

296 1556 424 1619 Αἰακὸν
447 1554 696 1639 βαρυσφαράγῳ

340 1658 439 1746 πατρὶ
463 1662 661 1726 κεδνότατον
685 1658 901 1744 ἐπιχθονίων·
926 1660 944 1726 δ
966 1660 1022 1726 καὶ

216 1778 271 1843 (τι)
295 1770 488 1852 δαιμόνεσσι
511 1768 605 1842 δίκας
629 1766 712 1831 έπεί-

339 1895 446 1959 ραινε·
470 1883 529 1939 τοῦ
552 1870 613 1959 μὲν
635 1873 786 1939 ἀντίθεοι

224 2000 257 2047 25
295 1983 471 2067 ἀρίστευον
493 1979 580 2058 υἰέες
601 1982 653 2046 υἰ-

338 2091 402 2177 έων
425 2112 444 2152 τ
481 2087 652 2171 ἀρηίφιλοι
676 2129 689 2136 -
712 2089 828 2164 παῖδες
851 2085 972 2174 ἀνορέᾳ

337 2197 476 2280 χάλκεον
499 2192 663 2259 στονόεντ’
692 2234 706 2242 -
730 2193 893 2278 ἀμφέπειν
916 2194 1055 2277 ὅμαδον·

337 2299 510 2386 σώφρονές
533 2299 561 2366 τ’
591 2299 744 2383 ἐγένοντο
767 2305 919 2365 πινυ-τοί
939 2324 974 2365 τε
996 2305 1117 2386 θυμόν.

292 2418 396 2474 ταῦτα
419 2407 473 2472 καί
497 2407 654 2492 μακάρων
678 2405 863 2491 ἐμέμναντ’
891 2407 1024 2493 ἀγοραί,

213 2526 269 2591 (30)
295 2518 378 2592 Ζεὺς
401 2513 449 2579 ὅτ’
477 2512 562 2598 ἀμφὶ
588 2512 702 2591 Θέτιος
725 2513 823 2595 ἀγία-
1456 2535 1490 2582 eo

337 2625 374 2699 ός
396 2621 424 2686 τ’
452 2624 566 2706 ἔρισαν
590 2621 775 2685 Ποσει-δᾶν
798 2620 905 2708 γάμφς

285 2819 325 2869 17.
341 2813 481 2885 θύγατρες
495 2813 591 2869 Trici:
610 2809 765 2882 θυγατέρες
778 2812 809 2866 D
823 2844 856 2853 -
869 2811 1023 2869 Ἀσωπίδων
1037 2813 1071 2868 θ’
1088 2814 1147 2869 ὀπί.
1164 2814 1254 2883 codd,
1270 2813 1304 2868 θ’
1321 2815 1388 2870 eieo.
1404 2816 1490 2869 Pauw

213 2904 303 2955 neque
322 2885 425 2956 legisse
443 2885 576 2940 videntur
594 2883 680 2939 schol.
700 2915 734 2924 -
755 2889 796 2939 18.
816 2881 967 2938 όπίόταται
982 2885 1078 2940 Tricl:
1099 2882 1238 2939 όπίότατα
1254 2888 1283 2941 D
1296 2918 1332 2926 -
1345 2892 1387 2941 20.
1408 2887 1489 2940 ὤκισ-

214 2976 261 3012 σεν
280 2957 376 3012 Tricl:
396 2955 497 3029 ᾤκισεν
512 2958 541 3011 D
559 2988 593 2996 -
613 2961 655 3011 21.
676 2955 770 3025 ἔνεγκε
787 2961 871 3029 κοιμᾷ
886 2975 914 3009 τε
930 2955 1000 3010 coni.
1016 2956 1159 3011 Hermann
1173 2989 1208 2997 -
1222 2964 1264 3011 ⁴23.
1284 2956 1490 3032 βαρυσμαράγῳ

213 3029 283 3083 coni.
303 3028 473 3083 Herwerden
496 3061 529 3068 —
553 3033 595 3082 24.
621 3027 761 3094 ἐπείραινε
785 3026 880 3082 Tricl.:
907 3023 1036 3096 ἐπέραινε
1061 3028 1090 3082 D
1109 3059 1142 3068 -
1167 3034 1209 3083 δι’).
1230 3025 1370 3083 στονόεντ’
1391 3028 1489 3084 Triclz

212 3097 361 3155 στονόεντα
380 3098 409 3153 τ’
431 3099 460 3153 D
480 3129 512 3140 -
533 3104 574 3153 Ἡ.
595 3097 690 3165 ἔρισαν
709 3115 743 3153 ex
762 3096 876 3152 scholiis
895 3098 1080 3154 Benedictus:
1101 3100 1193 3168 ἔρισας
1212 3100 1241 3152 D
1261 3131 1292 3139 -

286 3248 325 3296 17.
345 3239 461 3309 πατρός·
482 3245 592 3310 patrem
610 3244 743 3310 Asopum,
763 3239 879 3295 fluvium
897 3240 1040 3311 Boeotiae,
1060 3241 1147 3295 luisse
1187 3240 1360 3310 atronymico
1376 3241 1489 3296 nomine

211 3314 333 3367 filiarum
351 3310 506 3367 Ἀσωπίδων
525 3316 610 3383 poeta
628 3311 773 3366 indicavit.
811 3310 898 3381 Asopi
922 3311 1045 3380 quinque
1063 3313 1137 3367 filias
1156 3261 1243 3367 liiisse
1262 3311 1351 3366 tradit
1370 3312 1451 3368 Paus.
1471 3333 1489 3367 v

212 3401 246 3453 sa,
261 3402 281 3455 o,
300 3383 417 3438 Pindari
435 3383 547 3453 quidem
567 3383 616 3437 ille
635 3382 797 3438 testimonio
816 3400 890 3453 usus,
910 3400 1007 3438 verum
1024 3401 1081 3437 non
1100 3384 1161 3451 hoc,
1181 3384 1230 3438 sed
1248 3382 1373 3453 pleniore
1393 3383 1488 3452 aliquo

216 3456 245 3512 tr.
260 3472 307 3510 seo.
341 3455 422 3508 Hunc
440 3455 532 3525 ipsum
551 3455 643 3509 locum
661 3453 777 3524 respicit
800 3453 870 3508 civis
893 3454 987 3509 nescio
1011 3455 1074 3523 quis
1093 3454 1256 3522 Thebanus,
1280 3471 1363 3523 quem
1386 3454 1489 3511 Herod.

211 3547 229 3580 v
247 3543 273 3581 eo
292 3526 332 3580 sic
351 3526 560 3581 contionantem
579 3525 660 3580 facit:
683 3524 803 3580 Ἀσωποδ
821 3522 949 3595 λέγονται
967 3526 1102 3595 γενέσθαι
1119 3524 1274 3594 θυγατέρες
1294 3525 1378 3651 &Aba
1391 3545 1421 3580 τε
1441 3527 1489 3581 καί

212 3598 310 3667 Αίγινα
336 3602 404 3666 ντί,
431 3615 603 3667 quamquam
629 3597 800 3664 Herodotus,
828 3615 891 3650 oum
915 3614 974 3651 rem
999 3600 1065 3651 ante
1089 3596 1162 3650 hanc
1186 3596 1334 3651 victoriam
1379 3597 1489 3651 leandri

211 3672 320 3738 gestam
340 3668 389 3723 illo
409 3668 471 3724 loco
491 3671 626 3739 exponat,
647 3667 690 3722 ita
708 3667 841 3736 loquitur,
861 3673 1007 3736 tamquam
1026 3673 1120 3722 orator
1138 3668 1193 3722 iste
1210 3671 1305 3723 vetere
1323 3668 1413 3736 lama,
1432 3686 1489 3723 non

211 3740 338 3795 Thebani
357 3740 432 3794 vatis
452 3739 613 3795 testimonio
637 3738 753 3794 nitatur.
789 3739 931 3792 Immerito
956 3742 1050 3793 autem
1073 3738 1206 3807 Phliasii,
1232 3743 1263 3792 ut
1287 3756 1355 3794 suae
1376 3739 1488 3821 patriae

211 3812 324 3866 leudem
343 3814 486 3882 angerent,
506 3810 633 3865 Thebam
651 3813 681 3865 et
697 3810 835 3881 Aeginam
853 3809 926 3864 filias
944 3809 1032 3864 fuisse
1050 3810 1198 3865 iactabant
1215 3827 1271 3864 non
1285 3810 1419 3880 Boeotrci,
1439 3812 1488 3866 sed

211 3883 254 3936 sui
273 3883 351 3937 fluvii
371 3882 467 3953 Asopi,
486 3899 542 3952 qua
561 3882 596 3936 de
615 3899 645 3936 re
663 3901 688 3935 v.
704 3881 786 3935 Paus.
801 3897 857 3951 115,
876 3897 888 3935 ν
908 3913 940 3921 -—
961 3887 1002 3935 17.
1022 3879 1145 3951 δίδυμαι,
1165 3881 1302 3951 geminae,
1322 3898 1379 3936 non
1398 3882 1488 3936 solum

211 3955 296 4023 duae,
322 3972 376 4023 quo
401 3953 520 4008 arctiore
539 3953 653 4007 vinculo
671 3952 799 4008 Thebani
818 3955 847 4007 et
864 3953 1020 4022 Aeginetae
1039 3953 1128 4008 teneri
1146 3953 1308 4007 viderentur
1326 3985 1361 3992 -
1379 3958 1421 4008 νδ.
1442 3975 1487 4023 φι-

211 4026 352 4096 ίαρμάτσυ
371 4023 477 4088 πόλιος·
505 4025 665 4079 Thebarum
684 4023 826 4078 curulibus
846 4023 948 4077 studiis
967 4023 1133 4093 insignium
1158 4026 1242 4092 atque
1261 4023 1344 4077 multi
1362 4024 1487 4093 profecto

211 4096 346 4165 Thebani,
367 4096 521 4168 Aeginetae
539 4095 610 4150 nulli
630 4095 775 4167 quadrigis
789 4094 890 4150 vicisse
909 4095 1035 4149 seruntur
1056 4127 1084 4135 —
1108 4102 1149 4149 21.
1170 4112 1212 4149 σε·
1232 4095 1386 4165 Aeginam
1405 4112 1487 4150 voca-

212 4167 308 4236 tivum,
323 4164 344 4222 ἀ
359 4167 467 4292 Αρμνα,
487 4167 616 4237 supplere
631 4165 812 4221 audientibus
827 4169 856 4220 et
869 4165 1028 4236 legentibus
1044 4183 1076 4221 eo
1091 4166 1203 4220 facilius
1223 4166 1385 4237 permittere
1403 4171 1488 4236 poeta

211 4239 310 4309 potuit,
330 4254 386 4307 quo
426 4255 527 4294 nomen
546 4237 655 4291 insulae
673 4238 815 4307 poeticum
833 4236 973 4293 Οἰνοπίαν
991 4237 1097 4292 adiecit
1116 4241 1145 4292 et
1163 4237 1250 4293 Aeaci
1270 4240 1389 4292 matrem
1404 4237 1486 4308 Aegi-

211 4328 276 4362 nam
301 4309 388 4363 fuisse
413 4309 553 4364 neminem
579 4308 740 4363 latebat-
762 4309 914 4363 Οἰνοπίαν·
941 4309 1024 4363 metri
1050 4326 1136 4363 causa
1159 4311 1293 4364 novatum
1316 4325 1418 4363 nomen
1436 4321 1487 4379 pro

214 4381 344 4435 Olabous
359 4413 391 4421 -
407 4386 449 4435 23.
465 4377 674 4453 βαρυσφαράγῳ
687 4376 784 4449 πατρί·
800 4379 868 4449 Iovi,
883 4380 931 4449 qui
945 4380 1065 4434 Homero
1080 4383 1124 4433 est
1140 4380 1305 4450 ἐρίγδουπος
1319 4382 1348 4434 et
1362 4380 1488 4448 εόρόοπα

213 4484 244 4491 -
264 4458 306 4505 24.
327 4449 489 4521 δαιμόνεσσι
507 4454 588 4514 δίκας
607 4450 761 4519 ἐπείραινε·
781 4452 877 4505 fictum
895 4451 948 4506 hoc
963 4468 1023 4506 esse
1038 4451 1151 4505 videtur
1165 4468 1197 4506 ex
1212 4467 1254 4519 eo,
1273 4452 1348 4520 quod
1364 4452 1486 4506 Aeaeum

210 4522 332 4576 iudicem
358 4523 434 4591 apud
459 4522 563 4576 inferos
587 4539 648 4577 esse
666 4522 854 4595 perhibebant
876 4526 912 4589 (v.
932 4523 1004 4577 Plat.
1024 4523 1105 4593 Apol.
1124 4539 1177 4593 αι,
1203 4521 1286 4592 Gorg.
1305 4526 1386 4592 asse);
1412 4526 1487 4578 certe

211 4611 282 4663 quas
301 4594 365 4648 lites
385 4593 440 4647 diis
459 4592 666 4663 diiudicaverit,
684 4592 757 4648 nihil
771 4593 921 4648 memoriae
935 4593 1078 4664 proditum
1092 4596 1136 4649 est
1151 4627 1183 4635 -
1199 4599 1241 4649 25.
1262 4595 1409 4661 ἀρίστευον
1424 4612 1486 4648 cum

210 4665 286 4719 idem
310 4666 384 4733 quod
408 4665 497 4719 δεινοί
520 4658 592 4735 ἦσαν
610 4664 719 4736 valeat,
745 4682 807 4719 cum
827 4665 966 4719 infinitivo
984 4665 1127 4737 ἀμφέπειν
1145 4665 1272 4720 iunctum
1291 4668 1335 4719 est
1353 4698 1386 4706 -
1406 4665 1486 4733 υἱέες,

210 4737 310 4791 Peleus
330 4736 465 4790 Telamon
487 4735 609 4805 Phocus,
633 4735 717 4792 νίέων
739 4738 851 4801 παῖδες,
870 4736 995 4792 Achilles
1013 4737 1086 4792 Aiax
1104 4738 1210 4791 Teucer
1231 4769 1262 4777 —
1287 4743 1329 4792 26.
1352 4735 1487 4807 μακάρων

208 4806 322 4879 ἀγοραί·
344 4807 384 4862 dii
403 4807 576 4863 immortales
594 4807 624 4862 in
643 4807 774 4863 contione
792 4807 982 4863 deliberantes
1002 4840 1036 4851 -
1055 4814 1097 4864 27.
1117 4809 1190 4880 ἀμφὶ
1212 4807 1309 4871 Θέτιος
1327 4807 1407 4882 γάμῳ
1426 4841 1459 4849 -
