3406 5378
280 320 345 385 260
748 324 897 375 eruerer
916 324 1081 375 errarem.

280 495 311 549 et
333 491 365 551 P.
385 509 440 549 vm
462 490 634 568 intercedit,
661 492 736 551 bene
759 490 927 568 disputavit
950 490 1035 567 Graf,
1060 490 1186 549 Pindars
1200 489 1416 568 logaoedische
1440 489 1555 568 Sieges·

280 589 409 659 gesange
436 600 465 656 p.
486 592 529 641 35.
554 614 596 621 -
621 578 746 639 Carmen
770 600 789 638 a
811 579 900 640 choro
928 580 960 638 in
986 599 1097 655 pompa
1125 579 1248 639 victoris
1275 599 1329 654 per
1355 579 1459 637 urbem
1487 598 1555 638 can-

280 672 378 727 tatum
398 687 460 728 esse
479 670 648 729 Boeclshius
667 670 837 745 suspicatus
856 673 909 745 est,
929 669 977 727 cui
997 669 1184 728 coniecturae
1203 668 1295 726 etiam
1314 668 1555 743 monostrophica

280 758 456 833 compositio
479 758 619 817 carminis
642 759 862 834 patrocinatur;
886 778 912 816 v.
931 758 1011 816 Prol.
1031 775 1071 815 ux
1089 761 1120 816 et
1138 776 1201 835 arg.
1219 757 1251 815 P.
1271 775 1321 816 ιιι.
1361 756 1472 826 Quodsi
1492 777 1554 815 car-

279 866 346 905 men
374 847 570 906 embaterium
598 847 658 906 fuit
680 847 712 905 in
735 847 871 924 dipodias
894 846 1037 924 divisum,
1067 847 1205 923 longiora
1228 864 1319 923 quam
1343 846 1419 905 alias
1442 846 1473 904 in
1496 846 1554 904 line

279 935 467 1014 singulorum
496 955 637 997 versuum
665 936 764 1012 spatia
793 939 963 1012 temporum
992 935 1128 994 inanium
1156 938 1248 994 erant.
1295 934 1448 1012 Citharae,
1477 955 1554 1011 quae

279 1025 401 1085 Aeolico
425 1025 550 1085 carmini
570 1026 701 1085 canendo
721 1044 812 1101 quam
831 1025 957 1084 maxime
977 1025 1084 1084 idonea
1102 1024 1170 1101 fuit,
1190 1024 1310 1101 saepius
1329 1016 1391 1104 (vv.
1407 1037 1431 1083 5.
1448 1037 1489 1083 14.
1504 1019 1554 1102 44)

279 1115 390 1173 mentio
409 1115 451 1173 fit.
484 1115 620 1191 Denique
640 1114 804 1173 Pindarum
823 1114 931 1190 ipsum,
945 1119 982 1172 ut
999 1115 1088 1173 choro
1103 1113 1275 1173 comissanti
1289 1113 1397 1172 fidibus
1416 1115 1554 1190 praeiret,

279 1202 388 1262 Thebis
411 1204 559 1280 Aeginam
582 1204 706 1281 venisse,
729 1221 832 1263 versus
857 1215 889 1262 ‘14
914 1203 1053 1263 declarat.

328 1375 482 1461 ’Ἀριστος
505 1375 697 1461 εὐφροσύνα
720 1378 834 1441 τόνων
848 1417 861 1424 -
875 1373 1076 1461 κεκριμένων
1358 1380 1436 1460 Στρ.
1457 1376 1499 1441 α’.

335 1485 458 1568 ίατρύς·
483 1485 520 1547 ort
541 1480 577 1548 dl
601 1481 702 1568 σοφαὶ

334 1593 470 1655 Μοισᾶν
492 1591 658 1674 θύγατρες
681 1587 791 1656 cordat

378 1694 502 1774 θέλξαν
524 1721 580 1760 νιν
603 1695 791 1780 ἁπτόμεναι.

335 1799 414 1867 οὐδὲ
437 1802 565 1888 θερμὸν
586 1803 679 1887 ύθωρ
704 1806 803 1868 τόσον
825 1825 863 1884 γε
885 1803 1040 1886 μαλθακά
1063 1804 1169 1887 τεύχει

300 1926 315 1973 o
335 1922 429 1993 γυῖα,
451 1912 572 1975 τόσσον
596 1910 729 1992 εὐλογία
753 1911 913 1994 φόρμιγγι
938 1909 1109 1994 συνάορος.

333 2017 420 2102 ῥῆμα
444 2014 476 2081 θ’
502 2017 673 2103 ἐργμάτων
696 2017 917 2103 χρονιώτερον
939 2017 1096 2101 βιοτεύει,

333 2125 351 2189 ὅ
374 2148 406 2188 τι
428 2147 464 2189 κε
487 2125 551 2189 σὺν
574 2128 727 2209 Χαρίτων
749 2125 832 2211 τύχᾳ

332 2236 465 2314 γλῶσσα
488 2232 611 2317 φρενὸς
634 2230 735 2309 έξέλοι
758 2233 906 2315 βαθείας.

332 2413 369 2474 τό
393 2433 449 2494 μοι
471 2408 574 2494 θέμεν
598 2410 749 2496 Κρονίδᾳ
772 2433 806 2474 τε
828 2407 875 2473 Al
890 2448 902 2457 -
917 2407 972 2473 καὶ
995 2408 1107 2496 Νεμέᾳ
1357 2413 1437 2495 Στρ.
1456 2409 1500 2494 β’.
1522 2428 1554 2474 lo

281 2534 314 2581 ιο
338 2517 547 2601 Τιμασάρχου
571 2540 605 2581 τε
628 2516 716 2604 πάλᾳ

331 2624 440 2707 ὕμνου
463 2626 654 2710 προκώμιον
677 2631 740 2707 είη·

377 2729 505 2808 δέξαιτο
529 2729 561 2795 δ’
587 2732 753 2795 Αἰακιδᾶν

349 2942 429 2977 viam
448 2941 551 2977 nacrro.
589 2923 673 2976 Inscr.
693 2939 745 2977 om.
765 2924 793 2977 B
812 2922 953 2991 stechel,
975 2922 1142 2995 Τιμασάρχω
1163 2925 1294 2997 Αἰγινήτῃ
1314 2929 1450 2996 παλαιστῇ
1470 2926 1500 2980 D
1519 2958 1552 2966 -

278 3000 302 3050 3.
325 2994 466 3063 θύγατρες
489 2993 615 3049 Schmid:
641 2992 795 3062 θυγατέρες
819 2996 885 3049 BD
908 3027 942 3035 -
962 2993 1082 3061 ἔθελξαν
1104 2981 1166 3050 1i¹⁰
1185 3028 1218 3037 -
1237 3017 1284 3052 νιν
1306 2993 1462 3066 ἁπτόμεναι
1486 2998 1553 3052 ΒΙ)

277 3069 307 3120 et
325 3064 425 3121 schol:
445 3063 649 3134 συναντόμενοι
668 3065 1100 3135 coni.LeutschPhilol.1e,es0‚
1120 3085 1235 3123 συναπτ.
1250 3067 1468 3136 Rauchenatein,
1487 3069 1552 3123 sort.

276 3134 438 3205 ἀρδομέναν
458 3168 491 3177 -
510 3144 534 3189 4.
554 3134 636 3190 τόσον
651 3137 733 3208 aya:
752 3144 851 3191 τόσσον
866 3137 928 3192 BD
942 3168 975 3177 -
990 3137 1080 3208 τεύχει
1094 3140 1170 3206 BD;
1190 3138 1263 3195 Plut.
1279 3140 1314 3193 de
1328 3142 1439 3208 tranqu.
1454 3157 1466 3194 s
1484 3138 1551 3193 aare

276 3208 385 3277 θερμὸν
404 3205 479 3275 ὕδωρ
498 3205 612 3261 τοσόνδε
631 3205 720 3276 τέγξει
738 3206 873 3275 μαλθακά
908 3216 956 3262 vla
976 3211 1048 3262 κατὰ
1067 3207 1213 3279 Πίνδαρον
1227 3243 1261 3251 -
1280 3215 1305 3266 8.
1323 3209 1400 3282 ἐξέλῃ
1420 3227 1452 3264 ex
1472 3210 1551 3265 scho-

278 3278 324 3333 liis
343 3279 448 3367 Bergk:
474 3279 560 3404 έξῧοι
579 3279 645 3332 BD
663 3311 697 3318 —
717 3285 741 3333 9.
760 3277 791 3333 τό
810 3299 857 3348 μοι
907 3278 972 3348 iD,
991 3277 1023 3333 τό
1041 3298 1093 3349 περ
1113 3282 1156 3335 B⁸
1175 3314 1208 3322 -
1229 3283 1264 3337 Δλ
1283 3281 1409 3338 Boeekh:
1430 3282 1469 3336 del
1488 3282 1552 3336 BD

276 3382 310 3391 -
330 3357 372 3406 11.
391 3369 481 3419 υμνον
549 3382 581 3390 -
1484 3394 1487 3398 Δ

347 3511 535 3547 comanrau.
563 3511 588 3546 v.
606 3500 619 3547 1
636 3511 676 3561 sq.
696 3492 834 3561 laborum,
848 3495 996 3563 postquam
1012 3495 1134 3548 secunda
1148 3495 1283 3576 suffragia
1297 3495 1373 3550 nacti
1394 3495 1458 3564 sint,
1478 3495 1550 3566 opti·

275 3581 351 3617 mam
365 3563 503 3618 medelam
519 3563 703 3618 festivitatem
717 3563 900 3633 epiniciorum
919 3581 979 3618 ease
998 3564 1129 3620 similiter
1146 3570 1262 3637 exponit
1278 3566 1313 3622 N.
1328 3586 1360 3620 111
1375 3584 1406 3622 re.
1426 3568 1446 3621 1.
1462 3586 1510 3620 vm
1526 3586 1550 3634 ες

276 3636 311 3690 de
325 3634 490 3706 metaphora
509 3635 606 3703 ἰατροῦ
626 3635 720 3689 confer
738 3634 859 3688 similem
878 3634 1029 3706 φαρμάκου
1048 3636 1172 3691 P.1v1ar
1192 3669 1225 3678 -
1245 3643 1268 3692 2.
1289 3641 1387 3707 σοφαί
1408 3638 1550 3709 sapientes

275 3706 350 3761 filiae
367 3707 510 3760 Musarum
530 3707 687 3761 cantilenae
707 3723 767 3761 esse
785 3706 974 3776 perhibentur,
994 3708 1069 3776 quod
1087 3712 1188 3779 poetae
1205 3709 1260 3779 ipsi
1274 3709 1440 3780 cognomine
1455 3719 1551 3778 σοφῶν

275 3778 414 3849 gaudent;
440 3777 474 3834 cf.
495 3777 526 3832 Ο.
546 3798 556 3830 1
574 3795 586 3832 ιι
606 3810 638 3818 -
658 3785 682 3832 3.
706 3777 812 3844 θέλξαν
831 3777 927 3831 aoristi
954 3779 1075 3849 gnomici
1096 3779 1152 3833 vim
1170 3780 1268 3836 habet:
1288 3780 1424 3835 condiunt
1442 3781 1550 3836 festivi-

274 3853 364 3904 tatem
382 3849 530 3903 dulcedine
549 3852 747 3916 attrectantes;
771 3849 806 3903 de
824 3849 942 3904 variatis
961 3854 1018 3905 tem
1039 3851 1134 3905 oribus
1152 3851 1182 3904 in
1201 3852 1347 3906 sententiis
1366 3852 1504 3921 gnomicie
1523 3871 1548 3908 r.

273 3920 308 3976 N.
328 3940 359 3973 ττι
378 3939 455 3975 ιο-
475 3927 499 3975 4.
519 3920 627 3989 θερμὸν
645 3918 735 3988 ὕδωρ·
756 3920 790 3974 of.
809 3921 904 3991 θερμὰ
922 3925 1022 3990 λοντρα
1042 3921 1073 3976 0.
1093 3941 1131 3975 εει
1151 3940 1175 3977 19
1194 3955 1229 3963 -
1248 3930 1273 3979 ό.
1291 3921 1399 3993 τόσσον,
1418 3941 1468 3993 pro
1488 3923 1549 3976 vul-

273 3993 337 4061 gari
356 3991 433 4046 όσον·
454 3991 488 4046 cl.
507 3991 587 4046 Hom.
602 3994 630 4049 Ξ
642 4009 688 4046 ιον.
718 3991 826 4046 Callim.
846 3993 876 4045 in
895 3995 946 4062 Ap.
961 4010 995 4057 οι,
1014 3992 1044 4046 in
1062 3992 1122 4047 Del.
1137 4009 1176 4048 are
1195 4025 1228 4034 -
1248 3992 1380 4065 φόρμιγγι
1400 3993 1548 4063 συνάορος·

274 4063 309 4118 cf.
324 4063 403 4117 Hom.
420 4062 469 4116 Od.
486 4081 535 4115 vnr
548 4080 574 4116 οο
589 4060 742 4132 φόρμιγγός
755 4061 788 4116 θ’
805 4062 823 4132 ἣ
838 4064 913 4117 δαιτὶ
932 4062 1067 4130 συνήορός
1086 4064 1142 4118 ἐστι
1155 4067 1267 4137 θαλείῃ,
1286 4066 1378 4137 Apoll.
1393 4067 1459 4136 Arg.
1474 4085 1495 4119 11
1510 4083 1547 4120 ror

274 4133 407 4203 φόρμιγγι
422 4136 566 4203 συνοίμιον
580 4132 678 4203 ύμνον,
696 4133 762 4188 Hor.
778 4133 806 4188 C.
821 4152 849 4186 τι
864 4151 884 4201 e,
899 4151 911 4187 ι
925 4136 1006 4189 verba
1025 4137 1120 4205 loquor
1132 4139 1264 4191 socianda
1277 4139 1385 4193 chordis
1398 4170 1433 4178 —
1449 4144 1473 4191 6.
1490 4137 1548 4207 ἐργ-

273 4204 380 4328 ρότων·
396 4205 473 4259 facta
487 4205 557 4274 ipsa,
572 4222 628 4258 non
642 4205 711 4259 ortis
727 4221 812 4275 opera
825 4204 1017 4274 intellegenda
1031 4223 1091 4261 esse
1106 4210 1268 4277 comparato
1281 4226 1362 4263 versu
1376 4226 1402 4264 aa
1417 4213 1548 4279 apparet;

293 4275 339 4330 inc
361 4275 520 4330 illustratur
543 4278 572 4329 et
595 4280 742 4330 excusatur
766 4275 843 4330 locus
867 4276 977 4331 Horatii
999 4276 1118 4332 multum
1141 4282 1259 4332 vexatus
1279 4279 1308 4333 C.
1327 4298 1355 4332 rr
1373 4296 1394 4347 a,
1415 4298 1439 4334 ra
1458 4298 1494 4335 es.
1514 4312 1547 4320 -

275 4353 298 4403 7.
318 4349 369 4400 σὺν
388 4345 516 4414 Χαρίτων
534 4346 617 4421 τύχᾳ,
641 4365 704 4400 cum
723 4347 883 4402 Gratiarum
903 4364 951 4401 seu
970 4349 1113 4402 Musarum
1132 4350 1254 4404 secunda
1278 4366 1343 4419 αρε,
1367 4351 1402 4405 cf.
1423 4351 1456 4404 N.
1475 4370 1503 4404 vr
1522 4368 1547 4406 rs

273 4418 324 4471 σύν
342 4422 414 4472 θεοῦ
432 4418 516 4491 τύχᾳ,
534 4417 568 4473 N.
584 4438 601 4470 v
614 4437 640 4472 rs
658 4418 831 4487 Μενάνδρου
850 4421 901 4473 σὺν
919 4419 988 4493 τύχᾳ
1008 4452 1041 4459 -
1061 4425 1085 4474 8.
1109 4420 1212 4490 φρενὸς
1231 4419 1364 4493 βαθείας,
1388 4438 1421 4476 ex
1440 4422 1500 4475 alta
1519 4426 1548 4476 et

273 4489 413 4559 profunda
433 4493 535 4557 mente,
556 4506 629 4559 quae
650 4490 687 4543 ad
707 4490 816 4544 viscera
837 4508 928 4544 rerum
948 4494 1088 4561 penetret;
1114 4493 1186 4546 conf.
1206 4495 1358 4563 βαθυμῆτα
1381 4490 1489 4561 Χείρων
1512 4493 1546 4549 N.

273 4578 304 4613 nr
322 4577 347 4615 se
366 4564 396 4614 et
413 4559 607 4630 Vergilianum
631 4569 687 4616 stat
712 4564 769 4616 alto
795 4570 881 4617 mente
899 4570 1032 4632 repostum
1053 4593 1085 4602 -
1106 4569 1130 4617 9.
1149 4563 1238 4632 θέμεν
1256 4581 1346 4632 poene
1364 4563 1440 4619 idem
1462 4567 1546 4634 atque

272 4631 419 4701 ἀναθέμεν
439 4633 622 4686 ‘consecrare'
644 4631 727 4700 valet,
747 4636 777 4685 ut
797 4632 830 4687 N.
846 4652 913 4697 1193
931 4634 1005 4686 lovis
1024 4636 1119 4687 autem
1137 4633 1271 4689 Nemeaei
1290 4635 1350 4689 ludi
1368 4640 1457 4704 erant,
1477 4653 1546 4705 quos

272 4703 469 4757 Timasarchus
485 4703 589 4758 vicerat
603 4736 636 4743 —
652 4705 820 4774 προκώμιον,
835 4708 867 4758 ut
882 4702 1037 4773 προοίμιον,
1053 4705 1213 4775 προαύλιον,
1228 4706 1347 4776 primam
1362 4711 1472 4776 partem
1486 4724 1545 4760 car-

272 4774 354 4828 minis
375 4774 477 4829 chorici
498 4775 639 4844 significat
660 4807 680 4813 --
