3496 5354
231 323 341 379 CXXVI
728 323 1012 376 ,Pssonauonana
1072 370 1076 377 .

230 487 353 553 Neleus
377 487 558 570 Melampus
577 484 688 550 Oileus
706 485 859 549 Theseus.
902 483 975 548 Una
997 483 1065 548 fere
1089 487 1196 548 aetate
1220 481 1419 565 antiquiores
1443 503 1514 547 esse

232 596 447 661 credebantur
478 593 605 659 Aeacus
638 592 820 657 Oenomaus
851 589 1010 676 Sisyphus
1039 589 1181 673 Oedipus
1209 589 1345 654 Perseus
1373 588 1513 674 Aegeus.

231 702 392 767 Auctores
433 722 510 766 vero
550 699 779 785 principalium
821 697 972 783 stirpium
1013 696 1201 762 ferebantur
1239 693 1426 761 Hellenicae
1462 696 1513 761 vel

231 806 391 873 Achaicae
420 806 612 891 Deucalion,
643 804 815 870 Thebanae
844 804 999 888 Oadmus,
1031 803 1161 868 Atticae
1188 801 1346 888 Oecrops,
1373 803 1513 889 Argivae

232 910 386 997 Inachus,
408 911 542 976 Troicae
566 909 750 995 Dardanus,
772 909 964 994 Pelopideae
987 909 1152 974 Tantalus.

438 1196 547 1263 Geloni
571 1194 705 1262 Theram
728 1195 924 1277 etdyrenas
947 1193 987 1259 ah
1011 1193 1145 1277 hagidis
1169 1193 1307 1262 deducti.

320 1339 478 1405 Pindarus
501 1339 536 1404 P.
555 1356 593 1403 lv
611 1340 654 1405 65
673 1338 885 1416 Arcesilaum,
909 1358 1004 1423 quem
1023 1360 1050 1402 a.
1069 1330 1135 1404 463
1155 1335 1251 1425 (462)
1270 1362 1297 1404 a.
1314 1337 1389 1404 Ohr.
1413 1339 1511 1423 quad-

232 1447 313 1533 rigis
336 1445 455 1531 Pythia
477 1447 594 1512 vicisse
619 1449 761 1531 constat,
789 1468 809 1509 a
831 1443 945 1529 Batto,
969 1444 1135 1509 conditore
1160 1441 1372 1529 Cyrenarum,
1396 1450 1512 1512 octavo

236 1554 338 1641 gradu
362 1553 551 1619 descendere
576 1551 713 1638 (ὄγδοον
736 1552 854 1617 θάλλει
877 1548 976 1637 μέρος
998 1549 1198 1637 Ἀρκεσίλας)
1222 1552 1311 1617 dixit.
1352 1552 1425 1618 Hoc
1443 1575 1514 1638 spa-

234 1661 318 1725 tium
341 1661 422 1725 bene
446 1660 599 1745 expletur.
616 1660 779 1725 aetatibus
804 1664 878 1724 octo
897 1679 1009 1743 regum
1030 1656 1291 1746 Cyrenaicorum,
1313 1680 1393 1745 quos
1412 1658 1514 1723 Hero·

233 1766 329 1832 dotus
353 1768 526 1851 1v159ss.
555 1770 588 1831 et
610 1765 798 1832 Heraclides
821 1765 914 1830 Pont.
937 1765 1029 1849 polit.
1051 1770 1086 1852 4,
1109 1768 1129 1831 3
1153 1771 1311 1832 recenset:
1339 1766 1430 1831 Batti
1453 1775 1513 1831 τοῦ

233 1876 391 1957 οἰκιστοῦ,
405 1872 563 1938 Arcesilai
573 1873 606 1957 1,
622 1872 711 1938 Batti
722 1872 763 1937 II.
777 1881 837 1937 τοῦ
848 1873 1055 1956 εὐδαίμονος,
1070 1872 1227 1938 Arcesilai
1237 1871 1279 1938 II.
1290 1883 1349 1938 τοῦ
1359 1879 1513 1958 χαλεποῦ,

232 1981 322 2046 Batti
342 1978 399 2045 111.
422 1989 482 2044 τοῦ
501 1986 621 2065 χωλοῦ,
644 1978 802 2044 Arcesilai
817 1977 886 2061 HL,
909 1978 998 2044 Batti
1014 1978 1062 2044 IV
1081 1989 1140 2044 τοῦ
1159 1985 1273 2064 καλοῦ,
1292 1980 1451 2045 Arcesilai
1465 1979 1513 2045 lv

232 2085 287 2174 (cf.
310 2086 443 2152 Boechh
461 2086 557 2170 Bxpl.
576 2085 723 2173 aseae).
764 2084 832 2151 Iam
855 2085 939 2150 idem
959 2085 1118 2150 Pindarus
1137 2086 1172 2151 P.
1191 2104 1227 2150 1v
1249 2089 1290 2153 10
1313 2087 1513 2153 sacerdotem

232 2194 423 2278 Delphicam
442 2192 577 2258 Battum
596 2193 612 2257 I
636 2193 861 2258 cohortantem
884 2193 1019 2277 induxit,
1043 2198 1080 2258 ut
1104 2200 1217 2259 vocem
1235 2193 1366 2260 Medeae
1389 2193 1514 2260 decima

234 2301 374 2387 septima
392 2305 497 2366 aetate
518 2298 657 2387 (ἑβδόμᾳ
674 2298 730 2365 καὶ
748 2302 812 2365 σὺν
830 2300 951 2387 δεκάτᾳ
964 2299 1075 2386 γενεᾷ)
1094 2305 1201 2365 ratam
1215 2301 1346 2366 faceret.
1382 2299 1515 2386 Septen·

231 2409 335 2474 decim
362 2408 422 2472 has
451 2412 574 2473 aetates
603 2407 729 2473 efficere
757 2429 824 2471 non
851 2406 928 2472 lieet
956 2428 973 2471 e
1000 2429 1135 2472 numero
1164 2429 1279 2494 regum
1302 2408 1353 2473 rel
1377 2407 1513 2472 heroum

233 2514 521 2602 proficiscentibus.
565 2513 710 2579 Primum
734 2514 830 2600 enim,
852 2514 880 2578 si
901 2513 1141 2599 expeditionem
1158 2513 1416 2601 Argonauticam
1434 2518 1525 2580 tem·'

133 2636 139 2647 ’
231 2623 365 2709 poribus
394 2620 558 2705 Polynicis
592 2626 625 2685 et
653 2620 802 2686 Creontis
836 2621 956 2686 factam
989 2643 1059 2686 esse
1094 2622 1282 2707 statuimus,
1313 2621 1512 2707 aPolynioe

232 2752 333 2814 usque
358 2730 397 2794 ad
420 2728 568 2813 Theram,
591 2727 645 2812 qui
670 2728 802 2793 colonos
825 2729 860 2792 in
883 2727 1023 2793 insulam
1046 2728 1185 2794 Theram
1208 2730 1377 2795 deduxisse
1401 2728 1514 2815 fertur,

234 2837 376 2922 quinque
395 2835 563 2900 hominum
583 2838 707 2898 aetates
728 2839 812 2919 sunt,
835 2834 999 2919 Polynicis
1017 2834 1213 2900 Thersandri
1233 2835 1396 2901 Tisameni
1414 2837 1513 2902 Aute-

232 2943 334 3009 eionis
357 2942 489 3008 Therae.
535 2940 709 3005 [testarent
736 2942 839 3027 igitur
867 2942 1035 3008 duodecim
1061 2947 1198 3029 aetates,
1226 2943 1344 3028 quibus
1367 2949 1404 3009 ut
1428 2942 1513 3008 colo-

231 3050 317 3114 niam
341 3048 520 3113 Theraeam
548 3048 588 3111 ad
611 3048 794 3132 remotiora,
819 3070 916 3132 quam
937 3049 1106 3133 probabile
1130 3055 1192 3133 est,
1220 3051 1341 3116 reicere
1364 3054 1513 3136 tempora

232 3178 429 3242 cogeremur.
485 3155 590 3219 Multo
623 3177 699 3220 vcro
731 3155 804 3239 plus
836 3156 870 3220 id
903 3156 1003 3240 valet,
1039 3157 1125 3240 quod
1157 3157 1245 3221 omni
1278 3157 1511 3243 probabilitate

231 3268 319 3328 caret
341 3263 376 3326 in
398 3285 499 3346 parva
516 3262 624 3327 insula
641 3261 810 3327 hominum
830 3263 1040 3328 mediocrium
1059 3264 1261 3330 sucessiones
1281 3265 1393 3330 eodem
1413 3265 1510 3329 modo

231 3374 328 3453 atque
356 3368 490 3433 heroum
519 3373 552 3434 et
579 3369 763 3453 principum
786 3368 929 3432 virorum
954 3374 1102 3434 accurate
1125 3375 1256 3436 notatas
1280 3375 1313 3436 et
1335 3371 1511 3436 memoriae

232 3476 401 3541 mandatas
429 3498 508 3541 csse.
555 3474 632 3540 Veri
662 3475 767 3540 simile
795 3475 896 3561 igitur
924 3497 993 3541 esse
1022 3475 1138 3540 merito
1163 3498 1237 3541 cum
1260 3476 1316 3541 alii
1339 3477 1401 3543 viri
1423 3477 1512 3543 docti

231 3588 302 3647 tum
321 3583 536 3667 Luebbertus,
554 3582 602 3648 De
618 3582 749 3647 Pindari
769 3582 885 3647 studiis
905 3582 1152 3669 chronologicis,
1171 3583 1303 3649 Bonnae
1320 3586 1404 3651 1887
1422 3608 1453 3670 p.
1468 3586 1511 3651 26
1532 3656 1535 3662 ,

232 3695 430 3774 statuerunt,
464 3689 681 3775 septendecim
711 3688 785 3753 illas
818 3693 942 3754 aetates
973 3695 1126 3775 computo
1156 3691 1304 3756 inventas
1333 3713 1403 3757 esse
1431 3696 1465 3757 et
1492 3715 1513 3758 a

230 3798 432 3882 temporibus
467 3797 616 3882 pendere,
650 3796 768 3880 quibus
800 3796 983 3862 sacerdotes
1013 3797 1163 3882 Delphici
1192 3797 1336 3884 Oyrenas
1363 3799 1511 3864 conditas

231 3926 301 3970 esse
325 3904 555 3991 cognovissent
578 3910 611 3969 et
635 3903 872 3989 expeditionem
895 3904 1150 3990 Argonauticam
1173 3905 1294 3972 factam
1316 3927 1387 3972 esse
1411 3911 1512 3972 statu-

230 4013 342 4077 issent.
397 4012 510 4096 ltaque
547 4011 576 4075 si
608 4007 750 4096 Cyrenas
782 4033 809 4075 a
838 4012 899 4077 631
940 4012 991 4076 vel
1023 4012 1121 4097 paulo
1153 4018 1230 4097 post
1261 4013 1409 4079 conditas
1440 4035 1512 4080 esse

232 4118 365 4204 optimis
403 4118 591 4183 auctoribus
629 4117 789 4183 credimus
826 4122 860 4183 et
891 4117 1023 4183 Pindari
1056 4118 1277 4205 Herodotique
1309 4121 1511 4209 temporibus

231 4224 275 4312 (v.
289 4224 365 4290 Her.
380 4241 405 4288 11
422 4222 500 4310 142)
520 4229 642 4289 aetates
661 4223 938 4309 chronologorum
958 4225 1036 4311 337,
1051 4248 1152 4291 annos
1167 4227 1313 4313 explesse
1328 4228 1512 4313 statuimus,

232 4332 489 4419 Argonautieam
517 4330 754 4414 expeditionem
781 4331 868 4396 circa
895 4353 922 4395 a.
950 4333 1034 4398 1200
1057 4357 1085 4399 a.
1105 4330 1193 4421 chr,
1220 4357 1286 4402 una
1311 4336 1380 4402 fere
1405 4341 1511 4402 aetate

232 4445 307 4505 ante
325 4438 448 4503 bellum
461 4437 636 4503 Troianum
650 4442 836 4523 susceptam
850 4460 919 4503 esse
934 4437 1090 4506 Pindarus
1106 4446 1140 4506 et
1153 4442 1347 4530 chronologi
1360 4442 1510 4529 aequales

232 4550 427 4612 statuerunt.

321 4653 373 4718 Ad
399 4657 602 4738 postremum
629 4658 667 4719 ut
694 4653 751 4717 uni
779 4653 949 4720 oculorum
971 4657 1158 4742 conspectui
1182 4659 1390 4746 genealogias
1415 4658 1512 4724 Grae—

233 4784 345 4830 corum
367 4761 503 4827 heroum
526 4761 759 4857 subiceremus,
787 4762 970 4848 exemplum
991 4763 1181 4850 Heynianae
1204 4768 1357 4833 editionis
1378 4766 1512 4853 Apollo·
