3406 5378
266 361 356 418 XXVI
770 365 1048 420 Psonauonaus.

266 549 339 591 rum
358 526 486 611 formis,
506 528 624 613 quibus
643 527 692 592 vis
712 527 863 612 ancipitis
883 528 1019 612 exprimi
1038 531 1160 613 potest,
1183 528 1287 594 alters
1304 527 1410 593 forma
1428 528 1545 614 longae

267 634 412 720 syllabae
437 656 503 699 una
524 639 681 720 usurpata
704 635 748 700 sit

354 864 499 932 Paeones
513 889 589 932 vero
603 867 690 951 quod
701 867 788 932 inter
797 867 964 953 dipodieos
974 868 1083 952 potius
1095 890 1191 952 quam
1202 868 1365 954 simplices
1376 870 1472 952 pedes
1482 874 1545 933 ret-

265 974 409 1057 tulimus,
423 975 548 1039 duabus
564 975 669 1040 causis
684 975 814 1040 adducti
829 997 950 1060 sumus,
962 975 1104 1060 primurn
1117 975 1203 1059 quod
1214 976 1350 1041 creticus
1360 997 1427 1061 pes,
1441 975 1544 1060 quiex

264 1081 400 1165 pedibus
415 1081 561 1164 paeonici
577 1082 704 1167 generis
719 1082 1001 1167 frequentissimus
1017 1087 1076 1167 est,
1090 1082 1231 1168 speciem
1245 1082 1394 1166 dipodiae
1408 1083 1546 1147 trochai-

265 1209 320 1253 cae
336 1187 542 1253 catalecticae
556 1188 665 1273 habet,
679 1189 792 1254 deinde
808 1190 893 1273 quod
904 1188 1041 1274 dipodiis
1052 1189 1226 1254 trochaicis
1241 1189 1352 1254 cretici
1365 1194 1398 1254 et
1406 1211 1545 1274 paeones

265 1317 361 1380 saepe
386 1294 550 1361 coniuncti
574 1295 795 1379 inveniuntur,
823 1295 912 1360 velut
934 1296 969 1359 in
991 1318 1087 1361 versu
1109 1296 1281 1361 notissimo
1304 1294 1544 1380 Aristophaneo

805 1431 811 1442 ·
906 1416 924 1452 ῡ
1012 1425 1154 1453 ww!

412 1490 512 1556 οὐδέν
537 1489 604 1555 ἐστι
627 1445 751 1574 baniols
774 1444 1167 1578 avesate-apexanes
1191 1490 1279 1578 (hys.
1303 1489 1402 1578 1014)

265 1622 298 1682 et
320 1617 356 1680 in
374 1615 507 1681 Pindari
527 1616 630 1700 ipsius
649 1618 796 1682 versibus
816 1616 851 1681 Ο.
867 1619 935 1682 118.
955 1641 1002 1703 ep.
1018 1620 1038 1682 6
1058 1623 1091 1683 et
1113 1616 1148 1682 P.
1163 1636 1187 1679 v
1201 1618 1230 1680 2.
1250 1639 1297 1702 ep.
1313 1618 1342 1682 2.
1357 1618 1384 1681 7.
1420 1615 1545 1693 Quibus

264 1729 374 1789 autem
393 1723 575 1788 rationibus
595 1722 690 1789 Plato
710 1721 763 1810 (de
782 1748 848 1809 rep.
863 1743 902 1788 111
920 1749 950 1810 p.
964 1726 1031 1790 400
1040 1722 1099 1812 A),
1122 1723 1318 1789 Aristoteles
1337 1722 1486 1811 (rhetm
1501 1721 1546 1811 8),

264 1831 495 1916 Aristoxenus,
521 1835 646 1895 veteres
674 1832 790 1897 musici
816 1854 928 1897 omnes
952 1833 1082 1897 adducti
1106 1833 1186 1916 sint,
1213 1837 1251 1896 ut
1273 1831 1359 1896 inter
1383 1831 1545 1915 simplices

263 1939 360 2024 pedes
388 1959 528 2024 paeones
556 1938 727 2023 referrent,
755 1939 817 2004 hoc
845 1939 918 2006 loeo
947 1962 1106 2025 exponere
1133 1940 1268 2025 longum
1296 1942 1346 2002 est
1372 1959 1477 2022 neque
1506 1939 1545 2003 ad

263 2068 332 2111 rem
355 2045 558 2131 propositam
582 2046 710 2110 attinet.

352 2152 511 2218 Bacchios
526 2156 558 2216 et
571 2152 696 2217 ionieos
712 2175 809 2239 supra
822 2177 888 2219 non
904 2155 1237 2237 commemoravimus,
1257 2154 1410 2237 quoniam
1424 2153 1459 2216 in
1472 2152 1545 2217 Pin-

242 2271 245 2278 '
262 2261 332 2325 dari
347 2259 544 2325 carminibus
560 2259 706 2324 continui
722 2267 755 2324 et
768 2261 889 2347 integri
903 2284 969 2327 non
982 2262 1205 2347 inveniuntur3
1220 2261 1372 2325 differunt
1386 2265 1495 2324 autem
1510 2260 1544 2324 hi

262 2391 281 2431 a
296 2367 412 2432 ceteris
427 2365 563 2452 pedibus
577 2368 778 2452 compositis,
793 2369 878 2453 quod
892 2391 959 2434 non
974 2369 1009 2433 in
1023 2369 1120 2453 pedes
1135 2368 1297 2452 simplices
1313 2368 1369 2432 sed
1379 2372 1545 2450 tamquam

262 2473 458 2559 principales
467 2473 564 2558 pedes
574 2472 697 2538 directa
711 2476 812 2540 visin
827 2477 925 2541 arsim
940 2482 973 2541 et
985 2476 1104 2541 thesim
1120 2476 1338 2556 solvebantur,
1350 2496 1544 2558 quamquam

262 2581 361 2645 etiam
376 2581 417 2645 ad
431 2579 667 2645 choriambioos
680 2587 713 2647 et
728 2584 900 2667 paeonicos
915 2585 1012 2669 pedes
1027 2583 1140 2648 referri
1154 2587 1292 2667 possunt
1307 2581 1431 2666 syllaba
1445 2581 1544 2666 longa

261 2687 381 2752 initiali
391 2687 519 2753 abiecta
528 2688 579 2752 vel
589 2688 725 2754 traiecta
735 2695 792 2754 aut
802 2691 950 2755 anacrusi
959 2690 1101 2755 iambica
1109 2690 1160 2754 vel
1171 2688 1358 2773 anapastica
1365 2688 1544 2772 praemissa

637 2836 871 2864 ..υυ-.υυ..
936 2837 1174 2865 uua-w:-

352 3006 407 3071 De
440 3006 612 3072 colorum
646 3007 863 3095 generibus.
910 3006 991 3074 Cola
1022 3012 1174 3075 constant
1206 3008 1341 3074 minima
1372 3032 1410 3074 ex
1438 3009 1544 3073 tribus

263 3114 401 3201 pedibus
426 3113 643 3199 simplicibus,
665 3116 755 3181 velut

263 3328 423 3413 Pleraque
447 3350 484 3392 ex
510 3334 583 3394 octo
607 3328 744 3413 pedibus
768 3328 968 3414 simplicibus
993 3329 1060 3394 sive
1082 3330 1206 3394 duabus
1225 3329 1363 3414 dipodiis
1383 3332 1545 3413 constant,

263 3436 346 3501 unde
379 3458 452 3500 cum
485 3440 542 3499 aut
569 3435 721 3520 dactylici
750 3439 806 3498 aut
833 3434 991 3501 trochaici
1019 3442 1077 3501 aut
1104 3435 1284 3523 logaoedici
1312 3440 1370 3500 aut
1396 3435 1544 3520 paeonici

264 3543 391 3630 generis
416 3542 482 3607 sint
506 3547 539 3607 et
561 3547 618 3607 sut
640 3543 735 3629 plene
759 3546 929 3608 excurrant
953 3548 1011 3609 aut
1033 3545 1068 3607 in
1090 3544 1154 3608 fine
1173 3543 1326 3607 mutilata
1344 3539 1543 3629 (κατάληκτα

262 3649 282 3734 ἢ
306 3648 613 3737 βραχυκατάληκτα)
637 3650 717 3734 sint,
740 3650 801 3714 has
825 3650 964 3714 evadunt
987 3650 1111 3716 formae
1135 3649 1339 3735 potissimae:
1566 3647 1568 3652 ’

263 3757 424 3842 (labbyllca
511 3786 587 3826 Lw
610 3818 626 3826 -
649 3800 686 3826 υυ
707 3805 725 3826 .·.
747 3799 843 3825 w--
916 3784 1183 3825 immeo-
1260 3785 1276 3824 J.
1299 3797 1336 3824 υυ
1358 3817 1374 3824 -
1397 3796 1465 3824 we.
1510 3816 1526 3823 -

262 3864 430 3929 trochaica
508 3892 843 3935 ahalma
912 3890 1184 3934 shore-
1266 3891 1271 3919 τ
1358 3925 1374 3932 -
1447 3908 1464 3931 2
1509 3921 1526 3930 .

262 3971 451 4057 loglloedlca
500 4000 674 4042 Auo-uu
705 4017 722 4040 .·.
753 4003 844 4040 υ-ῦ
905 3999 1181 4040 insumunt)-
1264 3998 1324 4027 ἴ·

264 4078 579 4148 choriambicasoo
610 4141 626 4148 -
698 4121 814 4148 nso-
913 4106 918 4133 ÷
1005 4136 1023 4146 .
1085 4123 1102 4146 s
1166 4137 1182 4144 -
1257 4104 1262 4131 =
1358 4138 1374 4145 -

263 4185 420 4269 paeonica
516 4213 521 4240 :
1258 4245 1275 4251 -
1356 4244 1372 4252 -
1446 4243 1463 4251 -

265 4291 383 4375 quibus
397 4291 511 4357 formis
525 4293 782 4379 tetrapodiarum
796 4292 932 4358 totidem
947 4291 1104 4357 accedunt
1117 4289 1267 4354 anaerusi
1283 4295 1405 4373 auctae,
1423 4288 1543 4374 partim

264 4398 502 4483 anapaesticus,
525 4400 646 4485 partim
669 4401 840 4484 iambicae,
863 4399 983 4485 partim
1010 4398 1135 4462 ionicae
1159 4400 1192 4460 et
1215 4395 1413 4463 bacchiacae.

351 4503 494 4569 Maxima
512 4508 585 4572 cola
602 4508 637 4572 in
654 4507 794 4573 iambico
815 4528 945 4593 genere,
970 4506 999 4571 si
1017 4504 1182 4570 veteribus
1201 4504 1394 4588 rhythmicis
1402 4502 1427 4590 l)
1446 4504 1544 4568 fidem

262 4611 434 4694 habemus,
458 4634 497 4678 ex
520 4636 576 4679 sex
600 4615 736 4698 pedibus
760 4613 962 4700 simplicibus
987 4616 1151 4694 constant,
1174 4611 1263 4676 velut

354 4714 562 4823 anstais,
582 4752 634 4807 me
652 4753 821 4824 sagmata
839 4752 897 4806 una
917 4751 963 4806 ue
981 4751 1132 4806 senecae
1152 4751 1202 4806 ser
1220 4749 1414 4821 griechischen
1432 4751 1542 4822 anyth-

262 4822 353 4878 milrer
370 4842 397 4895 p.
413 4829 446 4877 37
466 4827 495 4879 at
514 4830 565 4879 123
577 4841 613 4880 ss.
