3406 5378
282 336 347 399 212
747 341 895 392 Ριιιιιιιει
913 341 1079 394 aermon.

294 513 456 577 arestone
479 503 585 567 αίνεϊν
607 499 663 567 καὶ
686 503 745 567 τὸν
768 501 892 588 ἐχθρὸν

346 606 445 674 παντὶ
467 615 567 697 θυμῷ
592 611 655 674 σάν
678 633 714 692 με
738 611 814 697 δίκᾳ
836 611 919 675 καλά
943 608 1064 695 ῥέζοντ’
1093 613 1236 675 ἔννεπεν.
1502 629 1551 675 170

345 721 481 781 πλεῖστα
503 717 685 782 νικάσαντά
708 733 744 782 σε
767 716 822 782 καὶ
845 722 988 793 τελεταῖς

346 824 461 908 ὡρίαις
484 822 520 888 ἐν
544 825 721 900 Παλλάδος
744 819 850 906 εἶδον,
873 826 1006 908 ἄφωνοί
1026 822 1060 888 θ’
1088 823 1133 900 ὡς
1156 822 1289 888 ἕκασται
1312 827 1473 908 φίλτατον

273 1001 277 1008 ,
344 929 545 1016 παρθενικαὶ
568 933 667 996 πόσιν
691 930 712 1014 ἣ
1500 951 1549 997 175

277 1053 326 1101 100
345 1039 422 1102 υίὸν
445 1036 585 1123 εὔχοντ’,
608 1035 634 1103 ὦ
663 1043 906 1124 Τελεσίκρατες,
930 1041 1044 1122 ἔμμεν,

346 1268 381 1334 ἕν
402 1267 609 1354 Ὀλυμπίοισί
629 1293 663 1334 τε
686 1269 741 1335 καὶ
763 1273 980 1354 βαθυκόλπου
1353 1275 1433 1353 Στρ.
1457 1269 1493 1334 ε’.

346 1380 413 1453 Γᾶς
436 1376 585 1459 ἀέθλοις,
608 1381 645 1441 ἕν
668 1401 702 1442 τε
726 1376 780 1442 καὶ
803 1387 904 1443 πᾶσιν

345 1483 540 1569 ἐπιχωρίοις.
587 1481 641 1568 ε’μὲ
665 1483 693 1547 δ’
724 1480 771 1549 ὧν
795 1508 844 1559 τις
867 1484 986 1548 ἀοιδάν

344 1590 456 1669 διψάδ’
485 1591 676 1676 ἀκειόμενον
699 1591 836 1676 πράσσει
860 1590 954 1675 χρέος
978 1587 1071 1666 αὖτις
1094 1589 1215 1675 ἐγεῖραι
1497 1609 1547 1655 180

345 1807 387 1857 90.
403 1802 454 1856 σόν
468 1821 499 1870 με
514 1802 584 1856 coni.
602 1801 726 1857 Boeclrh:
742 1801 793 1855 σόν
807 1820 836 1855 τε
851 1801 930 1855 codd.
947 1804 975 1855 et
989 1801 1075 1855 schol.
1090 1832 1123 1842 -
1139 1806 1180 1856 97.
1196 1800 1284 1868 νικήσ.
1300 1801 1362 1855 BD
1377 1833 1409 1839 -
1426 1805 1468 1855 98.
1484 1800 1545 1855 ἕκα-

273 1891 336 1927 σται
350 1875 389 1928 B:
410 1873 511 1927 ἑκάσια
527 1874 556 1927 D
575 1906 606 1913 —
628 1880 670 1928 99.
689 1877 851 1946 παρθενικᾴ
869 1871 962 1942 Bergk
981 1904 1013 1911 —
1033 1870 1050 1940 ἢ
1070 1872 1163 1926 codd:
1184 1870 1214 1925 nl
1233 1869 1260 1925 δ’
1277 1871 1347 1925 coni.
1363 1871 1493 1941 Hartung
1514 1906 1541 1911 —

274 1950 332 1999 101.
354 1943 383 1998 ἔν
396 1943 423 1998 τ’
437 1943 488 1999 Ὀλ.
504 1945 607 2013 BDE,
627 1943 652 1998 τ’
670 1944 736 1998 elec.
752 1945 820 2012 Βμι.
836 1976 871 1983 -
887 1949 944 1998 103.
965 1942 993 1996 δ’
1010 1939 1049 1997 ὦν
1063 1943 1219 1997 Hermann:
1239 1941 1266 1995 δ’
1284 1939 1334 1997 οὖν
1351 1943 1451 2008 ΒΒΕ,
1467 1942 1495 1998 δ’
1512 1944 1545 1997 οὔ

273 2015 376 2069 lemma
395 2016 455 2070 cod.
474 2016 502 2070 B
520 2048 554 2056 —
574 2015 677 2070 ἀοιδάν
702 2013 804 2083 διψάδ’
826 2032 859 2069 ex
885 2014 970 2069 schol.
990 2015 1143 2069 Hermann:
1170 2015 1272 2068 ἀοιδᾶν
1298 2011 1387 2082 δίψαν
1413 2016 1492 2068 codd.
1512 2048 1546 2053 —-

272 2158 308 2212 ab
327 2158 447 2213 Homero
465 2158 497 2213 Il.
513 2177 579 2212 xviri
594 2174 645 2222 1⁴13
665 2174 761 2212 versus
780 2157 864 2212 Nerei
883 2157 943 2227 ipse
961 2176 1017 2211 non
1037 2161 1163 2212 servatus
1182 2159 1273 2211 est-
1289 2162 1330 2211 96.
1351 2157 1401 2211 σόν
1416 2176 1445 2227 με
1466 2155 1543 2232 δίκα·

271 2230 358 2283 etiam
378 2230 570 2284 adversarium
588 2228 700 2283 laudari
719 2232 837 2300 oportet,
857 2228 881 2282 si
899 2229 1013 2298 quidem
1035 2246 1097 2282 cum
1118 2228 1230 2282 iustitia
1247 2227 1393 2298 praeclara
1408 2228 1496 2283 faciat
1511 2262 1543 2268 -

270 2306 313 2354 98.
327 2306 448 2364 τελεταῖς
463 2299 559 2369 ὡρίαις
573 2301 603 2355 ἐν
616 2301 775 2364 Παλλάδος·
791 2301 1001 2355 Panathenaica
1016 2317 1096 2354 sacra
1111 2300 1156 2369 (cf,
1168 2299 1198 2354 Ο.
1213 2319 1244 2352 ιιι
1258 2303 1296 2367 ιι)
1310 2299 1451 2369 intellegit
1465 2300 1543 2354 scho-

269 2371 364 2440 liasta,
378 2376 462 2441 recte,
477 2377 509 2426 ut
521 2371 591 2426 mihi
606 2372 719 2441 quidem
735 2372 854 2439 videtur,
869 2371 1097 2441 quandoquidem
1115 2373 1145 2425 in
1164 2370 1325 2425 domesticis
1345 2371 1418 2424 ludis
1437 2371 1544 2439 Libyae

269 2443 468 2498 Telesicratem
481 2445 637 2499 vincentem
647 2444 785 2497 Pindarus
799 2443 894 2497 videre
903 2460 959 2497 non
969 2444 1070 2513 potuit,
1080 2443 1196 2497 verbum
1208 2445 1304 2496 autem
1319 2438 1404 2511 εἶδον,
1419 2442 1443 2495 si
1459 2443 1544 2497 tertia

269 2531 390 2585 persona
415 2515 521 2569 dictum
547 2518 632 2583 esset,
659 2515 735 2569 omni
761 2514 855 2586 gratia
880 2515 1086 2570 destitueretur.
1123 2513 1327 2568 Difficillimum
1346 2530 1411 2567 vero
1435 2514 1472 2567 ad
1496 2531 1543 2568 ex-

268 2587 436 2656 plorandum
461 2591 516 2654 est,
543 2604 679 2655 quosnam
704 2585 786 2640 ludos
812 2588 896 2656 poeta
941 2585 1055 2640 roximis
1081 2584 1174 2638 verbis
1200 2585 1231 2639 ἐν
1253 2582 1423 2654 Ὀλυμπίοισί
1446 2604 1475 2639 τε
1494 2588 1541 2639 καλ

268 2656 452 2729 βαθυκόλπου
467 2662 525 2721 Γᾶς
543 2657 656 2720 ἀέθλοις
675 2657 883 2728 significaverit.
939 2674 1086 2711 ermannus
1106 2656 1218 2724 quidem
1238 2672 1330 2725 opusc.
1347 2675 1384 2708 vu
1403 2674 1440 2710 ιιι
1461 2656 1542 2710 ludos

268 2728 429 2799 Olympicos
451 2728 656 2799 Delphicosque
675 2727 839 2799 intellegere
858 2745 914 2782 non
931 2728 1081 2783 dubitavit.
1116 2731 1154 2782 At
1173 2730 1205 2780 ut
1218 2727 1331 2781 mittam
1346 2727 1542 2782 obscurissime

267 2800 360 2854 verbis
384 2804 442 2863 Γᾶς
464 2798 648 2872 βαθυκόλπου
671 2798 821 2870 Delphicos
840 2798 922 2853 ludos
941 2799 1073 2866 indicari,
1093 2815 1128 2852 ne
1147 2798 1308 2868 Olympicos
1327 2798 1441 2867 quidem
1460 2798 1541 2853 ludos

267 2871 504 2926 commemorandi
532 2875 614 2941 aptus
643 2870 688 2924 hio
716 2870 793 2925 locus
821 2875 896 2939 erat3
925 2870 1068 2924 verissime
1096 2869 1170 2923 enim
1198 2869 1351 2923 scholiasta
1379 2870 1540 2926 adnotavit:

264 2940 434 3013 Ὀλυμπίοις
462 2943 495 2996 od
521 2951 577 3004 τοῖς
603 2941 633 2996 ἐν
652 2939 707 2996 Πίσ
752 2950 815 2996 νῦν·
843 2943 875 2995 οὐ
895 2941 948 3010 γὰρ
967 2940 1004 2994 διν
1023 2940 1109 3005 οὕτως
1128 2941 1243 3031 ἔρριψεν
1263 2941 1356 3003 ἁπλῶς
1374 2942 1424 2995 τὸν
1442 2940 1540 3011 λόγον·

266 3032 321 3082 quo
336 3013 453 3081 accedit,
468 3014 543 3082 quod
557 3013 695 3067 Pindarus
708 2962 744 3067 iil
765 3013 871 3083 mpicos
891 3013 971 3068 ludos
990 3030 1128 3082 nusquam
1149 3014 1287 3083 Ολύμπια,
1302 3014 1351 3066 sed
1368 3012 1541 3082 Ὀλυμπιάδα

267 3085 312 3139 vel
328 3083 478 3155 Ὀλυμπίας
500 3086 597 3154 ἀγῶνα
621 3084 697 3139 dicit.
736 3031 814 3149 (inae
837 3087 932 3138 autem
950 3084 1026 3138 idem
1045 3083 1197 3139 scholiasta
1216 3083 1328 3137 addidit
1346 3084 1416 3138 ἀλλὰ
1434 3094 1492 3147 τοῖς
1511 3085 1541 3138 ἐν

262 3153 406 3224 Ἀθήναις,
432 3156 462 3210 ἐκ
480 3164 578 3210 κοινοῦ
597 3155 751 3222 νικήσαντα
770 3151 847 3210 εἶδον
871 3157 916 3210 καὶ
943 3156 973 3210 ἐν
995 3165 1053 3219 τοῖς
1071 3155 1219 3226 ἀγομένοις
1237 3157 1324 3225 ἀγῶσι
1342 3163 1375 3224 τῇ
1395 3160 1448 3227 Γῇ,
1467 3155 1541 3226 λέγει

265 3227 296 3281 δὲ
313 3227 342 3281 ἐν
358 3225 503 3294 Ἀθήναις·
523 3228 554 3281 τό
573 3225 604 3281 δὲ
623 3235 681 3296 γῆς,
701 3225 743 3280 ότι
762 3228 810 3280 καὶ
829 3228 914 3294 αὐτῆς
932 3228 1008 3297 ἀγὼν
1027 3229 1123 3297 ἄγεται
1143 3226 1174 3280 ἐν
1191 3225 1328 3295 Ἀθήναις,
1348 3226 1384 3289 ὥς
1403 3245 1471 3296 φησι
1491 3231 1539 3281 Δί-

265 3302 364 3368 δυμος,
383 3298 453 3352 haec
471 3316 571 3369 parum
591 3298 661 3352 mihi
678 3298 841 3367 probantur,
861 3297 1088 3367 quandoquidem
1107 3315 1170 3351 cum
1189 3297 1327 3367 Olympiis
1346 3298 1432 3352 sacris
1452 3298 1539 3353 Athe-

265 3369 408 3424 niensibus
427 3369 509 3424 ludos
528 3369 692 3424 coniunctos
711 3369 806 3437 fuisse,
825 3369 897 3422 nihil
911 3370 1060 3424 memoriae
1074 3370 1217 3439 proditum
1232 3373 1276 3422 est
1290 3368 1538 3438 (v.Prol.cxxx1x),

265 3444 294 3495 et
311 3458 379 3494 num
394 3441 564 3511 epheborum
578 3446 719 3495 certamen
733 3440 832 3495 Scirris
847 3441 1008 3495 institutum
1022 3441 1209 3510 (v.Athen.r1
1223 3459 1249 3509 p.
1260 3457 1299 3495 ιιι
1308 3441 1339 3509 l.)
1354 3440 1390 3493 ad
1406 3439 1538 3495 Thesmo-

264 3512 364 3582 phoria
383 3512 443 3566 sive
462 3530 542 3566 secra
560 3513 681 3583 Magnae
701 3512 769 3566 deae
789 3512 899 3567 trahere
918 3512 1011 3579 liceat,
1030 3512 1083 3565 viri
1103 3512 1179 3565 docti
1199 3511 1337 3565 dubitant.
1377 3511 1425 3564 Sin
1444 3515 1540 3566 autern

263 3584 447 3637 Athenienses
466 3584 548 3638 ludos
563 3583 708 3654 Olympios
727 3587 756 3637 et
770 3583 1003 3654 Thesmophorios
1022 3581 1185 3651 intellegere
1204 3583 1304 3636 merito
1324 3582 1446 3650 dubitas,
1466 3583 1538 3637 nihil

262 3654 431 3724 relinquitur
453 3672 539 3726 quam
561 3658 594 3708 ut
616 3655 689 3709 inter
714 3654 795 3709 ludos
820 3655 987 3709 domesticos
1011 3658 1040 3707 et
1062 3654 1182 3722 Libycos
1201 3654 1247 3722 (cf.
1263 3672 1288 3708 v.
1304 3656 1339 3722 ro)
1359 3653 1444 3707 etiam
1464 3655 1538 3708 loris

263 3726 386 3796 Olympii
405 3729 434 3780 et
448 3725 568 3781 Telluris
587 3726 669 3780 ludos
688 3727 783 3793 fuisse,
803 3729 832 3780 et
849 3726 965 3780 verbum
980 3720 1065 3792 εἶδον,
1083 3741 1145 3777 cum
1159 3724 1270 3795 proprie
1286 3725 1323 3778 ad
1338 3725 1538 3779 Panathenaea

262 3800 379 3867 spectet,
390 3798 477 3852 etiam
492 3798 528 3852 ad
543 3803 650 3852 eeteros
663 3797 744 3851 ludos
756 3800 902 3867 zeugmate
915 3815 932 3851 a
943 3799 1028 3867 poeta
1040 3799 1161 3849 tractum
1174 3813 1234 3849 esse
1247 3800 1356 3850 statuas
1367 3828 1402 3835 -
1412 3802 1453 3851 90.
1467 3816 1538 3864 παρ-

261 3870 377 3924 θενιιιαλ
391 3868 481 3937 πόσιν,
497 3867 514 3937 ἦ
530 3874 681 3939 (γυναῖκες)
695 3869 758 3923 υλὸν
778 3867 887 3939 εὔχοντ’
904 3869 999 3938 ἔμμεν·
1020 3867 1108 3921 menti
1118 3872 1223 3992 poetae
1237 3866 1441 3921 obversabatur
1459 3868 1536 3921 Nan-

262 3939 338 3995 sicaa
358 3941 434 4010 apud
452 3941 532 3995 Hom.
553 3940 603 3995 Od.
624 3959 653 3994 ιιι
674 3957 713 3995 ιιι
732 3943 845 4010 optans:
874 3940 904 3993 αί
921 3939 973 4009 γὰρ
994 3939 1055 4009 ἐμοὶ
1073 3958 1116 3992 τοι
1134 3941 1181 3992 σδε
1200 3936 1280 4000 πόσις
1299 3937 1465 4007 κεκλημένος
1485 3939 1535 4008 εἴη.

333 4018 384 4065 103
399 4029 433 4065 ss.
461 4011 636 4081 lepidissima
661 4010 760 4065 fabule
785 4011 819 4065 de
837 4011 1003 4066 Alexidamo
1026 4009 1114 4064 filiam
1133 4009 1236 4063 Antaei
1259 4011 1414 4064 mercedem
1440 4027 1536 4064 cursus

260 4083 439 4137 nanciscente
463 4100 574 4137 carmen
597 4082 814 4164 pulcherrimum
838 4082 985 4136 clauditur.
1023 4081 1083 4134 Hac
1106 4099 1168 4135 cum
1192 4080 1291 4135 fabula
1314 4082 1437 4135 conferre
1456 4082 1536 4135 iuvat

260 4154 486 4208 narratiunculas
509 4154 544 4208 de
567 4153 758 4224 Hippodamia
780 4156 822 4223 (0.
842 4173 852 4206 1
872 4170 896 4207 ro
911 4157 957 4222 ss.)
980 4153 1121 4222 Penelopa
1145 4152 1236 4221 (Paos.
1252 4171 1282 4204 ιιι
1302 4167 1340 4221 re,
1358 4156 1380 4221 ι)
1398 4153 1535 4206 Atalanta

260 4242 369 4279 necnon
391 4242 464 4294 quae
488 4224 522 4279 de
546 4225 622 4279 Indis
646 4226 732 4280 refert
754 4224 855 4280 Strabo
874 4243 909 4277 xv
927 4244 953 4295 p.
969 4240 1023 4278 rrr:
1046 4223 1078 4277 τὸ
1097 4223 1146 4287 τὰς
1164 4221 1327 4290 παρθένους
1346 4219 1437 4278 ἆθλον
1456 4225 1534 4291 παρά

259 4314 313 4350 τισι
327 4300 497 4364 προκεῖσθαι
511 4302 548 4368 τῷ
562 4297 675 4367 πυγμὴν
689 4296 834 4365 νικήσαντι
850 4327 882 4335 -
899 4302 957 4349 103.
978 4293 1101 4363 διψάδα·
1122 4294 1311 4363 scholiasiam,
1327 4312 1390 4348 cum
1405 4297 1534 4364 διψῶσαν

260 4366 336 4436 ndns
354 4367 562 4436 interpretetur,
586 4369 690 4423 ἀοιδὰν
709 4368 818 4434 διψάδα
856 4384 886 4420 ιο
906 4368 1009 4421 ἀοιδᾶν
1028 4365 1118 4432 δίψαν
1136 4365 1238 4435 legisse
1258 4370 1339 4420 acute
1358 4367 1534 4420 Hermannus

259 4422 413 4508 perspexit,
437 4440 513 4507 quod
533 4456 565 4494 eo
584 4441 676 4509 magis
699 4439 768 4492 mihi
791 4386 939 4509 proisatur,
962 4437 1037 4506 quod
1062 4437 1149 4491 etiam
1172 4437 1254 4492 alteri
1277 4439 1353 4508 parti
1377 4437 1533 4492 sententiae

259 4509 343 4564 lectio
362 4510 448 4563 ἀοιδὰ
467 4510 554 4579 διψάς
572 4528 657 4579 quam
675 4512 778 4564 ἀοιδᾶν
797 4511 869 4574 δίψα
889 4509 981 4578 aptior
1000 4512 1043 4563 est
1063 4542 1095 4548 -
1116 4527 1170 4571 τις·
1195 4510 1389 4577 Alexidamus,
1414 4509 1437 4561 si
1457 4509 1533 4562 coeli-

259 4598 322 4635 cum
341 4581 540 4636 auctoritatem
558 4587 671 4636 secutus
688 4590 758 4635 τεῶν
778 4580 936 4650 scripseris,
956 4580 1148 4648 Telesicrates,
1168 4580 1192 4633 si
1211 4581 1369 4635 Hermanno
1389 4580 1459 4633 duce
1479 4580 1532 4634 ἑιῐιν

258 4652 424 4722 praetuleris
445 4685 477 4693 —
498 4661 556 4707 104.
583 4652 663 4723 χρέος
686 4648 764 4715 αὖτις
790 4651 906 4721 ἐγεῖραι·
933 4670 1033 4705 munus
1059 4651 1128 4705 mihi
1153 4652 1309 4706 iniunctum
1335 4651 1473 4721 postulat,
1500 4657 1532 4705 nt

258 4742 352 4778 rursus
372 4724 504 4779 suscitem
523 4742 643 4787 carmen,
659 4723 737 4777 cuins
752 4722 828 4777 sitim
844 4722 901 4776 iam
916 4724 1103 4777 exstincturus
1118 4740 1202 4791 eram,
1218 4726 1247 4776 et
1259 4722 1379 4794 gloriam
1394 4721 1530 4776 maiorum

257 4796 380 4850 carmine
398 4796 594 4850 illustrandam
617 4828 648 4835 -
