3496 5354
322 396 413 451 XXIV
826 400 1104 452 PROLEGOMENA.

323 583 435 626 versus
459 561 545 626 inter
567 584 601 626 se
625 561 818 627 cohaereant
842 566 1030 647 quaeratur,
1053 566 1086 627 et
1108 585 1221 628 versus
1244 562 1379 648 perfecti
1399 570 1495 649 atque
1514 565 1548 629 in
1568 588 1602 630 se

323 669 454 733 rotundi
482 669 523 734 ab
552 669 698 735 versibus
725 668 925 754 imperfectis
953 673 987 734 et
1013 691 1086 734 cum
1115 669 1187 735 aliis
1215 671 1463 736 cohaerentibus
1491 671 1604 737 distin·

325 781 475 861 guantur.
512 775 627 861 Neque
651 776 678 841 si
703 778 776 860 quis
799 776 938 841 alterum
960 776 1041 841 illud
1060 797 1162 862 genus
1181 800 1332 842 versuum
1351 801 1371 842 a
1389 778 1469 844 colis
1488 802 1602 865 parum

325 883 453 947 differre
477 883 608 969 dixerit,
631 883 807 969 quidquam
831 905 892 969 ego
916 906 1133 968 commoveor3
1157 885 1237 950 haec
1256 885 1341 949 enim
1361 885 1469 971 culpa,
1492 886 1520 950 si
1540 910 1603 971 qua

326 995 390 1075 est,
420 1012 485 1054 non
513 1013 585 1055 mea
613 996 676 1076 est,
704 991 760 1056 sed
783 990 914 1054 Pindari
943 995 1067 1074 poetae.
1114 991 1267 1075 Inprimis
1295 997 1404 1057 autem
1427 992 1482 1057 ille
1505 992 1603 1059 iniis

326 1097 538 1182 carminibus,
566 1120 647 1182 quae
675 1097 867 1162 festinanter
894 1097 972 1162 fecit
999 1099 1089 1162 velut
1117 1096 1233 1162 O.vl11
1267 1103 1299 1162 et
1326 1098 1350 1162 I.
1370 1116 1395 1183 1,
1423 1121 1490 1164 non
1522 1101 1602 1166 satis

326 1204 450 1270 cavisse
479 1204 619 1289 videtur,
643 1226 684 1268 ne
712 1210 821 1289 partes
849 1204 973 1289 periodi
1004 1204 1145 1269 licentiis
1172 1204 1282 1269 hiatus
1311 1205 1518 1291 syllabaeque
1551 1230 1604 1272 an-

327 1312 435 1396 cipitis
463 1312 551 1377 iusto
579 1312 684 1398 magis
710 1312 884 1388 diyelleret.
932 1309 994 1376 Sed
1017 1312 1117 1376 etiam
1139 1312 1174 1375 in
1197 1311 1349 1397 perfectis
1373 1318 1405 1376 et
1428 1312 1603 1378 elaboratis

327 1418 538 1502 carminibus,
562 1419 656 1503 quale
680 1424 730 1483 est
753 1417 980 1499 carmen0.1,
1004 1440 1115 1483 versus
1138 1418 1229 1502 fecit,
1253 1419 1308 1502 qui
1332 1419 1479 1502 quamvis
1502 1443 1605 1505 pausa

328 1532 361 1592 et
387 1527 528 1592 licentiis
557 1525 629 1590 istis
657 1525 766 1589 hiatus
794 1525 1001 1609 syllabaeque
1030 1523 1180 1610 ancipitis
1209 1523 1294 1588 inter
1318 1547 1351 1589 se
1375 1525 1504 1590 diremti
1528 1527 1604 1612 sint,

327 1639 436 1698 tamen
468 1655 567 1698 unam
598 1632 816 1716 rhythmicam
849 1632 1016 1716 periodum
1049 1630 1201 1696 efficiant.
1256 1630 1334 1696 Non
1364 1631 1467 1718 igitur
1497 1634 1532 1697 in
1564 1657 1602 1700 eo

328 1741 532 1825 acquiescere
550 1741 645 1805 nobis
664 1740 754 1825 licet,
773 1744 810 1803 ut
827 1739 1050 1805 Boeekhianas
1069 1738 1211 1803 rationes
1231 1738 1333 1804 secuti
1352 1762 1504 1805 versuum
1523 1742 1603 1806 fines

328 1848 532 1930 definiamus,
556 1848 612 1911 sed
635 1847 866 1932 circumspecte
887 1846 982 1910 uobis
1000 1846 1133 1930 insuper
1151 1845 1420 1910 considerandum
1439 1852 1503 1932 est,
1525 1871 1603 1914 num

328 1956 384 2039 qui
405 1976 515 2019 versus
535 1954 640 2040 specie
658 1953 775 2018 fallant
789 1959 822 2018 et
837 1976 911 2019 cum
924 1953 1059 2037 perfecti
1074 1975 1143 2017 esse
1158 1952 1327 2017 videantur
1332 2005 1339 2036 ,
1358 1975 1393 2017 re
1407 1976 1482 2018 vera
1494 1977 1605 2020 nume-

328 2061 373 2125 ris
398 2066 431 2125 et
455 2065 619 2125 structura
639 2065 749 2143 partes
772 2060 905 2125 maioris
928 2058 1052 2144 periodi
1071 2058 1274 2144 rhythmicae
1293 2082 1363 2125 esse
1383 2068 1609 2147 coarguantur.

781 2247 826 2311 Dc
848 2244 984 2330 pedibus
1007 2248 1041 2312 et
1064 2245 1153 2313 colis.

418 2380 513 2447 (lola
536 2382 603 2447 sive
627 2382 773 2447 membra
794 2387 904 2467 partes
928 2382 1086 2468 longioris
1110 2405 1222 2447 versus
1246 2382 1312 2447 sive
1331 2384 1454 2468 periodi
1475 2389 1551 2449 sunt
1570 2408 1608 2450 ex

328 2491 476 2576 pluribus
499 2490 636 2576 pedibus
661 2489 859 2573 compositae
883 2494 916 2554 et
939 2489 1103 2555 brevicula
1126 2500 1228 2575 pausa
1250 2490 1369 2555 finitae.
1408 2490 1439 2555 A
1462 2493 1609 2558 versibus

330 2621 369 2663 ea
391 2597 453 2662 hoc
476 2597 607 2662 nomine
631 2596 797 2682 differunt,
820 2597 906 2680 quod
928 2597 963 2660 in
985 2598 1048 2662 fine
1069 2620 1128 2662 suo
1147 2596 1296 2662 licentias
1314 2596 1424 2662 hiatus
1444 2599 1494 2663 vel
1514 2599 1609 2683 sylla-

330 2705 389 2769 bae
409 2704 516 2770 brevis
534 2727 593 2789 pro
612 2704 712 2791 longa
730 2703 855 2789 positae
874 2707 1032 2787 respuunt
1050 2725 1154 2787 neque
1172 2704 1354 2768 necessario
1373 2704 1517 2789 perfecta
1532 2728 1609 2771 voce

330 2809 451 2899 (τελείᾳ
474 2809 573 2898 λέξει)
596 2811 761 2875 finiuntur.
799 2809 949 2875 Alterum
973 2810 1059 2894 quod
1081 2811 1177 2895 posui
1199 2810 1348 2896 inprimis
1370 2812 1456 2877 valet
1475 2814 1513 2877 de
1532 2814 1609 2878 Pin-

329 2919 422 3003 daro,
449 2918 541 2983 cuius
567 2917 737 3004 ingeniosa
760 2916 854 2981 Musa
877 2940 897 2981 a
919 2927 1007 2980 tersa
1030 2920 1099 2981 arte
1123 2922 1292 3001 poetarum
1315 2917 1609 2985 Alexandrinorum

329 3031 362 3090 ct
380 3024 603 3090 Romanorum
626 3046 664 3089 eo
688 3023 896 3109 potissimum
922 3023 1042 3107 differt,
1066 3025 1152 3107 quod
1175 3023 1211 3087 in
1233 3025 1374 3089 caesuris
1399 3026 1609 3092 observandis

333 3132 507 3196 admodum
524 3131 701 3216 neglegens
721 3134 784 3215 est,
807 3135 844 3194 ut
863 3152 958 3215 saepe
978 3131 1063 3215 apud
1082 3153 1155 3195 eum
1175 3130 1247 3195 cols
1264 3153 1375 3196 versus
1396 3133 1611 3198 continuitate

329 3239 421 3304 verbi
444 3235 638 3325 (συναφείᾳ)
661 3237 747 3302 inter
770 3260 804 3301 se
828 3238 1029 3302 cohaereant.

418 3344 541 3410 Pedes
575 3348 652 3408 sunt
685 3349 741 3408 aut
774 3343 937 3428 simplices
966 3347 1022 3408 aut
1051 3343 1232 3429 compositi.
1282 3343 1343 3408 Pes
1372 3343 1523 3430 simplex,
1555 3346 1611 3430 qui

330 3451 461 3537 proprie
489 3474 546 3535 pes
574 3450 709 3536 dicitur,
736 3450 929 3515 brevissima
955 3473 1030 3535 pars
1058 3450 1235 3535 rhythmici
1264 3449 1386 3514 ordinis
1410 3455 1520 3515 estex
1545 3452 1608 3516 arsi

332 3564 365 3623 et
388 3558 473 3623 thesi
497 3562 659 3623 constans.
697 3558 758 3622 Pes
781 3556 994 3640 compositus,
1019 3580 1113 3643 quem
1138 3561 1214 3621 sunt
1237 3557 1292 3640 qui
1317 3556 1456 3641 simplici
1479 3559 1610 3622 nomine

330 3665 521 3750 rhythmum
562 3665 688 3741 dicant,
730 3686 769 3728 ex
810 3664 937 3728 duobus
978 3664 1114 3748 pedibus
1156 3663 1358 3748 simplicibus
1397 3668 1527 3729 constat
1562 3666 1610 3729 ita

330 3771 513 3856 rhythmice
542 3771 723 3855 dispositis,
753 3775 789 3833 ut
817 3769 899 3834 alter
926 3769 1022 3851 arsis,
1050 3770 1153 3834 thesis
1181 3769 1263 3834 alter
1291 3769 1357 3833 vim
1387 3770 1545 3853 obtineat,
1572 3777 1609 3836 ut

332 3907 343 3946 ,τ
367 3921 386 3946 a
403 3925 421 3946 i
439 3923 473 3946 c.
511 3877 612 3942 Pedes
634 3877 736 3963 igitur
760 3876 946 3961 compositi,
970 3897 1051 3958 quos
1075 3897 1135 3939 nos
1159 3876 1288 3960 quidem
1310 3876 1461 3961 dicimus,
1485 3878 1611 3963 adipo-

331 3984 392 4049 diis
420 4007 487 4049 non
510 3985 675 4068 differunt3
703 3981 789 4067 quod
812 4006 887 4048 cum
910 3983 1093 4067 definimus,
1121 3983 1253 4048 minime
1276 4006 1336 4048 nos
1359 3984 1458 4070 fugit,
1485 3991 1610 4050 veteres

330 4090 534 4175 rhythmicos
566 4091 661 4156 aliter
692 4091 845 4173 sensisse,
877 4093 914 4153 ut
947 4089 1093 4174 dipodias
1125 4094 1159 4153 et
1187 4090 1258 4155 cols
1288 4091 1451 4156 communi
1479 4092 1610 4156 nomine

332 4198 446 4263 ποδῶν
479 4197 653 4262 συνθέτων
685 4196 984 4282 complecterentur.
1032 4194 1095 4260 Sed
1124 4219 1164 4260 ne
1193 4199 1306 4262 turbae
1335 4203 1504 4262 orerentur
1531 4221 1610 4263 neve

332 4327 397 4389 res,
424 4326 504 4388 quas
533 4309 660 4388 poetae,
688 4326 826 4388 quorum
849 4303 1027 4368 auctoritas
1054 4304 1128 4387 plus
1152 4326 1250 4387 quam
1278 4303 1426 4368 doctrina
1453 4304 1612 4390 rhythmi-

329 4433 441 4477 corum
472 4411 571 4488 valet,
603 4411 691 4476 varie
718 4415 915 4493 tractarunt,
946 4410 1031 4474 inter
1060 4433 1094 4475 se
1122 4411 1410 4495 confunderentur,
1442 4412 1610 4476 notionem

331 4519 423 4602 pedis
455 4517 629 4602 compositi
661 4517 855 4582 arctioribus
887 4516 1048 4581 limitibus
1075 4518 1238 4582 includere
1267 4517 1369 4581 satius
1398 4518 1483 4582 duxi.
1531 4516 1612 4581 Cola

332 4629 455 4709 autem,
483 4646 565 4707 quae
592 4623 655 4688 hoc
682 4625 812 4688 nomine
836 4646 909 4689 vere
932 4623 1032 4709 digna
1054 4624 1133 4708 sint,
1163 4647 1202 4688 ex
1225 4623 1373 4708 pluribus
1397 4624 1535 4708 dipodiis
1560 4623 1611 4688 vel

331 4731 448 4795 saltem
471 4753 511 4795 ex
534 4731 640 4796 tribus
663 4732 799 4817 pedibus
823 4730 1025 4815 simplicibus
1050 4736 1197 4796 constare
1222 4731 1402 4795 definimus.
1444 4731 1553 4815 Atque
1577 4732 1623 4817 in,

332 4840 432 4923 pedes
457 4860 569 4904 omnes
593 4861 705 4904 versus
729 4839 912 4923 solvuntur,
935 4839 1076 4903 sednon
1095 4859 1206 4903 omnes
1224 4859 1350 4921 versus,
1373 4837 1561 4922 priusquam
1579 4838 1615 4903 in
