3406 5378
727 374 858 424 PYTHIA
877 375 898 427 l.

262 537 350 622 ὄφρα
373 533 445 599 κατ’
470 529 563 599 οἷκον
586 534 603 600 δ
630 539 709 600 Φοῖ-

305 642 357 720 νιξ
381 643 398 708 ὁ
428 647 610 729 Τυρσανῶν
633 641 662 707 τ’
687 642 849 717 ἀλαλατὸς
872 643 942 727 ἔχῃ,
965 665 1045 706 ναυ-

307 755 462 815 σίστονον
484 749 584 834 ύβριν
608 750 776 814 ἰδὼν-τάν
799 749 862 832 πρὸ
886 750 1016 833 Κύμας·
1399 763 1449 810 141)

263 937 316 1010 οἷα
340 948 561 1029 Συρακοσίων
585 945 674 1032 ἀρχῷ
700 942 925 1028 δαμασθέντες
948 945 1075 1027 πάθον,
1239 941 1304 1007 ’Em
1328 941 1370 1006 δ’.

265 1053 448 1137 ὠκυπόρων
472 1050 535 1115 ἀπὸ
559 1062 651 1133 ναῶν
673 1052 709 1128 ὅς
733 1068 814 1134 σφιν
838 1050 874 1114 έν
896 1054 1006 1139 πόντῳ
1030 1050 1147 1136 βάλεθ’
1173 1051 1319 1132 ἁλικίαν,
1401 1066 1450 1112 145

177 1176 209 1222 75
259 1156 390 1223 Ἑλλάδ’
416 1155 554 1235 ἐξέλκων
576 1161 711 1243 βαρείας
730 1159 889 1233 δουλείας.
910 1198 923 1205 -
943 1156 1078 1242 ἀρέομαι

263 1265 329 1347 πάρ
353 1261 414 1348 μὲν
438 1269 629 1347 Σαλαμῖνος
649 1262 837 1328 Ἀθαναίων
860 1265 957 1347 χάριν

263 1374 402 1455 μισθόν,
426 1369 462 1434 έν
487 1371 626 1457 Σπάρτᾳ
649 1369 680 1434 δ’
706 1368 808 1453 ἐρέων
830 1371 895 1456 πρὸ
919 1374 1134 1455 Κιθαιρῶνος
1157 1370 1280 1455 μάχαν,
1400 1387 1451 1433 150

264 1492 352 1544 ταῖσι
377 1479 521 1560 Μήδειοι
545 1479 651 1563 κάμον
674 1476 902 1561 ἀγκυλότοξοι,
978 1459 983 1470 ’

264 1588 353 1670 παρὰ
376 1583 412 1650 δὲ
436 1587 498 1650 τάν
521 1586 664 1671 εὔυδρον
688 1584 789 1649 ἀκτάν

304 1690 412 1776 Ἱμέρα
434 1693 609 1756 παίδεσσιν
631 1691 739 1775 ύμνον
762 1689 982 1778 Δεινομένερς
1003 1689 1163 1773 τελέσαις,

264 1800 323 1863 τὸν
347 1796 489 1876 ἐδέξαντ’
516 1795 598 1882 ἀμφ’
623 1797 738 1884 ἀρετᾷ,

309 1909 476 1989 πολεμίων
499 1904 633 1988 ἀνδρῶν
655 1908 837 1989 καμόντων.

265 2101 382 2183 καιρὸν
405 2102 436 2164 εί
457 2098 635 2183 φθέγξαιο,
659 2105 791 2165 πολλῶν
814 2105 950 2186 πείρατα
974 2100 1196 2176 συντανύσαις
1249 2104 1328 2182 Στρ.
1352 2097 1391 2163 ε’.

268 2205 304 2270 ἐν
326 2210 455 2289 βραχεῖ,
478 2210 581 2290 μείων
604 2205 713 2271 ἕπεται

310 2322 422 2395 μῶμος
445 2310 645 2397 ἀνθρώπων.
693 2311 755 2377 ἀπὸ
780 2312 843 2398 γὰρ
866 2313 965 2397 κόρος
987 2310 1148 2397 ἀμβλύνει
1378 2329 1455 2375 1160

178 2539 292 2593 Advers.
308 2555 419 2594 1181-
436 2544 476 2594 λλ.
496 2538 632 2608 ἀλαλητὸς
649 2539 674 2594 0
689 2571 722 2579 —
743 2539 801 2610 ἔχοι
816 2541 839 2596 0
854 2572 887 2581 -
906 2546 947 2595 73.
967 2536 1176 2608 συρρακουσίων
1192 2539 1260 2594 0—
1276 2544 1316 2594 74.
1336 2538 1367 2603 ὅς
1386 2558 1453 2609 σφιν

181 2610 230 2667 0’;
249 2608 265 2664 ὅ
284 2628 352 2679 σφιν
372 2611 445 2666 0¹1)
461 2643 490 2651 -
511 2608 603 2683 βάλετ’
626 2611 673 2679 0⁸,
692 2610 777 2684 βάλεν
796 2610 866 2666 coni.
883 2611 993 2666 Heclser
1007 2643 1040 2652 —
1057 2616 1098 2666 75.
1118 2609 1237 2680 ἀρέομαι
1256 2611 1326 2665 coni.
1340 2610 1453 2666 Dawes:

178 2679 308 2751 αἱρέομαι
328 2682 355 2750 O,
375 2681 505 2752 αἱρέομαι
522 2682 553 2737 D
570 2713 602 2722 -
623 2687 664 2737 76.
684 2681 764 2751 χάρις
784 2683 839 2738 0⁸⁰
858 2715 891 2723 -
913 2688 954 2738 77.
974 2681 1002 2738 δ’
1024 2681 1109 2751 ἐρέων
1128 2681 1199 2736 coni.
1214 2681 1316 2736 Bothe:
1337 2680 1365 2735 δ’
1387 2679 1454 2750 ἐρέω

178 2752 231 2807 τὰν
257 2754 328 2819 CD,
352 2751 379 2806 δ’
402 2751 468 2821 ἐρέω
492 2754 533 2821 Ε,
556 2751 587 2807 δὲ
610 2751 698 2807 κλέων
721 2753 752 2807 in
793 2753 922 2808 roecdosi
945 2754 1110 2825 scripseram
1130 2752 1454 2822 -18,μήδειοιΕΡε

179 2827 264 2894 μῆδοι
280 2824 338 2879 OD
357 2855 390 2863 —
411 2830 452 2880 79,
471 2824 549 2893 παρὰ
568 2823 665 2879 Tricl:
684 2823 742 2893 πὰρ
786 2825 817 2878 D
835 2858 869 2866 -
889 2824 1007 2894 ἔνυδρον
1023 2825 1051 2894 0,
1071 2824 1190 2893 εύνδρον
1206 2823 1246 2879 0³
1265 2856 1299 2864 —
1317 2823 1456 2886 τελέσσαις

181 2898 204 2950 0
210 2896 218 2926 ¹
230 2897 302 2962 ΒΜ,
321 2892 449 2958 τελέσσας
468 2896 533 2949 D1¹c
546 2895 590 2964 0¹,
610 2895 735 2950 τελέσαιν
753 2896 846 2966 Bergk
865 2897 910 2967 (ef.
927 2896 961 2951 N.
976 2916 1025 2950 vm
1040 2900 1076 2965 ss)
1096 2928 1130 2936 -
1149 2901 1191 2950 82.
1211 2903 1290 2965 μεῖον
1311 2894 1383 2950 0-

179 3037 254 3106 ὅφρα
269 3035 332 3090 κατ’
349 3032 428 3091 οἷκον
443 3080 484 3092 ...
501 3035 560 3108 ἔχῃ·
576 3038 609 3090 ut
622 3041 736 3092 maneat
750 3038 780 3091 in
795 3038 877 3093 domo
891 3040 1006 3109 paceta3
1021 3038 1056 3092 de
1070 3037 1191 3092 formula
1205 3035 1269 3091 κατ’
1287 3032 1365 3091 οἷκον
1381 3036 1455 3106 ἔχειν

179 3108 250 3162 conf.
265 3108 368 3163 Herod.
381 3128 413 3161 111
427 3125 460 3163 se.
475 3127 503 3162 vr
517 3124 543 3162 as
557 3140 591 3148 -
607 3114 648 3161 72.
668 3107 850 3165 ναυσίστονον
869 3108 952 3182 ὕβριν
970 3110 1039 3165 ἰδὼν
1056 3108 1109 3163 τὰν
1127 3109 1182 3178 πρὸ
1197 3109 1303 3177 Κύμας,
1320 3111 1455 3178 reputans

179 3182 208 3233 et
226 3179 315 3233 oculis
334 3196 447 3234 cernens
467 3178 627 3249 superbiam
646 3183 711 3235 ante
727 3179 843 3235 cimam
856 3181 935 3234 humi
948 3183 1120 3251 prostratam
1133 3180 1249 3233 navium
1264 3197 1326 3233 eum
1339 3179 1456 3248 gemitu.

178 3250 323 3305 Victoriae
346 3250 429 3304 huius
455 3253 664 3306 monumentum
708 3250 771 3306 alea
794 3254 887 3306 exstat
910 3268 934 3307 a.
956 3257 1024 3306 1817
1045 3250 1192 3321 Olympiae
1211 3253 1330 3321 reperta,
1350 3250 1396 3304 cui
1414 3250 1456 3304 in·

180 3321 315 3391 scriptum
334 3324 378 3375 est
395 3324 490 3376 vetere
509 3320 670 3376 litteratura
693 3321 785 3391 Iolcos
803 3322 818 3377 δ
838 3322 1022 3393 Δεινομένεος
1045 3324 1094 3377 καί
1111 3324 1154 3377 rol
1174 3320 1345 3391 Συρακόσιοι
1362 3327 1400 3396 τῷ
1421 3322 1457 3375 Δί

182 3392 298 3461 Τυρανὰ
314 3391 363 3446 ’πὸ
382 3392 481 3462 Κύμας
499 3391 574 3447 CIG.
589 3410 622 3447 1ο.

252 3470 285 3517 74
304 3482 339 3518 ss.
369 3480 387 3517 a
409 3463 484 3518 votis
509 3480 559 3532 pro
582 3463 674 3519 salute
699 3465 887 3519 Aetnaeorum
913 3465 996 3519 factis
1022 3465 1058 3518 ad
1087 3463 1280 3518 laudationem
1303 3480 1396 3517 rerum
1419 3465 1456 3518 ab

180 3535 300 3590 Hierone
320 3533 430 3589 sortiter
448 3537 591 3604 gestarum
608 3535 695 3604 redit,
714 3539 799 3604 atque
817 3535 938 3606 primum
957 3536 1033 3605 apud
1048 3535 1165 3590 Cumam
1179 3550 1313 3588 unacum
1332 3535 1456 3589 Etruscis

179 3607 296 3674 Poenos,
315 3606 405 3660 socios
427 3622 531 3674 eorum,
549 3606 627 3660 fusos
646 3623 706 3660 esse
726 3606 804 3672 dicit,
822 3608 897 3676 quod
919 3607 1048 3676 quamvis
1064 3604 1205 3660 anemine
1224 3604 1375 3658 memoriae
1393 3623 1455 3674 pro-

180 3677 272 3731 ditum
295 3677 344 3745 sit,
368 3679 465 3731 tamen
488 3676 547 3730 veri
569 3677 647 3732 haud
671 3677 808 3732 dissimile
831 3682 886 3739 est:
911 3679 1013 3732 deinde
1037 3677 1066 3731 in
1089 3675 1265 3730 conferendis
1305 3674 1387 3744 agnis
1406 3693 1456 3757 pro

180 3749 312 3803 libertate
331 3747 465 3803 Graeciae
484 3751 519 3816 (v.
535 3751 571 3818 τε)
590 3765 653 3802 cum
672 3749 801 3803 barbaris
821 3749 963 3803 dimicatis
987 3749 1066 3803 iuxta
1089 3764 1199 3816 pugnas
1218 3764 1274 3817 apu
1313 3746 1457 3800 Salamina

181 3826 210 3874 et
227 3819 373 3887 Plataeas,
397 3836 516 3888 quarum
542 3819 691 3889 potissima
710 3820 772 3874 laus
791 3819 890 3890 prioris
910 3837 995 3890 penes
1014 3818 1212 3886 Athenienses,
1237 3817 1354 3872 alterius
1372 3834 1458 3886 penes

181 3892 333 3960 Spartanos
353 3890 416 3958 fuit,
435 3907 560 3962 pugnam
574 3891 611 3945 ad
625 3890 716 3961 ripam
730 3891 869 3960 Himerae,
884 3908 940 3960 qua
954 3891 1006 3945 filii
1020 3889 1184 3943 Dinomenis
1198 3889 1322 3958 palmam
1338 3888 1457 3942 devictis

180 3963 308 4016 hostibus
334 3962 472 4030 tulerunt,
495 3962 603 4043 posuit,
622 3962 689 4015 licet
707 3962 789 4015 huius
808 3980 920 4033 pugnae
938 3963 1070 4016 Etruscos
1090 3960 1243 4029 participes
1262 3960 1348 4013 fuisse
1367 3976 1457 4028 neque

180 4033 316 4087 traditum
339 4050 429 4103 neque
452 4050 512 4087 ven
536 4032 627 4087 simile
651 4036 695 4088 est
718 4066 750 4073 -
776 4038 816 4088 λλ.
842 4034 872 4086 ἐν
895 4031 988 4105 πόντῳ
1012 4033 1123 4105 βάλετο·
1147 4030 1263 4113 βάλλετο
1287 4048 1350 4085 cum
1374 4030 1404 4085 ἐν
1429 4034 1458 4085 et

182 4104 287 4171 dativo,
307 4104 386 4158 cuins
405 4104 467 4159 loco
486 4121 537 4158 nos
556 4103 585 4168 ἐς
602 4108 632 4158 et
650 4104 843 4158 accusativum
858 4108 1061 4175 exspectamus,
1075 4103 1168 4168 iunxit
1182 4106 1214 4155 ut
1228 4103 1364 4156 Homerus
1378 4104 1407 4161 Ξ
1419 4118 1458 4157 aas

181 4176 280 4246 ἔμβαλε
295 4173 394 4248 πόντῳ,
412 4180 442 4230 Ψ
455 4192 494 4230 ara
508 4183 590 4245 μῆτιν
605 4175 737 4248 ἐμβάλλεο
751 4180 833 4248 θυμῷ
851 4209 881 4215 -
899 4182 940 4231 77.
959 4176 1014 4244 πρὸ
1029 4179 1220 4242 Κιθαιρῶνος·
1240 4190 1366 4242 pugnam
1384 4174 1457 4228 hanc

180 4246 255 4315 apud
278 4245 409 4300 Plataeas
427 4250 540 4316 praeter
558 4250 665 4301 ceteras
683 4246 758 4301 inter
776 4247 878 4301 decora
897 4247 1014 4317 Spartae
1034 4246 1127 4313 refert,
1148 4245 1223 4313 qnod
1242 4245 1270 4298 in
1290 4245 1343 4298 hae
1361 4263 1457 4315 pugna

180 4334 226 4370 rex
250 4316 535 4371 Lacedaemoniorum
557 4317 713 4371 Pausanias
737 4317 825 4387 copiis
845 4317 1014 4372 Graecorum
1037 4321 1179 4387 praeerat,
1207 4333 1377 4385 quamquam
1401 4333 1457 4371 non

180 4388 270 4441 solum
294 4386 370 4441 Medi
393 4389 442 4441 sed
466 4388 552 4442 etiam
571 4388 699 4442 Thebani
723 4389 800 4459 apud
822 4389 955 4444 Plataeas
974 4388 1043 4442 victi
1062 4390 1128 4442 sunt
1147 4420 1180 4428 —
1201 4393 1233 4441 78
1262 4386 1456 4458 ἀγκυλότοξοι·

180 4476 275 4513 arcum
289 4458 442 4528 Medorum,
457 4459 570 4512 hastam
584 4459 753 4514 Graecorum
768 4477 827 4514 esse
843 4464 943 4530 poetae
959 4459 1061 4530 tragici
1075 4458 1286 4527 declamabant3
1306 4459 1341 4514 cf.
1356 4459 1456 4513 Aesch.

180 4531 254 4585 Pers.
272 4545 308 4583 111
328 4528 448 4600 πότερον
467 4527 549 4595 τόξου
567 4527 602 4598 βό
659 4531 691 4585 τὸ
710 4541 796 4586 νικῶν
815 4536 870 4586 κτλ.

252 4606 383 4656 81—100.
410 4601 441 4654 in
460 4604 584 4654 extrema
602 4551 656 4655 lic
695 4606 754 4657 arte
773 4603 918 4671 carminis,
938 4601 1069 4657 similiter
1087 4606 1172 4671 atque
1191 4601 1220 4655 in
1241 4601 1364 4655 carmine
1383 4601 1413 4654 P.
1428 4620 1457 4668 11,

180 4672 344 4726 laudatione
364 4672 486 4741 abrupta
504 4674 590 4741 poeta
608 4673 677 4726 femi
692 4673 820 4728 'ariorem
839 4675 994 4729 orationem
1013 4673 1049 4728 ad
1069 4673 1219 4727 Hieronem
1239 4672 1330 4743 ipsum
1345 4671 1456 4740 direxit,

183 4744 218 4797 ad
242 4743 391 4797 veritatem
416 4746 445 4796 et
467 4742 669 4797 liberalitatem
692 4760 756 4798 eum
779 4745 932 4799 adhortans
956 4752 986 4799 et
1010 4745 1046 4799 ab
1074 4747 1282 4799 assentatorum
1310 4743 1457 4797 fraudibus

181 4831 315 4869 revocans
338 4847 373 4854 —
397 4820 439 4868 81.
463 4815 563 4883 καιρὸν
582 4814 784 4870 adverbialiter
802 4834 852 4886 pro
871 4816 944 4871 κατὰ
963 4814 1071 4886 καιρόν,
1089 4815 1400 4885 utSoph.Ai.ar.1uss
1420 4812 1456 4868 al.
