3406 5378
484 394 520 446 ΙΙ.
548 395 598 445 DE
616 394 710 445 ARTE
728 394 890 445 METRIGA
909 393 1065 447 PINDARI.
1351 391 1413 446 LIII

134 735 181 800 sic
200 734 298 799 etiam
318 734 346 799 si
364 734 473 819 plures
493 733 643 817 deinceps
665 733 823 818 tripodiae
842 756 911 799 sese
931 685 1108 818 excipiunt,
1128 738 1232 798 totam
1245 735 1413 819 periodum

135 840 367 926 aequabilitate
385 841 532 924 primarii
550 841 635 905 ictus
656 840 867 925 tripodiarum
887 841 928 905 ad
944 840 1146 925 rhythmicos
1160 863 1311 907 numeros
1326 864 1414 906 revo-

134 971 206 1013 care
229 948 366 1032 poteris,
389 952 426 1012 ut
449 947 671 1013 dochmiacam
694 947 862 1032 periodum
881 947 998 1012 Aesch.
1024 946 1110 1031 Sept.
1130 949 1194 1012 219

245 1141 365 1228 μήποτ’
387 1143 466 1227 ἐμὸν
489 1140 560 1207 κατ’
582 1145 618 1207 αἰ
637 1142 641 1226 Ι
663 1154 731 1207 ῶνα
755 1146 846 1208 λίποι
869 1150 960 1208 θεῶν
981 1149 985 1223 Ι
1006 1143 1064 1208 ἅδε
1087 1142 1270 1229 πανάγυρις
1290 1142 1295 1229 Ι

244 1248 322 1335 μηδ’
343 1249 487 1334 ἐπίδοιμι
511 1248 606 1314 τάνδ’
629 1254 634 1329 Ι
655 1249 979 1335 ἀστυδρομουμέναν.

221 1376 360 1440 Maxime
378 1379 487 1438 autem
505 1396 546 1438 ne
563 1374 648 1438 ferro
663 1374 802 1460 igneque
818 1374 974 1459 tripodias
988 1374 1224 1460 impugnandas
1240 1397 1413 1460 censerem,

131 1484 282 1549 Plautina
296 1505 348 1547 ars
363 1481 498 1547 metrica
511 1504 562 1546 me
578 1481 760 1545 commovit.
792 1481 824 1546 Is
840 1481 925 1546 enim
941 1504 1146 1567 quamquam,
1161 1482 1328 1566 quactum
1343 1489 1412 1547 erat

131 1589 315 1675 rhythmica
333 1588 541 1671 consuetudo,
560 1610 671 1652 versus
691 1588 746 1671 qui
761 1588 795 1651 in
810 1587 957 1673 dipodias
972 1589 1023 1653 rel
1038 1593 1142 1654 metra
1155 1589 1254 1654 dividi
1269 1595 1413 1675 possent,

131 1698 296 1781 dimetros,
317 1700 535 1780 tetrametros,
557 1694 772 1778 hexametros,
795 1695 888 1760 unice
908 1695 1081 1780 adamaret,
1103 1701 1213 1760 tamen
1230 1697 1265 1761 in
1283 1696 1410 1761 creticis

130 1802 264 1870 canticis
291 1803 382 1867 iuxta
409 1805 616 1866 tetrametros
646 1801 792 1867 versibus
821 1825 859 1866 ex
888 1802 1012 1868 duabus
1039 1803 1189 1887 tripodiis
1213 1803 1410 1868 catalecticis

136 1910 324 1996 compositis
348 1909 396 1973 uti
420 1931 484 1973 non
508 1930 641 1995 prorsus
664 1915 855 1994 aspernatus
879 1914 941 1992 est,
966 1914 1002 1974 ut
1024 1910 1059 1974 in
1082 1909 1232 1975 Bacchid.
1252 1911 1330 1974 645:

429 2037 513 2081 auae
535 2017 658 2081 amanti
680 2037 731 2081 cro
751 2022 755 2095 Ι
775 2016 841 2099 filio
863 2017 959 2100 senis,

430 2123 554 2204 quicum
577 2144 629 2205 eqo
652 2123 728 2203 bibo,
749 2123 753 2204 Ι
773 2124 897 2205 quicum
919 2125 973 2189 cdo
996 2129 1025 2187 et
1046 2144 1129 2203 auro,

430 2231 532 2313 reptos
555 2231 659 2311 cupies
679 2235 683 2306 Ι
704 2250 874 2310 aureosque
896 2230 998 2293 obtuli.

216 2355 316 2420 Vides
341 2376 392 2419 me
415 2353 476 2418 hac
500 2375 627 2437 quoque
650 2353 685 2417 in
707 2356 798 2437 parte
823 2352 1015 2418 difficillima
1033 2377 1053 2417 a
1071 2354 1301 2419 circulatorum
1320 2378 1409 2440 prae

128 2463 236 2549 stigiis
255 2464 351 2549 longe
370 2460 543 2526 abhorrere
558 2464 590 2524 et
605 2481 688 2544 quae
703 2458 769 2523 sint
783 2458 854 2522 viae
868 2459 974 2523 variae
999 2460 1207 2525 difficultates
1222 2463 1408 2526 removendi

128 2569 261 2636 candide
288 2569 421 2654 aperire.
466 2568 574 2652 Atque
600 2567 669 2630 fore
694 2564 854 2650 suspicor,
883 2565 938 2649 qui
963 2588 1013 2630 me
1037 2566 1118 2631 mibi
1140 2589 1207 2631 non
1230 2568 1312 2633 satis
1335 2591 1408 2634 con-

127 2682 214 2743 stare
247 2682 281 2742 et
308 2673 499 2741 adversariis
529 2673 601 2758 plus
630 2694 733 2757 aequo
762 2672 867 2737 latera
899 2673 973 2737 dare
1004 2673 1250 2758 reprehendant.
1296 2675 1343 2740 At
1373 2676 1408 2741 in

126 2784 224 2850 rebus
246 2781 411 2849 historicis
435 2786 469 2846 et
490 2780 681 2865 praesertim
704 2779 739 2844 in
762 2801 916 2862 sonorum
938 2801 1212 2865 numerorumque
1232 2787 1301 2846 arte
1320 2782 1408 2847 volu-

126 2890 187 2956 bili
216 2912 257 2956 ne
289 2889 403 2975 rigidis
433 2886 572 2952 modulis
603 2887 699 2952 unius
727 2887 915 2971 systematis
944 2887 1054 2952 omnia
1081 2889 1268 2974 metiamur,
1295 2889 1407 2956 sedulo

127 2998 303 3063 cavendum
326 2999 384 3060 est.
421 2994 569 3079 Denique
593 3015 662 3059 esse
686 2994 720 3057 in
744 2992 862 3077 quibus
886 2993 986 3058 animi
1004 2993 1161 3078 pendeam
1181 2994 1282 3059 libere
1302 2995 1408 3082 fateri,

126 3110 160 3171 et
191 3103 458 3170 Academicorum
491 3122 658 3166 assensum
691 3099 912 3165 cohibentium
946 3104 978 3164 et
1010 3099 1044 3163 in
1076 3104 1249 3185 utramque
1281 3105 1407 3186 partem

126 3210 363 3297 disputantium
394 3208 503 3294 potius
536 3229 634 3291 quam
663 3204 848 3271 Stoicorum
877 3206 1076 3296 pugnacium
1104 3211 1137 3270 et
1165 3207 1405 3273 obstinatorum

125 3322 236 3404 partes
260 3316 352 3400 sequi
374 3314 544 3400 prudentis
566 3313 707 3378 hominis
731 3333 802 3377 esse
825 3313 915 3377 duco.

426 3530 472 3593 De
494 3527 639 3610 etropbts
662 3528 696 3592 at
718 3527 914 3609 temporibus
936 3527 1096 3593 inanibus.

212 3656 262 3720 De
277 3655 414 3742 singulis
430 3655 576 3719 versibus
591 3651 795 3717 dimetiendis
810 3657 985 3737 postquam
995 3650 1242 3739 disputavimus,
1255 3660 1358 3719 restat
1367 3659 1405 3720 ut

124 3765 162 3829 de
181 3762 261 3827 totis
280 3761 424 3846 strophis
443 3760 620 3825 dividendis
635 3781 837 3845 quaeramus.
867 3761 976 3844 Atque
993 3782 1065 3824 cum
1078 3761 1152 3844 ipsa
1165 3783 1274 3825 rerum
1287 3766 1405 3826 natura

122 3868 254 3955 probari
268 3868 416 3933 videatur
431 3889 542 3932 omnes
556 3889 667 3932 versus
683 3866 838 3951 strophae
852 3867 887 3930 in
900 3888 1001 3931 unum
1016 3888 1133 3951 corpus
1148 3867 1309 3952 cogendos
1325 3890 1404 3952 ease,

124 3975 228 4062 magis
256 3976 354 4041 etiam
377 3974 508 4039 Pindari
532 3996 584 4038 ars
606 3996 666 4040 nos
690 3978 889 4059 commonet,
916 3978 953 4038 ut
976 3996 1017 4037 ne
1040 3994 1153 4037 versus
1175 3973 1265 4058 ipsos
1288 3997 1347 4059 per
1370 3997 1404 4039 se

123 4087 313 4169 spectemus,
337 4082 392 4146 sed
411 4082 497 4145 inter
516 4103 550 4146 se
569 4081 739 4179 cohaerqre
757 4080 832 4146 illos
853 4086 950 4166 atque
970 4081 1062 4165 quasi
1081 4080 1228 4146 membra
1247 4082 1404 4166 quaedam

123 4189 218 4255 unius
242 4189 387 4273 corporis
412 4210 481 4253 esse
506 4193 696 4253 statuamus.
735 4188 841 4264 Quid?
865 4188 951 4271 quod
974 4187 1069 4253 multi
1088 4210 1200 4252 versus
1218 4188 1254 4251 in
1271 4186 1404 4255 Pindari

123 4296 319 4362 carminibus
349 4300 535 4379 occurrunt,
563 4295 618 4379 qui
646 4317 712 4360 non
739 4295 772 4359 in
800 4318 834 4360 se
858 4294 1001 4360 conclusi
1026 4299 1058 4359 et
1080 4294 1217 4380 perfecti
1240 4295 1320 4382 sint,
1347 4298 1403 4362 sed

123 4425 196 4468 cum
224 4403 372 4467 versibus
402 4402 558 4487 proximis
587 4401 803 4467 continuitate
826 4424 1034 4467 numerorum
1057 4402 1105 4466 ita
1129 4402 1337 4482 cohaereant,
1365 4410 1402 4469 ut

123 4509 295 4595 rhythmus
313 4509 349 4574 in
366 4508 429 4573 fine
449 4509 670 4593 praecedentis
686 4531 797 4573 versus
811 4509 984 4574 inchoatus
998 4509 1159 4594 principio
1174 4511 1402 4596 subsequentis

122 4638 234 4683 versus
252 4617 464 4703 compleatur,
483 4637 546 4699 qua
565 4615 603 4679 de
622 4638 656 4680 re
676 4638 773 4700 supra
791 4617 857 4680 iam
874 4641 905 4702 p.
920 4615 1031 4681 XXIII
1052 4618 1263 4681 commentati
1282 4640 1400 4683 sumus.

121 4720 293 4790 Praeterea
318 4723 405 4789 idem
433 4743 640 4787 numerorum
669 4745 770 4809 genus
796 4746 854 4808 per
877 4728 980 4789 totam
1004 4724 1172 4809 stropham
1194 4724 1243 4789 ita
1265 4746 1401 4810 regnare

122 4830 220 4917 solet,
246 4835 284 4896 ut
308 4851 420 4897 omnes
443 4850 555 4895 versus
580 4833 613 4893 et
636 4829 801 4915 versiculi,
827 4853 978 4896 numeros
1002 4831 1029 4896 si
1053 4838 1196 4917 spectas,
1221 4831 1343 4896 similes
1367 4836 1400 4895 et
