3406 5378
692 1148 847 1201 ΙΙΤΘΙΟΝ.
867 1147 925 1203 ΙΑ’.

450 1310 851 1396 ΘΡΑΣΎΔΑΙΩι
892 1310 1172 1397 (efluunt

672 1507 772 1556 ΠΑΙΔΙ
792 1508 944 1557 ΣΤΑΔΙΕΙ.

718 1788 894 1859 Strophae.

686 3146 926 3228 Argumentum.

260 3275 484 3352 Thrasydaeum
497 3277 656 3353 Pythonici
670 3275 766 3335 filium
781 3276 955 3335 Thebanum
971 3277 1118 3352 Pythiade
1135 3279 1175 3337 28
1191 3296 1318 3353 pnemm
1337 3278 1443 3356 stadio,

170 3365 317 3441 Pythiade
333 3368 373 3425 33
389 3366 488 3424 vinum
502 3366 603 3425 diaulo
618 3365 722 3425 vicisse
738 3366 850 3425 scholia
863 3366 995 3424 tradunt.
1019 3366 1157 3442 Namque
1173 3367 1253 3442 quod
1271 3366 1303 3424 in
1322 3367 1443 3426 scholiis

172 3454 210 3512 ad
233 3454 318 3514 inser.
343 3458 412 3530 post
435 3454 557 3515 δίαυλον
581 3455 727 3531 scriptum
750 3457 795 3513 est
817 3451 837 3531 l>
860 3453 990 3531 στάδιον,
1013 3455 1068 3514 hoc
1092 3456 1129 3513 ab
1152 3456 1202 3533 iis,
1226 3455 1279 3531 qui
1302 3456 1357 3514 hoc
1381 3475 1443 3515 car-

170 3543 249 3601 mine
269 3545 395 3602 alteram
414 3545 570 3604 victoriam
589 3545 736 3602 illustrari
753 3543 910 3621 putabant,
931 3565 966 3602 eu
983 3562 1072 3603 uersu
1090 3556 1124 3602 49
1144 3545 1361 3620 interpolatum
1380 3563 1442 3604 esse

170 3633 233 3692 veri
261 3633 356 3692 simile
384 3637 437 3692 est.
483 3634 529 3691 Ex
556 3633 685 3693 carmine
712 3632 834 3691 Pindari
863 3633 927 3708 ipso
955 3633 1096 3692 discimus
1119 3638 1236 3709 patrem
1260 3633 1441 3709 Thrasydaei

170 3721 370 3798 Pythonicum
399 3723 539 3799 Olympia
567 3742 657 3781 curru
684 3723 789 3782 vicisse
820 3715 861 3801 (v.
884 3714 943 3802 46).
994 3722 1133 3798 Namque
1167 3722 1260 3780 alium
1294 3723 1443 3798 quendam

170 3831 205 3869 ex
223 3812 386 3871 maioribus
406 3812 590 3888 Thrasydaei
608 3810 796 3888 Olympicum
814 3812 904 3870 istam
921 3811 1080 3870 victoriam
1097 3815 1264 3888 reportasse
1284 3812 1443 3887 quominus

170 3919 238 3959 cum
256 3901 406 3960 Bocckhio
426 3902 512 3976 Expl.
532 3922 559 3977 p.
579 3912 630 3959 337
650 3904 827 3978 statuamus
846 3919 950 3960 uersus
973 3901 1189 3979 antecedentes,
1208 3900 1261 3976 qui
1284 3901 1443 3976 Pythonici

169 3993 201 4048 et
224 3990 406 4066 Thrasydaei
434 3991 567 4049 solorum
594 3990 774 4050 mentionem
804 3990 931 4067 faciunt,
961 3990 1172 4066 impedimento
1196 3993 1274 4048 sunt.
1319 3989 1384 4047 Iam
1408 4010 1443 4048 ex

150 4079 285 4138 ¹duabus
309 4080 492 4155 Thrasydaei
510 4079 644 4138 victoriis
667 4082 736 4138 utra
759 4082 865 4155 poetae
887 4080 944 4138 hoc
968 4099 1086 4138 carmen
1110 4079 1238 4138 faciendi
1261 4079 1377 4153 copiam
1400 4079 1442 4138 fe-

170 4169 255 4246 cent,
284 4169 369 4228 nobis
397 4169 600 4245 quaerendum
623 4172 676 4227 est.
723 4169 798 4227 Cum
822 4169 900 4227 enim
924 4188 1033 4227 corona
1056 4169 1112 4227 hoc
1135 4168 1265 4227 carmine
1289 4167 1443 4226 illustrata

39 4320 51 4339 ‚
168 4259 363 4317 nutantia
391 4259 496 4317 domus
519 4258 650 4317 victricis
674 4277 735 4317 esse
763 4258 893 4334 dicatur,
920 4261 1082 4333 utrumque
1106 4257 1170 4315 fieri
1192 4258 1306 4332 potest,
1329 4260 1365 4314 ut
1388 4260 1443 4315 aut

169 4366 230 4405 nna
252 4348 379 4408 victoria
401 4348 456 4405 filii
479 4348 556 4406 duae
578 4348 687 4426 patria,
715 4351 770 4405 aut
797 4348 873 4405 duae
896 4345 952 4404 filii
974 4366 1034 4404 uua
1057 4346 1153 4422 patris
1175 4345 1295 4404 fuerint.
1341 4347 1441 4423 Atque

168 4439 205 4494 nt
232 4437 358 4496 alteram
386 4437 543 4496 victoriam
570 4437 754 4513 Thrasydaei
780 4436 927 4512 Pythiade
957 4439 997 4495 33
1023 4462 1065 4482 =
1089 4437 1153 4495 458
1182 4455 1208 4493 a.
1233 4434 1299 4494 Chr.
1323 4438 1442 4510 partam

167 4526 223 4585 hoc
247 4528 377 4585 carmine
400 4526 546 4584 illustrari
569 4529 720 4602 putarem,
751 4525 882 4601 politicis
904 4525 1071 4584 rationibus
1094 4529 1125 4583 ct
1147 4525 1287 4583 interiore
1311 4525 1442 4600 quadam

168 4615 373 4693 similitudine,
398 4636 474 4692 quae
498 4616 575 4673 inter
593 4615 729 4673 fabulam
751 4615 841 4672 huius
860 4614 999 4673 carminis
1018 4617 1049 4673 et
1068 4612 1217 4673 Orestiam
1236 4614 1441 4691 Aeschyleam‚

169 4723 194 4763 a.
210 4707 275 4765 458
299 4706 330 4763 in
354 4724 471 4764 scenam
494 4704 680 4781 productam,
699 4704 864 4781 intercedit,
884 4704 956 4763 olim
979 4706 1146 4763 commotus
1169 4721 1235 4760 snm
1255 4696 1347 4782 (Stzb.
1367 4703 1440 4762 db.

168 4793 225 4853 Aa
248 4797 331 4854 1889
356 4816 382 4871 p.
406 4808 437 4852 13
457 4788 517 4876 sa).
559 4794 679 4851 Etenim
702 4796 733 4851 et
755 4793 920 4852 similitudo
943 4794 1003 4851 ista
1026 4813 1061 4851 ea
1084 4797 1137 4871 est,
1161 4795 1197 4849 ut
1218 4794 1308 4866 poeta
1330 4791 1442 4866 lyricus
