3406 5378
271 338 343 392 LXX
588 338 597 357 ⁸
769 337 1047 390 PROLEGOMENA.

271 501 413 567 studium
447 501 543 567 etiam
577 506 693 586 postea
725 505 909 587 grassatum
943 500 1001 586 sit,
1039 521 1104 564 uno
1142 499 1289 584 exemplo
1323 499 1553 585 demonstrem,

272 608 386 673 Patavi
410 609 504 673 ludos
528 609 672 674 scenicos
697 632 716 673 a
739 607 878 672 Troiano
899 607 1064 672 Antenore
1087 605 1258 672 institutos
1277 629 1347 671 esse
1367 606 1552 694 ferebant‚¹)

620 786 674 851 De
703 785 956 851 certaminum
986 785 1203 872 generibus.

365 910 552 977 Certamina
571 912 721 976 ludorum
741 911 914 975 admodum
933 910 1023 975 varia
1041 915 1134 975 erant
1151 932 1255 994 neque
1275 910 1385 975 eadem
1405 910 1556 976 omnibus

272 1020 474 1105 temporibus
493 1022 550 1083 aut
569 1018 650 1083 locis
669 1019 908 1083 exercebantur.
945 1017 1054 1104 Atque
1073 1017 1214 1103 primum
1234 1017 1375 1082 breviter
1392 1040 1552 1102 exponere

271 1127 371 1210 iuvat,
390 1148 471 1211 quae
489 1125 666 1191 certamina
682 1125 836 1210 mythieis
852 1125 1054 1210 temporibus
1070 1125 1105 1189 in
1119 1146 1180 1188 usu
1195 1124 1324 1189 fuerint.
1357 1122 1396 1189 In
1410 1124 1552 1191 Patrocli

272 1233 375 1319 igitur
406 1232 518 1297 funere
551 1229 604 1318 (ll.
623 1249 710 1296 xxm
730 1218 929 1319 rat-897)
961 1232 1058 1296 duces
1085 1231 1164 1295 belli
1187 1231 1319 1296 Troiani
1348 1232 1552 1317 equestribus

273 1339 373 1426 bigis,
393 1339 558 1425 pugilatu,
581 1339 682 1424 lucta,
704 1361 814 1424 eursu,
837 1361 947 1425 pugna
970 1344 1105 1423 armata,
1128 1337 1227 1423 disco,
1249 1339 1444 1424 sagittando,
1467 1340 1554 1406 iacu-

275 1447 370 1512 lando
390 1446 476 1511 inter
494 1469 528 1510 se
548 1446 726 1511 certabant.
763 1444 872 1530 Atque
891 1445 977 1531 bigis
999 1445 1048 1509 illi
1068 1446 1246 1529 certabant,
1269 1447 1346 1532 quia
1364 1447 1460 1511 duces
1479 1447 1558 1511 belli

277 1552 443 1639 quadrigis
466 1552 530 1617 uisi
552 1553 761 1637 interpolatis
785 1553 931 1617 versibus
954 1551 1065 1616 Iliadis
1074 1550 1100 1639 ²)
1128 1553 1179 1617 usi
1207 1575 1277 1618 essa
1305 1575 1371 1618 non
1394 1553 1558 1639 feruntur3

277 1665 403 1726 armata
422 1682 498 1724 vero
517 1681 627 1745 pugna
645 1657 859 1746 (ὁπλομαχία)
882 1659 948 1724 iam
967 1658 1110 1724 Homero
1129 1661 1170 1725 ob
1194 1660 1337 1744 pericula
1356 1661 1451 1746 vitae,
1474 1684 1557 1747 quac

273 1768 310 1832 in
333 1766 465 1852 proeliis
486 1771 599 1832 contra
617 1767 738 1852 hostes,
760 1789 826 1831 non
850 1771 959 1831 autem
981 1767 1017 1830 in
1038 1766 1163 1832 ludicro
1188 1768 1362 1833 certamine
1387 1768 1476 1834 obire
1498 1769 1557 1833 ho-

274 1874 378 1939 mines
396 1873 498 1938 fortes
518 1874 654 1959 deceret,
672 1873 779 1938 minus
798 1874 947 1957 placebat
964 1877 997 1938 et
1015 1896 1090 1938 mox
1109 1897 1242 1959 prorsus
1260 1875 1296 1940 in
1314 1876 1558 1941 desuetudinem

274 1981 365 2046 abiit.
401 1980 513 2045 Etiam
537 2002 614 2045 arcu
638 1980 832 2065 sagittisque
856 1984 978 2046 certare
999 1979 1114 2045 Graeci
1138 1981 1203 2046 iam
1223 1981 1383 2066 Odysseae
1405 1983 1560 2068 tempori-

275 2089 335 2152 bus
369 2086 502 2151 desiisse
531 2085 695 2173 videntur3
731 2091 817 2152 certe
845 2085 1021 2172 Phaeaces,
1057 2087 1205 2171 quamvis
1233 2086 1344 2153 Ulixes
1380 2089 1559 2176 sagittandi

274 2193 509 2281 peritissimum
528 2216 562 2258 se
581 2194 728 2280 iactaret,
746 2217 823 2260 arcu
843 2199 965 2260 certare
983 2194 1167 2281 noluerunt,
1190 2176 1276 2280 quod
1294 2196 1403 2262 nescio
1423 2221 1464 2263 an
1483 2198 1559 2264 inde

275 2302 398 2366 factum
418 2301 472 2386 sit,
490 2302 577 2385 quod
595 2306 672 2386 post
689 2301 856 2367 heroicum
876 2324 990 2366 aevum
1009 2324 1086 2367 arcu
1109 2325 1253 2389 pugnare
1272 2304 1377 2390 magis
1396 2304 1559 2371 Thracum

277 2413 310 2473 et
333 2408 546 2473 harbarorum
570 2431 667 2493 quam
692 2408 890 2473 Graecorum
913 2429 983 2473 esse
1006 2409 1192 2493 putabatur.

365 2513 561 2599 Amarynoei
584 2515 619 2579 in
641 2515 754 2580 funere
775 2514 898 2579 Nestor
921 2537 955 2579 se
979 2515 1094 2580 vicisse
1119 2516 1279 2602 gloriatur
1301 2518 1451 2604 pugilatu
1472 2520 1561 2586 lucta

276 2646 373 2688 cursu
392 2623 495 2707 hasta,
520 2624 590 2688 solo
611 2622 714 2687 curuli
734 2622 910 2687 certamine
930 2644 964 2687 sc
984 2621 1105 2687 victum
1125 2623 1165 2687 ab
1184 2623 1418 2690 Aotorionibus
1438 2626 1560 2692 fatetur

277 2729 326 2817 (Il.
345 2726 627 2817 xrr111630-45).
669 2729 832 2795 Phaeaces
856 2751 932 2793 vero
957 2751 1054 2793 cursu
1077 2729 1165 2794 lucta
1188 2730 1274 2795 saltu
1297 2731 1386 2796 disco
1410 2733 1560 2819 pugilatu

277 2841 494 2922 certaverunt,
523 2837 641 2920 quibus
670 2837 811 2920 quinque
839 2836 1071 2901 certaminibus
1101 2840 1263 2901 non‘tam
1294 2840 1438 2904 certandi
1462 2862 1560 2925 quarn

277 2943 462 3010 ostentandi
477 2943 583 3029 gratia
601 2942 787 3007 saltatorios
802 2947 910 3007 motus
925 2941 1118 3006 addiderunt
1134 2940 1425 3032 (Od.v111100ss.).
1457 2946 1559 3013 Porro

278 3050 409 3135 Cypseli
432 3049 467 3114 in
490 3050 573 3115 cista
592 3049 770 3115 Pausanias
788 3067 811 3112 v
828 3051 866 3114 17
892 3049 1042 3113 ludorum
1063 3049 1250 3114 funebrium
1273 3051 1450 3118 certamina
1474 3054 1560 3140 bigis

277 3158 427 3245 pugilatu
451 3156 539 3243 lqcta
558 3157 647 3222 disco
668 3179 763 3221 cursu
782 3155 869 3221 facta
888 3155 983 3241 vidit,
1005 3155 1091 3220 idem
1111 3161 1220 3222 autem
1239 3159 1325 3242 quod
1340 3158 1465 3224 Iolaum
1485 3184 1561 3246 qua-

278 3265 379 3351 drigis
403 3265 587 3330 adstantem
611 3286 709 3328 curru
732 3263 847 3328 vicisse
872 3263 1023 3348 opinatus
1047 3268 1107 3348 est,
1130 3264 1211 3329 false
1234 3265 1466 3350 interpretatus
1490 3290 1560 3334 esse

277 3371 412 3437 videtur.
466 3369 578 3455 Neque
611 3370 697 3435 enim
733 3369 789 3435 alii
822 3369 1052 3455 quadrigarum
1084 3376 1241 3456 rectores,
1276 3372 1470 3456 quibuscum
1503 3374 1558 3439 ille

278 3483 424 3561 certaret,
448 3478 583 3542 aderant
600 3499 705 3561 neque
723 3477 816 3541 iuxta
834 3476 912 3562 biga
931 3482 1094 3542 certamen
1114 3477 1280 3564 quadrigis
1299 3477 1442 3543 certandi
1466 3478 1557 3543 locus

279 3590 363 3670 erat,
391 3584 528 3668 denique
552 3588 677 3648 armato
703 3606 811 3669 eursu,
835 3605 899 3648 non
923 3583 1089 3669 quadrigis
1111 3585 1236 3651 Iolaum
1260 3583 1294 3648 in
1317 3584 1425 3650 Peliae
1448 3585 1560 3651 funere

279 3692 394 3757 vicisse
419 3690 595 3755 scholiasta
617 3689 707 3754 Piud.
728 3690 752 3754 l.
772 3690 846 3754 130
869 3689 979 3756 tradit.

369 3798 419 3863 Ne
434 3797 557 3863 musica
573 3796 703 3881 quidem
722 3797 900 3862 certamina
915 3797 956 3862 ab
971 3795 1111 3862 heroicis
1125 3799 1328 3883 temporibus
1343 3800 1447 3865 aliena
1460 3800 1562 3865 fuisse

282 3906 444 3971 llesiodus
465 3928 537 3989 opp.
553 3906 617 3968 657
637 3907 787 3987 testatur,
810 3903 865 3987 qui
885 3904 1006 3989 hymno
1028 3904 1190 3989 tripodem
1208 3905 1242 3969 in
1266 3906 1353 3969 ludis
1371 3905 1562 3973 funebribus

281 4011 565 4097 Amphidamantis
590 4033 623 4075 se
648 4016 857 4076 consecutum
882 4032 951 4075 esse
974 4016 1095 4076 narrat.
1135 4011 1282 4096 Denique
1301 4034 1384 4095 quae
1403 4011 1561 4081 Pindarus

280 4121 315 4185 Ο.
330 4138 354 4183 x
370 4121 500 4184 64-73
520 4117 662 4182 deludis
683 4118 723 4181 ab
743 4117 882 4183 Hercule
906 4122 982 4202 post
1000 4117 1160 4181 devictum
1181 4114 1329 4202 Augeam
1349 4120 1455 4185 stadio
1474 4122 1563 4187 lucta

279 4226 430 4313 pugilatu
461 4225 627 4311 quadrigis
656 4224 763 4290 iaculo
794 4223 882 4288 disco
912 4222 1075 4287 institutis
1105 4222 1218 4306 refert,
1251 4245 1448 4309 quamquam
1478 4228 1562 4293 inter

279 4333 468 4399 testimonia
486 4337 596 4398 vetera
614 4332 819 4397 heroicorum
838 4336 1022 4415 temporum
1041 4330 1209 4395 referenda
1232 4353 1303 4396 esse
1325 4337 1358 4397 et
1381 4333 1450 4421 ipse
1469 4356 1563 4420 nego,

371 4513 398 4578 1)
416 4528 441 4564 v.
457 4508 546 4564 Tacit.
562 4509 656 4564 annal.
671 4528 717 4563 xvi
731 4514 774 4562 21.

370 4584 396 4650 ⁸2)
415 4579 508 4634 Il.v1n
526 4587 575 4634 185
591 4581 644 4636 dcl.
660 4579 848 4647 Aristarchus,
867 4597 894 4631 xr
909 4584 961 4632 699
980 4577 1111 4646 τέσσαρες
1125 4576 1281 4647 ἀθλοφόροι
1303 4579 1332 4633 in
1351 4580 1561 4637 narratiuncula

280 4652 393 4707 ternanti.
438 4652 467 4704 ln
491 4652 599 4723 Cypriis
626 4657 719 4708 autem
743 4653 841 4706 heroes
865 4649 1011 4731 quadrigis
1034 4652 1166 4704 vehentes
1191 4652 1272 4705 fictos
1296 4668 1369 4717 esso,
1395 4651 1461 4708 inda
1486 4654 1559 4708 effici

281 4725 404 4792 videtur,
429 4725 504 4791 quod
525 4724 881 4785 l'hilostr.lleroic.159,t
907 4720 1012 4789 Mysios
1032 4724 1128 4776 contra
1149 4721 1261 4776 Aiacem
1282 4723 1316 4776 dc
1340 4724 1486 4794 quadrigis
1508 4744 1559 4795 pu-

280 4813 381 4868 gnasse
399 4798 504 4851 narrat.
