<?xml version="1.0" encoding="UTF-8"?>
<!DOCTYPE html PUBLIC "-//W3C//DTD XHTML 1.0 Transitional//EN"
    "http://www.w3.org/TR/xhtml1/DTD/xhtml1-transitional.dtd">
<html xmlns="http://www.w3.org/1999/xhtml" xml:lang="en" lang="en">
 <head>
  <title>
</title>
<meta http-equiv="Content-Type" content="text/html;charset=utf-8" />
  <meta name='ocr-system' content='tesseract 3.04.00' />
  <meta name='ocr-capabilities' content='ocr_page ocr_carea ocr_par ocr_line ocrx_word'/>
</head>
<body>
  <div class='ocr_page' id='page_1' title='image "./pindaricarminap00pindgoog_0305.png"; bbox 0 0 3406 5378; ppageno 0'>
   <div class='ocr_carea' id='block_1_1' title="bbox 273 350 1076 414">
    <p class='ocr_par' dir='ltr' id='par_1_1' title="bbox 273 350 1076 414">
     <span class='ocr_line' id='line_1_1' title="bbox 273 350 1076 414; baseline -0.009 -2"><span class='ocrx_word' id='word_1_1' title='bbox 273 350 336 414; x_wconf 84' lang='lat'>134</span> <span class='ocrx_word' id='word_1_2' title='bbox 744 353 892 405; x_wconf 78' lang='lat' dir='ltr'>Pirnuu</span> <span class='ocrx_word' id='word_1_3' title='bbox 911 353 1076 405; x_wconf 75' lang='lat' dir='ltr'>semron.</span> 
     </span>
    </p>
   </div>
   <div class='ocr_carea' id='block_1_2' title="bbox 272 512 1145 1137">
    <p class='ocr_par' dir='ltr' id='par_1_2' title="bbox 272 512 1145 1137">
     <span class='ocr_line' id='line_1_2' title="bbox 324 512 906 600; baseline 0 -21"><span class='ocrx_word' id='word_1_4' title='bbox 324 514 438 600; x_wconf 79' lang='grc' dir='ltr'><em>ὀργαῖς</em></span> <span class='ocrx_word' id='word_1_5' title='bbox 461 512 572 593; x_wconf 73' lang='grc' dir='ltr'><strong><em>άτενδς</em></strong></span> <span class='ocrx_word' id='word_1_6' title='bbox 595 513 773 581; x_wconf 79' lang='grc' dir='ltr'><strong><em>ἀλωπέκων</em></strong></span> <span class='ocrx_word' id='word_1_7' title='bbox 797 520 906 580; x_wconf 89' lang='grc' dir='ltr'><strong><em>ίκελοι.</em></strong></span> 
     </span>
     <span class='ocr_line' id='line_1_3' title="bbox 323 620 1145 709; baseline 0.001 -23"><span class='ocrx_word' id='word_1_8' title='bbox 323 625 439 707; x_wconf 89' lang='grc' dir='ltr'><strong><em>κερδοῖ</em></strong></span> <span class='ocrx_word' id='word_1_9' title='bbox 459 620 495 688; x_wconf 72' lang='grc' dir='ltr'>δὲ</span> <span class='ocrx_word' id='word_1_10' title='bbox 519 627 553 689; x_wconf 84' lang='grc' dir='ltr'><strong><em>τί</em></strong></span> <span class='ocrx_word' id='word_1_11' title='bbox 573 623 660 708; x_wconf 93' lang='grc' dir='ltr'><strong><em>μάλα</em></strong></span> <span class='ocrx_word' id='word_1_12' title='bbox 683 632 781 688; x_wconf 88' lang='grc' dir='ltr'><strong><em>τοῦτο</em></strong></span> <span class='ocrx_word' id='word_1_13' title='bbox 803 621 982 709; x_wconf 74' lang='grc' dir='ltr'><strong><em>κερδαλέον</em></strong></span> <span class='ocrx_word' id='word_1_14' title='bbox 1005 621 1145 707; x_wconf 81' lang='grc' dir='ltr'><strong><em>τελέθει;</em></strong></span> 
     </span>
     <span class='ocr_line' id='line_1_4' title="bbox 324 730 635 815; baseline 0.003 -21"><span class='ocrx_word' id='word_1_15' title='bbox 324 731 380 795; x_wconf 82' lang='grc' dir='ltr'>ἅτε</span> <span class='ocrx_word' id='word_1_16' title='bbox 402 731 465 815; x_wconf 88' lang='grc' dir='ltr'><strong><em>γάρ</em></strong></span> <span class='ocrx_word' id='word_1_17' title='bbox 489 730 635 795; x_wconf 75' lang='grc' dir='ltr'><strong><em>εἰνάλιον</em></strong></span> 
     </span>
     <span class='ocr_line' id='line_1_5' title="bbox 367 835 752 920; baseline -0.003 -19"><span class='ocrx_word' id='word_1_18' title='bbox 367 839 473 901; x_wconf 83' lang='grc' dir='ltr'><strong><em>πόνον</em></strong></span> <span class='ocrx_word' id='word_1_19' title='bbox 496 835 638 920; x_wconf 83' lang='grc' dir='ltr'><strong><em>έχοί-σας</em></strong></span> <span class='ocrx_word' id='word_1_20' title='bbox 660 838 752 919; x_wconf 81' lang='grc' dir='ltr'><strong><em>βαθύ</em></strong></span> 
     </span>
     <span class='ocr_line' id='line_1_6' title="bbox 272 940 719 1029; baseline 0.002 -23"><span class='ocrx_word' id='word_1_21' title='bbox 272 959 306 1007; x_wconf 84' lang='lat'>80</span> <span class='ocrx_word' id='word_1_22' title='bbox 325 953 444 1020; x_wconf 89' lang='grc' dir='ltr'><strong><em>σκευᾶς</em></strong></span> <span class='ocrx_word' id='word_1_23' title='bbox 467 940 591 1029; x_wconf 78' lang='grc' dir='ltr'><strong><em>ἑτέρας,</em></strong></span> <span class='ocrx_word' id='word_1_24' title='bbox 614 942 719 1026; x_wconf 86' lang='grc' dir='ltr'><strong><em>άβάπ-</em></strong></span> 
     </span>
     <span class='ocr_line' id='line_1_7' title="bbox 367 1047 1136 1137; baseline -0.001 -21"><span class='ocrx_word' id='word_1_25' title='bbox 367 1054 477 1129; x_wconf 80' lang='grc' dir='ltr'><strong><em>πιστός</em></strong></span> <span class='ocrx_word' id='word_1_26' title='bbox 500 1053 565 1136; x_wconf 89' lang='grc' dir='ltr'><strong><em>είμι</em></strong></span> <span class='ocrx_word' id='word_1_27' title='bbox 589 1052 709 1135; x_wconf 82' lang='grc' dir='ltr'><strong><em>φελλὸς</em></strong></span> <span class='ocrx_word' id='word_1_28' title='bbox 733 1049 777 1127; x_wconf 78' lang='grc' dir='ltr'><strong><em>ὣς</em></strong></span> <span class='ocrx_word' id='word_1_29' title='bbox 799 1047 882 1137; x_wconf 69' lang='grc' dir='ltr'><strong><em>ὑπὲρ</em></strong></span> <span class='ocrx_word' id='word_1_30' title='bbox 906 1049 1002 1135; x_wconf 80' lang='grc' dir='ltr'><strong><em>ἕρκος</em></strong></span> <span class='ocrx_word' id='word_1_31' title='bbox 1024 1052 1136 1135; x_wconf 77' lang='grc' dir='ltr'><strong><em>ἅλμας.</em></strong></span> 
     </span>
    </p>
   </div>
   <div class='ocr_carea' id='block_1_3' title="bbox 275 1260 1548 2315">
    <p class='ocr_par' dir='ltr' id='par_1_3' title="bbox 275 1260 1548 2315">
     <span class='ocr_line' id='line_1_8' title="bbox 324 1260 1480 1350; baseline -0.003 -20"><span class='ocrx_word' id='word_1_32' title='bbox 324 1264 472 1330; x_wconf 82' lang='grc' dir='ltr'><strong><em>ἀδύνατα</em></strong></span> <span class='ocrx_word' id='word_1_33' title='bbox 497 1263 528 1330; x_wconf 90' lang='grc' dir='ltr'>δ’</span> <span class='ocrx_word' id='word_1_34' title='bbox 554 1260 634 1341; x_wconf 80' lang='grc' dir='ltr'><strong><em>ἔπος</em></strong></span> <span class='ocrx_word' id='word_1_35' title='bbox 654 1263 805 1349; x_wconf 79' lang='grc' dir='ltr'><strong><em>ἐκβαλεῖν</em></strong></span> <span class='ocrx_word' id='word_1_36' title='bbox 826 1267 986 1350; x_wconf 88' lang='grc' dir='ltr'><strong><em>κραταιὸν</em></strong></span> <span class='ocrx_word' id='word_1_37' title='bbox 1010 1264 1047 1330; x_wconf 85' lang='grc' dir='ltr'>ἐν</span> <span class='ocrx_word' id='word_1_38' title='bbox 1069 1264 1211 1346; x_wconf 87' lang='grc' dir='ltr'><strong><em>άγαθοῖς</em></strong></span> <span class='ocrx_word' id='word_1_39' title='bbox 1330 1261 1413 1327; x_wconf 82' lang='grc' dir='ltr'><strong><em>Ἀντ.</em></strong></span> <span class='ocrx_word' id='word_1_40' title='bbox 1437 1260 1457 1327; x_wconf 92' lang='grc' dir='ltr'><strong><em>δ</em></strong></span> <span class='ocrx_word' id='word_1_41' title='bbox 1463 1262 1480 1327; x_wconf 82' lang='grc'>’.</span> 
     </span>
     <span class='ocr_line' id='line_1_9' title="bbox 325 1372 1546 1456; baseline -0.003 -19"><span class='ocrx_word' id='word_1_42' title='bbox 325 1375 438 1437; x_wconf 91' lang='grc' dir='ltr'><strong><em>δόλιον</em></strong></span> <span class='ocrx_word' id='word_1_43' title='bbox 462 1372 575 1437; x_wconf 88' lang='grc' dir='ltr'><strong><em>άστόν·</em></strong></span> <span class='ocrx_word' id='word_1_44' title='bbox 601 1373 688 1456; x_wconf 86' lang='grc' dir='ltr'><strong><em>ὅμως</em></strong></span> <span class='ocrx_word' id='word_1_45' title='bbox 709 1374 776 1456; x_wconf 86' lang='grc' dir='ltr'>μὰν</span> <span class='ocrx_word' id='word_1_46' title='bbox 1497 1387 1546 1433; x_wconf 82' lang='lat'>150</span> 
     </span>
     <span class='ocr_line' id='line_1_10' title="bbox 359 1476 864 1561; baseline 0.008 -22"><span class='ocrx_word' id='word_1_47' title='bbox 359 1482 494 1544; x_wconf 86' lang='grc' dir='ltr'><strong><em>σαίνων</em></strong></span> <span class='ocrx_word' id='word_1_48' title='bbox 516 1476 591 1543; x_wconf 81' lang='grc' dir='ltr'><strong><em>ποτὶ</em></strong></span> <span class='ocrx_word' id='word_1_49' title='bbox 616 1479 755 1561; x_wconf 84' lang='grc' dir='ltr'><strong><em>πάντας,</em></strong></span> <span class='ocrx_word' id='word_1_50' title='bbox 779 1477 864 1560; x_wconf 84' lang='grc' dir='ltr'><strong><em>άγάν</em></strong></span> 
     </span>
     <span class='ocr_line' id='line_1_11' title="bbox 368 1584 675 1669; baseline -0.003 -20"><span class='ocrx_word' id='word_1_51' title='bbox 368 1585 477 1669; x_wconf 86' lang='grc' dir='ltr'><strong><em>πάγχυ</em></strong></span> <span class='ocrx_word' id='word_1_52' title='bbox 500 1584 675 1650; x_wconf 75' lang='grc' dir='ltr'><strong><em>διαπλέκει.</em></strong></span> 
     </span>
     <span class='ocr_line' id='line_1_12' title="bbox 325 1690 1146 1777; baseline 0 -20"><span class='ocrx_word' id='word_1_53' title='bbox 325 1694 366 1757; x_wconf 86' lang='grc' dir='ltr'>οὔ</span> <span class='ocrx_word' id='word_1_54' title='bbox 388 1698 442 1756; x_wconf 67' lang='lat' dir='ltr'>Por</span> <span class='ocrx_word' id='word_1_55' title='bbox 465 1690 587 1777; x_wconf 78' lang='grc' dir='ltr'><strong><em>μετέχω</em></strong></span> <span class='ocrx_word' id='word_1_56' title='bbox 611 1692 763 1777; x_wconf 91' lang='grc' dir='ltr'><strong><em>θράσεος.</em></strong></span> <span class='ocrx_word' id='word_1_57' title='bbox 809 1695 911 1776; x_wconf 85' lang='grc' dir='ltr'><strong><em>φίλον</em></strong></span> <span class='ocrx_word' id='word_1_58' title='bbox 934 1698 999 1775; x_wconf 76' lang='grc' dir='ltr'><strong><em>εῐ-νγ</em></strong></span> <span class='ocrx_word' id='word_1_59' title='bbox 1022 1697 1146 1776; x_wconf 80' lang='grc' dir='ltr'><strong><em>φιλεῖν·</em></strong></span> 
     </span>
     <span class='ocr_line' id='line_1_13' title="bbox 326 1798 1546 1884; baseline -0.003 -19"><span class='ocrx_word' id='word_1_60' title='bbox 326 1799 402 1866; x_wconf 82' lang='grc' dir='ltr'><strong><em>ποτὶ</em></strong></span> <span class='ocrx_word' id='word_1_61' title='bbox 425 1798 457 1864; x_wconf 89' lang='grc' dir='ltr'>δ’</span> <span class='ocrx_word' id='word_1_62' title='bbox 483 1799 606 1884; x_wconf 84' lang='grc' dir='ltr'><strong><em>έχθρὸν</em></strong></span> <span class='ocrx_word' id='word_1_63' title='bbox 629 1798 680 1864; x_wconf 72' lang='grc' dir='ltr'><strong><em>ἅτ’</em></strong></span> <span class='ocrx_word' id='word_1_64' title='bbox 706 1798 827 1884; x_wconf 81' lang='grc' dir='ltr'><strong><em>ἐχθρὸς</em></strong></span> <span class='ocrx_word' id='word_1_65' title='bbox 850 1798 914 1864; x_wconf 84' lang='grc' dir='ltr'><strong><em>ε’ὼν</em></strong></span> <span class='ocrx_word' id='word_1_66' title='bbox 937 1800 1051 1864; x_wconf 89' lang='grc' dir='ltr'><strong><em>λύκοιο</em></strong></span> <span class='ocrx_word' id='word_1_67' title='bbox 1075 1801 1172 1864; x_wconf 89' lang='grc' dir='ltr'><strong><em>δίκαν</em></strong></span> <span class='ocrx_word' id='word_1_68' title='bbox 1196 1801 1440 1884; x_wconf 79' lang='grc' dir='ltr'><strong><em>ὑποθεύσομαι,</em></strong></span> <span class='ocrx_word' id='word_1_69' title='bbox 1497 1817 1546 1862; x_wconf 76' lang='lat'>155</span> 
     </span>
     <span class='ocr_line' id='line_1_14' title="bbox 275 1905 987 1983; baseline 0.001 -14"><span class='ocrx_word' id='word_1_70' title='bbox 275 1926 308 1970; x_wconf 71' lang='lat' dir='ltr'>ee</span> <span class='ocrx_word' id='word_1_71' title='bbox 329 1906 401 1971; x_wconf 86' lang='grc' dir='ltr'><strong><em>ἀλλ’</em></strong></span> <span class='ocrx_word' id='word_1_72' title='bbox 426 1908 542 1971; x_wconf 80' lang='grc' dir='ltr'><strong><em>ἄλλοτε</em></strong></span> <span class='ocrx_word' id='word_1_73' title='bbox 565 1906 695 1971; x_wconf 82' lang='grc' dir='ltr'><strong><em>πατέων</em></strong></span> <span class='ocrx_word' id='word_1_74' title='bbox 718 1905 810 1983; x_wconf 83' lang='grc' dir='ltr'><strong><em>ὁδοῖς</em></strong></span> <span class='ocrx_word' id='word_1_75' title='bbox 831 1911 987 1982; x_wconf 89' lang='grc' dir='ltr'><strong><em>σκολιαῖς.</em></strong></span> 
     </span>
     <span class='ocr_line' id='line_1_15' title="bbox 327 2010 1242 2099; baseline 0 -20"><span class='ocrx_word' id='word_1_76' title='bbox 327 2013 364 2079; x_wconf 84' lang='grc' dir='ltr'>έν</span> <span class='ocrx_word' id='word_1_77' title='bbox 386 2016 493 2080; x_wconf 90' lang='grc' dir='ltr'><strong><em>πάντα</em></strong></span> <span class='ocrx_word' id='word_1_78' title='bbox 517 2010 553 2079; x_wconf 73' lang='grc' dir='ltr'>δὲ</span> <span class='ocrx_word' id='word_1_79' title='bbox 576 2017 681 2098; x_wconf 90' lang='grc' dir='ltr'><strong><em>νόμον</em></strong></span> <span class='ocrx_word' id='word_1_80' title='bbox 703 2013 940 2096; x_wconf 79' lang='grc' dir='ltr'><strong><em>εὐθύγλωσσος</em></strong></span> <span class='ocrx_word' id='word_1_81' title='bbox 961 2013 1046 2098; x_wconf 81' lang='grc' dir='ltr'><strong><em>ἀνὴρ</em></strong></span> <span class='ocrx_word' id='word_1_82' title='bbox 1069 2013 1242 2099; x_wconf 81' lang='grc' dir='ltr'><strong><em>προφέρει,</em></strong></span> 
     </span>
     <span class='ocr_line' id='line_1_16' title="bbox 325 2121 711 2207; baseline -0.005 -20"><span class='ocrx_word' id='word_1_83' title='bbox 325 2123 414 2207; x_wconf 80' lang='grc' dir='ltr'><strong><em>παρὰ</em></strong></span> <span class='ocrx_word' id='word_1_84' title='bbox 438 2122 625 2206; x_wconf 84' lang='grc' dir='ltr'><strong><em>τυραννίδι,</em></strong></span> <span class='ocrx_word' id='word_1_85' title='bbox 648 2121 711 2206; x_wconf 83' lang='grc' dir='ltr'>χώ-</span> 
     </span>
     <span class='ocr_line' id='line_1_17' title="bbox 370 2228 1548 2315; baseline -0.002 -21"><span class='ocrx_word' id='word_1_86' title='bbox 370 2233 475 2295; x_wconf 89' lang='grc' dir='ltr'><strong><em>πόταν</em></strong></span> <span class='ocrx_word' id='word_1_87' title='bbox 498 2228 516 2294; x_wconf 89' lang='grc' dir='ltr'>ὁ</span> <span class='ocrx_word' id='word_1_88' title='bbox 540 2229 677 2315; x_wconf 82' lang='grc' dir='ltr'><strong><em>λάβ-ρος</em></strong></span> <span class='ocrx_word' id='word_1_89' title='bbox 700 2232 853 2314; x_wconf 84' lang='grc' dir='ltr'><strong><em>στρατός,</em></strong></span> <span class='ocrx_word' id='word_1_90' title='bbox 1499 2247 1548 2294; x_wconf 82' lang='lat' dir='ltr'>roe</span> 
     </span>
    </p>
   </div>
   <div class='ocr_carea' id='block_1_4' title="bbox 274 2456 1551 2882">
    <p class='ocr_par' dir='ltr' id='par_1_4' title="bbox 274 2456 1551 2882">
     <span class='ocr_line' id='line_1_18' title="bbox 346 2456 1550 2529; baseline 0.001 -17"><span class='ocrx_word' id='word_1_91' title='bbox 346 2464 387 2513; x_wconf 83' lang='grc'>78,</span> <span class='ocrx_word' id='word_1_92' title='bbox 412 2460 508 2526; x_wconf 85' lang='grc' dir='ltr'><strong><em>κερδοῖ</em></strong></span> <span class='ocrx_word' id='word_1_93' title='bbox 526 2457 596 2512; x_wconf 90' lang='lat' dir='ltr'>coni.</span> <span class='ocrx_word' id='word_1_94' title='bbox 613 2457 757 2513; x_wconf 83' lang='lat' dir='ltr'><strong>Huschke:</strong></span> <span class='ocrx_word' id='word_1_95' title='bbox 782 2457 875 2527; x_wconf 81' lang='grc' dir='ltr'><strong><em>κέρδει</em></strong></span> <span class='ocrx_word' id='word_1_96' title='bbox 894 2459 973 2511; x_wconf 83' lang='lat' dir='ltr'>codd.</span> <span class='ocrx_word' id='word_1_97' title='bbox 994 2490 1027 2497; x_wconf 97' lang='lat'><em>-</em></span> <span class='ocrx_word' id='word_1_98' title='bbox 1047 2457 1074 2512; x_wconf 83' lang='grc' dir='ltr'><strong><em>τί</em></strong></span> <span class='ocrx_word' id='word_1_99' title='bbox 1091 2468 1173 2513; x_wconf 79' lang='grc' dir='ltr'><strong><em>τοῦτο</em></strong></span> <span class='ocrx_word' id='word_1_100' title='bbox 1192 2458 1267 2529; x_wconf 86' lang='grc' dir='ltr'><strong><em>μάλα</em></strong></span> <span class='ocrx_word' id='word_1_101' title='bbox 1287 2461 1310 2515; x_wconf 82' lang='lat' dir='ltr'><em>O</em></span> <span class='ocrx_word' id='word_1_102' title='bbox 1327 2491 1359 2499; x_wconf 89' lang='lat'>-</span> <span class='ocrx_word' id='word_1_103' title='bbox 1379 2456 1500 2513; x_wconf 67' lang='grc' dir='ltr'><strong><em>τελέθεις</em></strong></span> <span class='ocrx_word' id='word_1_104' title='bbox 1525 2456 1550 2513; x_wconf 78' lang='grc' dir='ltr'><strong><em>τί</em></strong></span> 
     </span>
     <span class='ocr_line' id='line_1_19' title="bbox 275 2527 1551 2602; baseline -0.001 -18"><span class='ocrx_word' id='word_1_105' title='bbox 275 2530 311 2598; x_wconf 85' lang='grc' dir='ltr'>δή</span> <span class='ocrx_word' id='word_1_106' title='bbox 331 2530 357 2585; x_wconf 84' lang='grc' dir='ltr'>ολ</span> <span class='ocrx_word' id='word_1_107' title='bbox 375 2531 403 2584; x_wconf 89' lang='grc' dir='ltr'>Β</span> <span class='ocrx_word' id='word_1_108' title='bbox 423 2562 456 2570; x_wconf 86' lang='grc'>-</span> <span class='ocrx_word' id='word_1_109' title='bbox 476 2534 517 2583; x_wconf 78' lang='grc'>79.</span> <span class='ocrx_word' id='word_1_110' title='bbox 538 2528 611 2583; x_wconf 80' lang='grc' dir='ltr'><strong><em>έναλ,</em></strong></span> <span class='ocrx_word' id='word_1_111' title='bbox 631 2530 658 2583; x_wconf 84' lang='grc' dir='ltr'><em>Β</em></span> <span class='ocrx_word' id='word_1_112' title='bbox 671 2530 743 2593; x_wconf 66' lang='grc' dir='ltr'>Οὓς</span> <span class='ocrx_word' id='word_1_113' title='bbox 763 2530 797 2583; x_wconf 83' lang='lat' dir='ltr'>cf.</span> <span class='ocrx_word' id='word_1_114' title='bbox 813 2530 928 2585; x_wconf 80' lang='lat' dir='ltr'>O.1xeu</span> <span class='ocrx_word' id='word_1_115' title='bbox 948 2562 980 2569; x_wconf 92' lang='lat'><strong>—</strong></span> <span class='ocrx_word' id='word_1_116' title='bbox 1001 2527 1110 2600; x_wconf 73' lang='grc' dir='ltr'><strong><em>ἐχοίσας</em></strong></span> <span class='ocrx_word' id='word_1_117' title='bbox 1131 2531 1202 2586; x_wconf 77' lang='lat' dir='ltr'>OD:</span> <span class='ocrx_word' id='word_1_118' title='bbox 1229 2529 1340 2602; x_wconf 81' lang='grc' dir='ltr'><strong><em>ύχοίσας</em></strong></span> <span class='ocrx_word' id='word_1_119' title='bbox 1359 2532 1398 2599; x_wconf 89' lang='lat' dir='ltr'>B,</span> <span class='ocrx_word' id='word_1_120' title='bbox 1425 2527 1551 2599; x_wconf 79' lang='grc' dir='ltr'><strong><em>ὀχευίσας</em></strong></span> 
     </span>
     <span class='ocr_line' id='line_1_20' title="bbox 276 2598 1551 2673; baseline -0.001 -17"><span class='ocrx_word' id='word_1_121' title='bbox 276 2601 347 2657; x_wconf 89' lang='lat' dir='ltr'>coni.</span> <span class='ocrx_word' id='word_1_122' title='bbox 370 2600 518 2655; x_wconf 85' lang='lat' dir='ltr'>Ahlwardt</span> <span class='ocrx_word' id='word_1_123' title='bbox 543 2632 576 2640; x_wconf 92' lang='lat'><em>-</em></span> <span class='ocrx_word' id='word_1_124' title='bbox 603 2601 689 2672; x_wconf 81' lang='grc' dir='ltr'><strong><em>βάθει</em></strong></span> <span class='ocrx_word' id='word_1_125' title='bbox 715 2601 785 2655; x_wconf 89' lang='lat' dir='ltr'>coni.</span> <span class='ocrx_word' id='word_1_126' title='bbox 811 2601 954 2672; x_wconf 82' lang='lat' dir='ltr'>Hartung,</span> <span class='ocrx_word' id='word_1_127' title='bbox 973 2602 1070 2673; x_wconf 77' lang='grc' dir='ltr'><strong><em>βαθὺν</em></strong></span> <span class='ocrx_word' id='word_1_128' title='bbox 1088 2602 1181 2672; x_wconf 84' lang='lat' dir='ltr'>Bergk</span> <span class='ocrx_word' id='word_1_129' title='bbox 1200 2634 1233 2642; x_wconf 96' lang='lat'>-</span> <span class='ocrx_word' id='word_1_130' title='bbox 1253 2607 1294 2657; x_wconf 80' lang='lat'>80.</span> <span class='ocrx_word' id='word_1_131' title='bbox 1316 2598 1372 2672; x_wconf 84' lang='grc' dir='ltr'><strong><em>εἶμι</em></strong></span> <span class='ocrx_word' id='word_1_132' title='bbox 1390 2601 1551 2672; x_wconf 85' lang='lat' dir='ltr'>praeferunt</span> 
     </span>
     <span class='ocr_line' id='line_1_21' title="bbox 275 2671 1550 2742; baseline 0.002 -17"><span class='ocrx_word' id='word_1_133' title='bbox 275 2672 387 2742; x_wconf 83' lang='lat' dir='ltr'>Bergk³</span> <span class='ocrx_word' id='word_1_134' title='bbox 410 2675 439 2726; x_wconf 91' lang='lat' dir='ltr'>et</span> <span class='ocrx_word' id='word_1_135' title='bbox 464 2671 609 2725; x_wconf 83' lang='lat' dir='ltr'>Schnitzer</span> <span class='ocrx_word' id='word_1_136' title='bbox 635 2671 669 2725; x_wconf 93' lang='lat' dir='ltr'>de</span> <span class='ocrx_word' id='word_1_137' title='bbox 693 2671 772 2726; x_wconf 88' lang='lat' dir='ltr'>Pind.</span> <span class='ocrx_word' id='word_1_138' title='bbox 793 2671 900 2726; x_wconf 87' lang='lat' dir='ltr'>emend.</span> <span class='ocrx_word' id='word_1_139' title='bbox 922 2688 949 2726; x_wconf 84' lang='lat' dir='ltr'>aa</span> <span class='ocrx_word' id='word_1_140' title='bbox 972 2704 1003 2712; x_wconf 92' lang='lat'><em>-</em></span> <span class='ocrx_word' id='word_1_141' title='bbox 1025 2679 1068 2729; x_wconf 83' lang='lat'>81.</span> <span class='ocrx_word' id='word_1_142' title='bbox 1094 2674 1237 2727; x_wconf 80' lang='grc' dir='ltr'><strong><em>ἀδύνατον</em></strong></span> <span class='ocrx_word' id='word_1_143' title='bbox 1258 2671 1286 2726; x_wconf 89' lang='grc' dir='ltr'>δ’</span> <span class='ocrx_word' id='word_1_144' title='bbox 1307 2675 1336 2728; x_wconf 89' lang='lat' dir='ltr'><em>D</em></span> <span class='ocrx_word' id='word_1_145' title='bbox 1356 2706 1388 2714; x_wconf 92' lang='lat'>—-</span> <span class='ocrx_word' id='word_1_146' title='bbox 1408 2679 1449 2728; x_wconf 72' lang='lat'>82.</span> <span class='ocrx_word' id='word_1_147' title='bbox 1476 2673 1550 2742; x_wconf 78' lang='grc' dir='ltr'><strong><em>ἄγαν</em></strong></span> 
     </span>
     <span class='ocr_line' id='line_1_22' title="bbox 274 2741 1550 2813; baseline -0.001 -14"><span class='ocrx_word' id='word_1_148' title='bbox 274 2743 401 2799; x_wconf 79' lang='lat' dir='ltr'>Boeclrh:</span> <span class='ocrx_word' id='word_1_149' title='bbox 421 2742 495 2813; x_wconf 80' lang='grc' dir='ltr'><strong><em>ἄγαν</em></strong></span> <span class='ocrx_word' id='word_1_150' title='bbox 514 2744 608 2810; x_wconf 86' lang='lat' dir='ltr'>codd,</span> <span class='ocrx_word' id='word_1_151' title='bbox 636 2742 709 2798; x_wconf 82' lang='grc' dir='ltr'><strong><em>ύταν</em></strong></span> <span class='ocrx_word' id='word_1_152' title='bbox 735 2744 831 2813; x_wconf 77' lang='lat' dir='ltr'>Heyne</span> <span class='ocrx_word' id='word_1_153' title='bbox 851 2775 884 2783; x_wconf 97' lang='lat'>-</span> <span class='ocrx_word' id='word_1_154' title='bbox 904 2741 1036 2798; x_wconf 78' lang='grc' dir='ltr'><strong><em>διάπλεκε</em></strong></span> <span class='ocrx_word' id='word_1_155' title='bbox 1054 2762 1080 2798; x_wconf 90' lang='lat' dir='ltr'>v.</span> <span class='ocrx_word' id='word_1_156' title='bbox 1100 2743 1118 2799; x_wconf 90' lang='lat' dir='ltr'>l.</span> <span class='ocrx_word' id='word_1_157' title='bbox 1139 2744 1224 2799; x_wconf 91' lang='lat' dir='ltr'>schol.</span> <span class='ocrx_word' id='word_1_158' title='bbox 1244 2747 1347 2798; x_wconf 82' lang='lat' dir='ltr'><strong>recent.</strong></span> <span class='ocrx_word' id='word_1_159' title='bbox 1372 2776 1405 2784; x_wconf 97' lang='lat'>-</span> <span class='ocrx_word' id='word_1_160' title='bbox 1430 2750 1472 2799; x_wconf 81' lang='lat'>84.</span> <span class='ocrx_word' id='word_1_161' title='bbox 1501 2744 1550 2798; x_wconf 84' lang='grc' dir='ltr'>ἰὼν</span> 
     </span>
     <span class='ocr_line' id='line_1_23' title="bbox 275 2814 776 2882; baseline -0.004 -12"><span class='ocrx_word' id='word_1_162' title='bbox 275 2815 406 2871; x_wconf 75' lang='lat' dir='ltr'><strong>Huschke</strong></span> <span class='ocrx_word' id='word_1_163' title='bbox 426 2847 458 2855; x_wconf 94' lang='lat'><em>-</em></span> <span class='ocrx_word' id='word_1_164' title='bbox 479 2819 520 2868; x_wconf 76' lang='lat'>87.</span> <span class='ocrx_word' id='word_1_165' title='bbox 541 2819 642 2882; x_wconf 81' lang='grc' dir='ltr'><strong><em>λαύρας</em></strong></span> <span class='ocrx_word' id='word_1_166' title='bbox 661 2814 723 2869; x_wconf 89' lang='lat' dir='ltr'>BD</span> <span class='ocrx_word' id='word_1_167' title='bbox 742 2846 776 2857; x_wconf 90' lang='lat'>-</span> 
     </span>
    </p>
   </div>
   <div class='ocr_carea' id='block_1_5' title="bbox 275 2956 1554 4886">
    <p class='ocr_par' dir='ltr' id='par_1_5' title="bbox 275 2956 1554 4886">
     <span class='ocr_line' id='line_1_24' title="bbox 276 2956 1550 3031; baseline -0.001 -17"><span class='ocrx_word' id='word_1_168' title='bbox 276 2959 376 3014; x_wconf 84' lang='lat' dir='ltr'>schol:</span> <span class='ocrx_word' id='word_1_169' title='bbox 402 2957 558 3026; x_wconf 79' lang='grc' dir='ltr'><strong><em>ὑποφάτιες</em></strong></span> <span class='ocrx_word' id='word_1_170' title='bbox 583 2957 614 3011; x_wconf 76' lang='grc' dir='ltr'>δὲ</span> <span class='ocrx_word' id='word_1_171' title='bbox 641 2959 704 3012; x_wconf 76' lang='grc' dir='ltr'><strong><em>ἀντὶ</em></strong></span> <span class='ocrx_word' id='word_1_172' title='bbox 730 2966 779 3011; x_wconf 85' lang='grc' dir='ltr'><strong><em>τοῦ</em></strong></span> <span class='ocrx_word' id='word_1_173' title='bbox 800 2958 964 3027; x_wconf 80' lang='grc' dir='ltr'><strong><em>ἑρμηνευταλ</em></strong></span> <span class='ocrx_word' id='word_1_174' title='bbox 983 2959 1031 3011; x_wconf 82' lang='grc' dir='ltr'>καλ</span> <span class='ocrx_word' id='word_1_175' title='bbox 1050 2956 1183 3031; x_wconf 84' lang='grc' dir='ltr'><strong><em>διάβολοι.</em></strong></span> <span class='ocrx_word' id='word_1_176' title='bbox 1231 2959 1271 3012; x_wconf 83' lang='lat' dir='ltr'>Ex</span> <span class='ocrx_word' id='word_1_177' title='bbox 1290 2959 1344 3013; x_wconf 87' lang='lat' dir='ltr'>hac</span> <span class='ocrx_word' id='word_1_178' title='bbox 1363 2959 1550 3030; x_wconf 74' lang='lat' dir='ltr'>explicatione</span> 
     </span>
     <span class='ocr_line' id='line_1_25' title="bbox 276 3029 1550 3100; baseline -0.001 -14"><span class='ocrx_word' id='word_1_179' title='bbox 276 3048 332 3086; x_wconf 91' lang='lat' dir='ltr'>non</span> <span class='ocrx_word' id='word_1_180' title='bbox 358 3048 421 3084; x_wconf 92' lang='lat' dir='ltr'>cum</span> <span class='ocrx_word' id='word_1_181' title='bbox 447 3029 549 3083; x_wconf 84' lang='lat' dir='ltr'>Bothio</span> <span class='ocrx_word' id='word_1_182' title='bbox 573 3029 737 3083; x_wconf 82' lang='lat' dir='ltr'>concludere</span> <span class='ocrx_word' id='word_1_183' title='bbox 757 3030 847 3083; x_wconf 92' lang='lat' dir='ltr'>audeo</span> <span class='ocrx_word' id='word_1_184' title='bbox 867 3029 1050 3084; x_wconf 85' lang='lat' dir='ltr'>scholiastam</span> <span class='ocrx_word' id='word_1_185' title='bbox 1069 3029 1098 3082; x_wconf 94' lang='lat' dir='ltr'>in</span> <span class='ocrx_word' id='word_1_186' title='bbox 1116 3048 1166 3084; x_wconf 89' lang='lat' dir='ltr'>suo</span> <span class='ocrx_word' id='word_1_187' title='bbox 1185 3029 1258 3085; x_wconf 89' lang='lat' dir='ltr'>libro</span> <span class='ocrx_word' id='word_1_188' title='bbox 1284 3030 1462 3100; x_wconf 80' lang='grc' dir='ltr'><strong><em>θποφάτορες</em></strong></span> <span class='ocrx_word' id='word_1_189' title='bbox 1487 3048 1550 3085; x_wconf 85' lang='lat' dir='ltr'>exa-</span> 
     </span>
     <span class='ocr_line' id='line_1_26' title="bbox 275 3099 1550 3171; baseline -0.001 -15"><span class='ocrx_word' id='word_1_190' title='bbox 275 3107 369 3157; x_wconf 89' lang='lat' dir='ltr'>ratum</span> <span class='ocrx_word' id='word_1_191' title='bbox 394 3100 547 3165; x_wconf 76' lang='lat' dir='ltr'>invenisse3</span> <span class='ocrx_word' id='word_1_192' title='bbox 573 3100 658 3153; x_wconf 92' lang='lat' dir='ltr'>immo</span> <span class='ocrx_word' id='word_1_193' title='bbox 684 3099 733 3154; x_wconf 90' lang='lat' dir='ltr'>ille</span> <span class='ocrx_word' id='word_1_194' title='bbox 759 3101 910 3155; x_wconf 86' lang='lat' dir='ltr'>abstractis</span> <span class='ocrx_word' id='word_1_195' title='bbox 933 3100 1093 3155; x_wconf 89' lang='lat' dir='ltr'>nominibus</span> <span class='ocrx_word' id='word_1_196' title='bbox 1116 3103 1229 3171; x_wconf 88' lang='lat' dir='ltr'>poetam</span> <span class='ocrx_word' id='word_1_197' title='bbox 1247 3120 1297 3171; x_wconf 92' lang='lat' dir='ltr'>pro</span> <span class='ocrx_word' id='word_1_198' title='bbox 1317 3103 1454 3157; x_wconf 86' lang='lat' dir='ltr'>concretis</span> <span class='ocrx_word' id='word_1_199' title='bbox 1473 3121 1550 3157; x_wconf 92' lang='lat' dir='ltr'>usur-</span> 
     </span>
     <span class='ocr_line' id='line_1_27' title="bbox 275 3170 1551 3245; baseline 0 -18"><span class='ocrx_word' id='word_1_200' title='bbox 275 3190 358 3245; x_wconf 81' lang='lat' dir='ltr'><strong>passe</strong></span> <span class='ocrx_word' id='word_1_201' title='bbox 384 3172 505 3239; x_wconf 90' lang='lat' dir='ltr'>monuit,</span> <span class='ocrx_word' id='word_1_202' title='bbox 537 3172 610 3226; x_wconf 90' lang='lat' dir='ltr'>unde</span> <span class='ocrx_word' id='word_1_203' title='bbox 636 3170 840 3226; x_wconf 87' lang='lat' dir='ltr'>calumniarum</span> <span class='ocrx_word' id='word_1_204' title='bbox 865 3171 1021 3226; x_wconf 80' lang='lat' dir='ltr'>delationes</span> <span class='ocrx_word' id='word_1_205' title='bbox 1046 3172 1122 3227; x_wconf 91' lang='lat' dir='ltr'>idem</span> <span class='ocrx_word' id='word_1_206' title='bbox 1147 3172 1307 3242; x_wconf 77' lang='lat' dir='ltr'>significent</span> <span class='ocrx_word' id='word_1_207' title='bbox 1334 3177 1418 3243; x_wconf 87' lang='lat' dir='ltr'>atque</span> <span class='ocrx_word' id='word_1_208' title='bbox 1446 3174 1551 3228; x_wconf 83' lang='lat' dir='ltr'>calum-</span> 
     </span>
     <span class='ocr_line' id='line_1_28' title="bbox 276 3242 1552 3315; baseline 0 -16"><span class='ocrx_word' id='word_1_209' title='bbox 276 3245 400 3299; x_wconf 88' lang='lat' dir='ltr'>niatores</span> <span class='ocrx_word' id='word_1_210' title='bbox 433 3246 462 3297; x_wconf 87' lang='lat' dir='ltr'>et</span> <span class='ocrx_word' id='word_1_211' title='bbox 496 3242 644 3297; x_wconf 71' lang='lat' dir='ltr'>delatores.</span> <span class='ocrx_word' id='word_1_212' title='bbox 690 3245 780 3297; x_wconf 85' lang='lat' dir='ltr'>Acute</span> <span class='ocrx_word' id='word_1_213' title='bbox 812 3246 907 3298; x_wconf 88' lang='lat' dir='ltr'>autem</span> <span class='ocrx_word' id='word_1_214' title='bbox 939 3244 1114 3298; x_wconf 86' lang='lat' dir='ltr'>Hermannns</span> <span class='ocrx_word' id='word_1_215' title='bbox 1146 3261 1240 3315; x_wconf 89' lang='lat' dir='ltr'>opusc.</span> <span class='ocrx_word' id='word_1_216' title='bbox 1265 3264 1304 3299; x_wconf 88' lang='lat' dir='ltr'>vu</span> <span class='ocrx_word' id='word_1_217' title='bbox 1332 3262 1368 3299; x_wconf 77' lang='lat' dir='ltr'>rar</span> <span class='ocrx_word' id='word_1_218' title='bbox 1397 3246 1506 3299; x_wconf 88' lang='lat' dir='ltr'>monuit</span> <span class='ocrx_word' id='word_1_219' title='bbox 1535 3263 1552 3299; x_wconf 90' lang='lat' dir='ltr'>a</span> 
     </span>
     <span class='ocr_line' id='line_1_29' title="bbox 276 3313 1551 3398; baseline -0.001 -28"><span class='ocrx_word' id='word_1_220' title='bbox 276 3316 398 3371; x_wconf 82' lang='lat' dir='ltr'>Pindaro</span> <span class='ocrx_word' id='word_1_221' title='bbox 425 3313 586 3384; x_wconf 68' lang='lat' dir='ltr'>duoprimas</span> <span class='ocrx_word' id='word_1_222' title='bbox 611 3315 735 3383; x_wconf 88' lang='lat' dir='ltr'>eosdem,</span> <span class='ocrx_word' id='word_1_223' title='bbox 759 3314 808 3383; x_wconf 91' lang='lat' dir='ltr'>qui</span> <span class='ocrx_word' id='word_1_224' title='bbox 834 3315 978 3383; x_wconf 83' lang='lat' dir='ltr'>Syracusis</span> <span class='ocrx_word' id='word_1_225' title='bbox 1007 3313 1196 3386; x_wconf 72' lang='grc' dir='ltr'><strong><em>ποταγωγίδες</em></strong></span> <span class='ocrx_word' id='word_1_226' title='bbox 1218 3315 1360 3385; x_wconf 81' lang='lat' dir='ltr'>audirent,</span> <span class='ocrx_word' id='word_1_227' title='bbox 1385 3316 1551 3398; x_wconf 72' lang='lat' dir='ltr'>significari,</span> 
     </span>
     <span class='ocr_line' id='line_1_30' title="bbox 277 3385 1550 3458; baseline -0.002 -16"><span class='ocrx_word' id='word_1_228' title='bbox 277 3387 433 3443; x_wconf 88' lang='lat' dir='ltr'>convicium</span> <span class='ocrx_word' id='word_1_229' title='bbox 459 3386 533 3441; x_wconf 89' lang='lat' dir='ltr'>enim</span> <span class='ocrx_word' id='word_1_230' title='bbox 559 3385 647 3440; x_wconf 90' lang='lat' dir='ltr'>latere</span> <span class='ocrx_word' id='word_1_231' title='bbox 672 3386 701 3439; x_wconf 91' lang='lat' dir='ltr'>in</span> <span class='ocrx_word' id='word_1_232' title='bbox 727 3387 789 3456; x_wconf 91' lang='lat' dir='ltr'>ipso</span> <span class='ocrx_word' id='word_1_233' title='bbox 815 3387 926 3441; x_wconf 88' lang='lat' dir='ltr'>nomine</span> <span class='ocrx_word' id='word_1_234' title='bbox 952 3390 1144 3458; x_wconf 84' lang='grc' dir='ltr'><strong><em>ποταγωγίδα,</em></strong></span> <span class='ocrx_word' id='word_1_235' title='bbox 1170 3404 1225 3456; x_wconf 88' lang='lat' dir='ltr'>quo</span> <span class='ocrx_word' id='word_1_236' title='bbox 1251 3387 1323 3442; x_wconf 87' lang='lat' dir='ltr'>tales</span> <span class='ocrx_word' id='word_1_237' title='bbox 1342 3388 1467 3441; x_wconf 87' lang='lat' dir='ltr'>hommes</span> <span class='ocrx_word' id='word_1_238' title='bbox 1487 3405 1550 3440; x_wconf 80' lang='lat' dir='ltr'>cum</span> 
     </span>
     <span class='ocr_line' id='line_1_31' title="bbox 277 3455 1551 3529; baseline -0.003 -14"><span class='ocrx_word' id='word_1_239' title='bbox 277 3458 470 3515; x_wconf 83' lang='lat' dir='ltr'>meretricibus</span> <span class='ocrx_word' id='word_1_240' title='bbox 498 3461 734 3529; x_wconf 81' lang='lat' dir='ltr'>componerentur.</span> <span class='ocrx_word' id='word_1_241' title='bbox 773 3459 813 3512; x_wconf 87' lang='lat' dir='ltr'>Dc</span> <span class='ocrx_word' id='word_1_242' title='bbox 839 3475 868 3511; x_wconf 90' lang='lat' dir='ltr'>re</span> <span class='ocrx_word' id='word_1_243' title='bbox 894 3458 956 3528; x_wconf 86' lang='lat' dir='ltr'>ipsa</span> <span class='ocrx_word' id='word_1_244' title='bbox 982 3459 1046 3513; x_wconf 90' lang='lat' dir='ltr'>vide</span> <span class='ocrx_word' id='word_1_245' title='bbox 1070 3458 1184 3513; x_wconf 82' lang='lat' dir='ltr'>Aristot.</span> <span class='ocrx_word' id='word_1_246' title='bbox 1204 3459 1283 3529; x_wconf 87' lang='lat' dir='ltr'>polit.</span> <span class='ocrx_word' id='word_1_247' title='bbox 1303 3479 1319 3511; x_wconf 88' lang='lat' dir='ltr'>v</span> <span class='ocrx_word' id='word_1_248' title='bbox 1339 3477 1376 3513; x_wconf 76' lang='grc' dir='ltr'>ιιι</span> <span class='ocrx_word' id='word_1_249' title='bbox 1403 3455 1463 3512; x_wconf 76' lang='grc' dir='ltr'><strong><em>οἷον</em></strong></span> <span class='ocrx_word' id='word_1_250' title='bbox 1486 3460 1551 3525; x_wconf 83' lang='grc' dir='ltr'><strong><em>περὶ</em></strong></span> 
     </span>
     <span class='ocr_line' id='line_1_32' title="bbox 278 3527 1551 3599; baseline -0.002 -13"><span class='ocrx_word' id='word_1_251' title='bbox 278 3531 462 3599; x_wconf 80' lang='grc' dir='ltr'><strong><em>Συρακούσας</em></strong></span> <span class='ocrx_word' id='word_1_252' title='bbox 481 3530 512 3583; x_wconf 81' lang='lat' dir='ltr'>cl</span> <span class='ocrx_word' id='word_1_253' title='bbox 528 3531 719 3599; x_wconf 83' lang='grc' dir='ltr'><strong><em>ποταγωγίδες</em></strong></span> <span class='ocrx_word' id='word_1_254' title='bbox 737 3529 920 3599; x_wconf 86' lang='grc' dir='ltr'><strong><em>καλούμεναι,</em></strong></span> <span class='ocrx_word' id='word_1_255' title='bbox 947 3530 1077 3593; x_wconf 78' lang='grc' dir='ltr'><strong><em>καὶτοὺς</em></strong></span> <span class='ocrx_word' id='word_1_256' title='bbox 1095 3531 1272 3594; x_wconf 84' lang='grc' dir='ltr'><strong><em>ὠτακουστὰς</em></strong></span> <span class='ocrx_word' id='word_1_257' title='bbox 1291 3529 1442 3599; x_wconf 77' lang='grc' dir='ltr'><strong><em>ἐξέπεμπεν</em></strong></span> <span class='ocrx_word' id='word_1_258' title='bbox 1457 3527 1551 3597; x_wconf 77' lang='grc' dir='ltr'><strong><em>Ἱέρων</em></strong></span> 
     </span>
     <span class='ocr_line' id='line_1_33' title="bbox 278 3599 1551 3673; baseline -0.004 -15"><span class='ocrx_word' id='word_1_259' title='bbox 278 3602 348 3658; x_wconf 78' lang='grc' dir='ltr'><strong><em>ὅπου</em></strong></span> <span class='ocrx_word' id='word_1_260' title='bbox 367 3623 408 3664; x_wconf 83' lang='grc' dir='ltr'>τις</span> <span class='ocrx_word' id='word_1_261' title='bbox 428 3601 469 3668; x_wconf 76' lang='grc' dir='ltr'>εἴη</span> <span class='ocrx_word' id='word_1_262' title='bbox 489 3600 623 3657; x_wconf 79' lang='grc' dir='ltr'><strong><em>συνουσία</em></strong></span> <span class='ocrx_word' id='word_1_263' title='bbox 642 3603 690 3656; x_wconf 84' lang='grc' dir='ltr'>καλ</span> <span class='ocrx_word' id='word_1_264' title='bbox 709 3602 850 3671; x_wconf 86' lang='grc' dir='ltr'><strong><em>σύλλογος·</em></strong></span> <span class='ocrx_word' id='word_1_265' title='bbox 871 3601 904 3655; x_wconf 86' lang='lat' dir='ltr'>cf.</span> <span class='ocrx_word' id='word_1_266' title='bbox 920 3601 1000 3656; x_wconf 92' lang='lat' dir='ltr'>Phot.</span> <span class='ocrx_word' id='word_1_267' title='bbox 1016 3601 1068 3656; x_wconf 86' lang='lat' dir='ltr'>lex.</span> <span class='ocrx_word' id='word_1_268' title='bbox 1083 3601 1283 3673; x_wconf 84' lang='grc' dir='ltr'><strong><em>ποταγωγίδες·</em></strong></span> <span class='ocrx_word' id='word_1_269' title='bbox 1303 3601 1410 3671; x_wconf 80' lang='grc' dir='ltr'><strong><em>φάνται</em></strong></span> <span class='ocrx_word' id='word_1_270' title='bbox 1429 3599 1445 3669; x_wconf 76' lang='grc' dir='ltr'>’ἡ</span> <span class='ocrx_word' id='word_1_271' title='bbox 1465 3622 1551 3672; x_wconf 83' lang='grc' dir='ltr'><strong><em>μηνυ-</em></strong></span> 
     </span>
     <span class='ocr_line' id='line_1_34' title="bbox 279 3672 1552 3745; baseline -0.001 -17"><span class='ocrx_word' id='word_1_272' title='bbox 279 3672 333 3741; x_wconf 82' lang='grc' dir='ltr'><strong><em>ταί,</em></strong></span> <span class='ocrx_word' id='word_1_273' title='bbox 353 3676 382 3728; x_wconf 91' lang='lat' dir='ltr'>et</span> <span class='ocrx_word' id='word_1_274' title='bbox 400 3672 474 3729; x_wconf 88' lang='lat' dir='ltr'>Plut.</span> <span class='ocrx_word' id='word_1_275' title='bbox 489 3672 569 3727; x_wconf 90' lang='lat' dir='ltr'>Dion.</span> <span class='ocrx_word' id='word_1_276' title='bbox 585 3691 620 3742; x_wconf 80' lang='lat' dir='ltr'>aa,</span> <span class='ocrx_word' id='word_1_277' title='bbox 639 3674 673 3727; x_wconf 88' lang='lat' dir='ltr'>de</span> <span class='ocrx_word' id='word_1_278' title='bbox 693 3673 857 3727; x_wconf 80' lang='lat' dir='ltr'>curiositate</span> <span class='ocrx_word' id='word_1_279' title='bbox 874 3692 901 3742; x_wconf 87' lang='lat' dir='ltr'>p.</span> <span class='ocrx_word' id='word_1_280' title='bbox 917 3687 957 3727; x_wconf 76' lang='lat' dir='ltr'>esa</span> <span class='ocrx_word' id='word_1_281' title='bbox 976 3704 1009 3713; x_wconf 94' lang='lat'><em>—</em></span> <span class='ocrx_word' id='word_1_282' title='bbox 1030 3679 1070 3727; x_wconf 70' lang='lat' dir='ltr'>te.</span> <span class='ocrx_word' id='word_1_283' title='bbox 1097 3676 1206 3743; x_wconf 70' lang='lat' dir='ltr'>arpent·</span> <span class='ocrx_word' id='word_1_284' title='bbox 1233 3673 1311 3745; x_wconf 82' lang='lat' dir='ltr'>vulpi</span> <span class='ocrx_word' id='word_1_285' title='bbox 1337 3673 1451 3727; x_wconf 87' lang='lat' dir='ltr'>fabulae</span> <span class='ocrx_word' id='word_1_286' title='bbox 1478 3691 1552 3727; x_wconf 89' lang='lat' dir='ltr'>com·</span> 
     </span>
     <span class='ocr_line' id='line_1_35' title="bbox 299 3743 1551 3815; baseline -0.001 -16"><span class='ocrx_word' id='word_1_287' title='bbox 299 3747 363 3799; x_wconf 89' lang='lat' dir='ltr'>arat</span> <span class='ocrx_word' id='word_1_288' title='bbox 381 3743 613 3798; x_wconf 82' lang='lat' dir='ltr'>calumniatorem</span> <span class='ocrx_word' id='word_1_289' title='bbox 633 3745 668 3798; x_wconf 95' lang='lat' dir='ltr'>ob</span> <span class='ocrx_word' id='word_1_290' title='bbox 688 3744 887 3809; x_wconf 65' lang='lat' dir='ltr'>calliditatem</span> <span class='ocrx_word' id='word_1_291' title='bbox 912 3761 977 3797; x_wconf 87' lang='lat' dir='ltr'>eum</span> <span class='ocrx_word' id='word_1_292' title='bbox 1000 3746 1095 3798; x_wconf 81' lang='lat' dir='ltr'>tamen</span> <span class='ocrx_word' id='word_1_293' title='bbox 1118 3744 1190 3799; x_wconf 93' lang='lat' dir='ltr'>nihil</span> <span class='ocrx_word' id='word_1_294' title='bbox 1208 3746 1340 3815; x_wconf 90' lang='lat' dir='ltr'>proficere</span> <span class='ocrx_word' id='word_1_295' title='bbox 1359 3744 1452 3812; x_wconf 81' lang='lat' dir='ltr'>addit,</span> <span class='ocrx_word' id='word_1_296' title='bbox 1477 3744 1551 3798; x_wconf 87' lang='lat' dir='ltr'>inco-</span> 
     </span>
     <span class='ocr_line' id='line_1_36' title="bbox 279 3765 1552 3870; baseline 0.002 -2"><span class='ocrx_word' id='word_1_297' title='bbox 279 3765 383 3870; x_wconf 80' lang='lat' dir='ltr'>lumem</span> <span class='ocrx_word' id='word_1_298' title='bbox 399 3815 516 3870; x_wconf 89' lang='lat' dir='ltr'>enimse</span> <span class='ocrx_word' id='word_1_299' title='bbox 532 3816 655 3870; x_wconf 86' lang='lat' dir='ltr'>evasisse</span> <span class='ocrx_word' id='word_1_300' title='bbox 674 3833 707 3869; x_wconf 84' lang='lat' dir='ltr'>ex</span> <span class='ocrx_word' id='word_1_301' title='bbox 726 3814 837 3869; x_wconf 91' lang='lat' dir='ltr'>insidiis</span> <span class='ocrx_word' id='word_1_302' title='bbox 854 3815 1097 3870; x_wconf 68' lang='lat' dir='ltr'>calumniatorum,</span> <span class='ocrx_word' id='word_1_303' title='bbox 1133 3817 1235 3870; x_wconf 88' lang='lat' dir='ltr'>Rerum</span> <span class='ocrx_word' id='word_1_304' title='bbox 1256 3816 1329 3870; x_wconf 90' lang='lat' dir='ltr'>hunc</span> <span class='ocrx_word' id='word_1_305' title='bbox 1343 3816 1413 3870; x_wconf 93' lang='lat' dir='ltr'>mihi</span> <span class='ocrx_word' id='word_1_306' title='bbox 1427 3815 1552 3870; x_wconf 91' lang='lat' dir='ltr'>ordinem</span> 
     </span>
     <span class='ocr_line' id='line_1_37' title="bbox 280 3886 1552 3958; baseline -0.002 -16"><span class='ocrx_word' id='word_1_307' title='bbox 280 3892 309 3942; x_wconf 90' lang='lat' dir='ltr'>et</span> <span class='ocrx_word' id='word_1_308' title='bbox 328 3905 438 3942; x_wconf 86' lang='lat' dir='ltr'>cursum</span> <span class='ocrx_word' id='word_1_309' title='bbox 457 3888 545 3957; x_wconf 81' lang='lat' dir='ltr'>fingo:</span> <span class='ocrx_word' id='word_1_310' title='bbox 565 3887 685 3957; x_wconf 89' lang='lat' dir='ltr'>primum</span> <span class='ocrx_word' id='word_1_311' title='bbox 704 3886 788 3941; x_wconf 88' lang='lat' dir='ltr'>Hiero</span> <span class='ocrx_word' id='word_1_312' title='bbox 808 3886 961 3941; x_wconf 86' lang='lat' dir='ltr'>Pindarum</span> <span class='ocrx_word' id='word_1_313' title='bbox 980 3905 1089 3956; x_wconf 91' lang='lat' dir='ltr'>quoqne</span> <span class='ocrx_word' id='word_1_314' title='bbox 1108 3887 1145 3941; x_wconf 88' lang='lat' dir='ltr'>ad</span> <span class='ocrx_word' id='word_1_315' title='bbox 1164 3904 1243 3941; x_wconf 89' lang='lat' dir='ltr'>suam</span> <span class='ocrx_word' id='word_1_316' title='bbox 1263 3887 1358 3941; x_wconf 88' lang='lat' dir='ltr'>aulam</span> <span class='ocrx_word' id='word_1_317' title='bbox 1377 3888 1485 3958; x_wconf 81' lang='lat' dir='ltr'>regiam</span> <span class='ocrx_word' id='word_1_318' title='bbox 1504 3888 1552 3941; x_wconf 85' lang='lat' dir='ltr'>ad·</span> 
     </span>
     <span class='ocr_line' id='line_1_38' title="bbox 281 3957 1553 4028; baseline -0.001 -15"><span class='ocrx_word' id='word_1_319' title='bbox 281 3960 381 4014; x_wconf 86' lang='lat' dir='ltr'>ducere</span> <span class='ocrx_word' id='word_1_320' title='bbox 408 3959 566 4028; x_wconf 75' lang='lat' dir='ltr'>cogitabat3</span> <span class='ocrx_word' id='word_1_321' title='bbox 594 3962 653 4012; x_wconf 82' lang='lat' dir='ltr'>tuni</span> <span class='ocrx_word' id='word_1_322' title='bbox 680 3957 778 4026; x_wconf 83' lang='lat' dir='ltr'>aulici,</span> <span class='ocrx_word' id='word_1_323' title='bbox 805 3957 879 4012; x_wconf 88' lang='lat' dir='ltr'>inter</span> <span class='ocrx_word' id='word_1_324' title='bbox 904 3976 974 4027; x_wconf 91' lang='lat' dir='ltr'>quos</span> <span class='ocrx_word' id='word_1_325' title='bbox 999 3958 1199 4028; x_wconf 86' lang='lat' dir='ltr'>Bacchylidem</span> <span class='ocrx_word' id='word_1_326' title='bbox 1224 3975 1334 4026; x_wconf 90' lang='lat' dir='ltr'>quoque</span> <span class='ocrx_word' id='word_1_327' title='bbox 1363 3959 1449 4013; x_wconf 83' lang='lat' dir='ltr'>luisse</span> <span class='ocrx_word' id='word_1_328' title='bbox 1477 3959 1553 4013; x_wconf 87' lang='lat' dir='ltr'>haud</span> 
     </span>
     <span class='ocr_line' id='line_1_39' title="bbox 279 4029 1552 4102; baseline 0 -18"><span class='ocrx_word' id='word_1_329' title='bbox 279 4029 466 4102; x_wconf 86' lang='lat' dir='ltr'>improbabile</span> <span class='ocrx_word' id='word_1_330' title='bbox 489 4034 544 4098; x_wconf 84' lang='lat' dir='ltr'>est,</span> <span class='ocrx_word' id='word_1_331' title='bbox 568 4034 600 4083; x_wconf 88' lang='lat' dir='ltr'>ut</span> <span class='ocrx_word' id='word_1_332' title='bbox 622 4046 716 4099; x_wconf 78' lang='lat' dir='ltr'>regem</span> <span class='ocrx_word' id='word_1_333' title='bbox 739 4030 776 4083; x_wconf 91' lang='lat' dir='ltr'>ab</span> <span class='ocrx_word' id='word_1_334' title='bbox 800 4046 832 4084; x_wconf 91' lang='lat' dir='ltr'>eo</span> <span class='ocrx_word' id='word_1_335' title='bbox 856 4030 973 4084; x_wconf 89' lang='lat' dir='ltr'>consilio</span> <span class='ocrx_word' id='word_1_336' title='bbox 996 4031 1178 4097; x_wconf 80' lang='lat' dir='ltr'>deterrerent,</span> <span class='ocrx_word' id='word_1_337' title='bbox 1203 4029 1355 4083; x_wconf 88' lang='lat' dir='ltr'>Pindarum</span> <span class='ocrx_word' id='word_1_338' title='bbox 1374 4031 1450 4085; x_wconf 90' lang='lat' dir='ltr'>omni</span> <span class='ocrx_word' id='word_1_339' title='bbox 1469 4032 1552 4085; x_wconf 88' lang='lat' dir='ltr'>modo</span> 
     </span>
     <span class='ocr_line' id='line_1_40' title="bbox 279 4100 1553 4170; baseline -0.001 -13"><span class='ocrx_word' id='word_1_340' title='bbox 279 4102 540 4166; x_wconf 82' lang='lat' dir='ltr'>calumniabantur;</span> <span class='ocrx_word' id='word_1_341' title='bbox 560 4102 597 4154; x_wconf 88' lang='lat' dir='ltr'>ad</span> <span class='ocrx_word' id='word_1_342' title='bbox 615 4104 786 4170; x_wconf 87' lang='lat' dir='ltr'>postremum</span> <span class='ocrx_word' id='word_1_343' title='bbox 806 4105 901 4155; x_wconf 87' lang='lat' dir='ltr'>tamen</span> <span class='ocrx_word' id='word_1_344' title='bbox 916 4102 1000 4157; x_wconf 88' lang='lat' dir='ltr'>Hiero</span> <span class='ocrx_word' id='word_1_345' title='bbox 1018 4100 1129 4156; x_wconf 86' lang='lat' dir='ltr'>reiectis</span> <span class='ocrx_word' id='word_1_346' title='bbox 1148 4100 1210 4155; x_wconf 90' lang='lat' dir='ltr'>istis</span> <span class='ocrx_word' id='word_1_347' title='bbox 1229 4100 1473 4156; x_wconf 87' lang='lat' dir='ltr'>criminationibus</span> <span class='ocrx_word' id='word_1_348' title='bbox 1488 4103 1553 4156; x_wconf 90' lang='lat' dir='ltr'>Pin-</span> 
     </span>
     <span class='ocr_line' id='line_1_41' title="bbox 279 4171 1552 4244; baseline 0 -16"><span class='ocrx_word' id='word_1_349' title='bbox 279 4175 378 4228; x_wconf 87' lang='lat' dir='ltr'>darum</span> <span class='ocrx_word' id='word_1_350' title='bbox 397 4191 446 4244; x_wconf 86' lang='lat' dir='ltr'>per</span> <span class='ocrx_word' id='word_1_351' title='bbox 466 4173 575 4242; x_wconf 81' lang='lat' dir='ltr'>legatos</span> <span class='ocrx_word' id='word_1_352' title='bbox 594 4172 739 4241; x_wconf 88' lang='lat' dir='ltr'>invitavit,</span> <span class='ocrx_word' id='word_1_353' title='bbox 760 4176 792 4226; x_wconf 87' lang='lat' dir='ltr'>ut</span> <span class='ocrx_word' id='word_1_354' title='bbox 815 4173 975 4241; x_wconf 84' lang='lat' dir='ltr'>victoriam,</span> <span class='ocrx_word' id='word_1_355' title='bbox 998 4190 1083 4242; x_wconf 90' lang='lat' dir='ltr'>quarn</span> <span class='ocrx_word' id='word_1_356' title='bbox 1102 4189 1190 4242; x_wconf 89' lang='lat' dir='ltr'>nuper</span> <span class='ocrx_word' id='word_1_357' title='bbox 1208 4171 1312 4226; x_wconf 86' lang='lat' dir='ltr'>Thebis</span> <span class='ocrx_word' id='word_1_358' title='bbox 1332 4178 1552 4243; x_wconf 83' lang='lat' dir='ltr'>recuperaverat,</span> 
     </span>
     <span class='ocr_line' id='line_1_42' title="bbox 280 4243 1554 4314; baseline 0 -16"><span class='ocrx_word' id='word_1_359' title='bbox 280 4264 331 4299; x_wconf 86' lang='lat' dir='ltr'>sua</span> <span class='ocrx_word' id='word_1_360' title='bbox 355 4246 436 4300; x_wconf 87' lang='lat' dir='ltr'>Musa</span> <span class='ocrx_word' id='word_1_361' title='bbox 459 4244 636 4313; x_wconf 85' lang='lat' dir='ltr'>praedicaret</span> <span class='ocrx_word' id='word_1_362' title='bbox 659 4276 691 4284; x_wconf 89' lang='lat'>-</span> <span class='ocrx_word' id='word_1_363' title='bbox 717 4251 750 4297; x_wconf 78' lang='grc'>’19</span> <span class='ocrx_word' id='word_1_364' title='bbox 765 4264 785 4299; x_wconf 92' lang='lat' dir='ltr'>s.</span> <span class='ocrx_word' id='word_1_365' title='bbox 806 4245 905 4299; x_wconf 87' lang='lat' dir='ltr'>eadem</span> <span class='ocrx_word' id='word_1_366' title='bbox 928 4243 1137 4314; x_wconf 91' lang='lat' dir='ltr'>comparatione</span> <span class='ocrx_word' id='word_1_367' title='bbox 1163 4243 1250 4297; x_wconf 91' lang='lat' dir='ltr'>simili</span> <span class='ocrx_word' id='word_1_368' title='bbox 1273 4244 1301 4297; x_wconf 91' lang='lat' dir='ltr'>in</span> <span class='ocrx_word' id='word_1_369' title='bbox 1321 4261 1408 4298; x_wconf 89' lang='lat' dir='ltr'>causa</span> <span class='ocrx_word' id='word_1_370' title='bbox 1426 4263 1492 4298; x_wconf 87' lang='lat' dir='ltr'>usus</span> <span class='ocrx_word' id='word_1_371' title='bbox 1511 4250 1554 4299; x_wconf 92' lang='lat' dir='ltr'>est</span> 
     </span>
     <span class='ocr_line' id='line_1_43' title="bbox 279 4314 1554 4386; baseline -0.002 -14"><span class='ocrx_word' id='word_1_372' title='bbox 279 4318 378 4372; x_wconf 84' lang='lat' dir='ltr'>Aeseh.</span> <span class='ocrx_word' id='word_1_373' title='bbox 394 4316 516 4384; x_wconf 82' lang='lat' dir='ltr'>Choeph.</span> <span class='ocrx_word' id='word_1_374' title='bbox 531 4333 583 4369; x_wconf 75' lang='lat' dir='ltr'>rure:</span> <span class='ocrx_word' id='word_1_375' title='bbox 602 4319 701 4378; x_wconf 80' lang='grc' dir='ltr'><strong><em>παῖδες</em></strong></span> <span class='ocrx_word' id='word_1_376' title='bbox 720 4315 773 4385; x_wconf 84' lang='grc' dir='ltr'><strong><em>γὰρ</em></strong></span> <span class='ocrx_word' id='word_1_377' title='bbox 792 4318 875 4384; x_wconf 78' lang='grc' dir='ltr'><strong><em>άνδρλ</em></strong></span> <span class='ocrx_word' id='word_1_378' title='bbox 894 4314 1027 4386; x_wconf 74' lang='grc' dir='ltr'><strong><em>κλῃδόνας</em></strong></span> <span class='ocrx_word' id='word_1_379' title='bbox 1045 4314 1174 4383; x_wconf 80' lang='grc' dir='ltr'><strong><em>σωτήριοι</em></strong></span> <span class='ocrx_word' id='word_1_380' title='bbox 1189 4320 1193 4385; x_wconf 92' lang='grc' dir='ltr'>Ι</span> <span class='ocrx_word' id='word_1_381' title='bbox 1210 4314 1338 4383; x_wconf 81' lang='grc' dir='ltr'><strong><em>θανόντι,</em></strong></span> <span class='ocrx_word' id='word_1_382' title='bbox 1358 4318 1452 4385; x_wconf 76' lang='grc' dir='ltr'><strong><em>φελλοὶ</em></strong></span> <span class='ocrx_word' id='word_1_383' title='bbox 1474 4315 1502 4369; x_wconf 86' lang='grc' dir='ltr'>δ’</span> <span class='ocrx_word' id='word_1_384' title='bbox 1519 4315 1554 4377; x_wconf 79' lang='grc' dir='ltr'><strong><em>ὣς</em></strong></span> 
     </span>
     <span class='ocr_line' id='line_1_44' title="bbox 280 4384 1553 4460; baseline -0.005 -17"><span class='ocrx_word' id='word_1_385' title='bbox 280 4390 379 4459; x_wconf 77' lang='grc' dir='ltr'><strong><em>ἄγουσι</em></strong></span> <span class='ocrx_word' id='word_1_386' title='bbox 405 4384 528 4455; x_wconf 76' lang='grc' dir='ltr'><strong><em>δίκτυον,</em></strong></span> <span class='ocrx_word' id='word_1_387' title='bbox 545 4389 549 4453; x_wconf 90' lang='grc' dir='ltr'>Ι</span> <span class='ocrx_word' id='word_1_388' title='bbox 565 4387 614 4441; x_wconf 91' lang='grc' dir='ltr'><strong><em>τὸν</em></strong></span> <span class='ocrx_word' id='word_1_389' title='bbox 640 4387 670 4441; x_wconf 78' lang='grc' dir='ltr'><strong><em>ἐκ</em></strong></span> <span class='ocrx_word' id='word_1_390' title='bbox 696 4390 789 4460; x_wconf 82' lang='grc' dir='ltr'><strong><em>βυθοῦ</em></strong></span> <span class='ocrx_word' id='word_1_391' title='bbox 816 4392 958 4456; x_wconf 76' lang='grc' dir='ltr'><strong><em>κλωστῆρα</em></strong></span> <span class='ocrx_word' id='word_1_392' title='bbox 984 4388 1116 4451; x_wconf 75' lang='grc' dir='ltr'><strong><em>σώζοντες</em></strong></span> <span class='ocrx_word' id='word_1_393' title='bbox 1141 4384 1218 4441; x_wconf 80' lang='grc' dir='ltr'><strong><em>λίνου</em></strong></span> <span class='ocrx_word' id='word_1_394' title='bbox 1242 4388 1386 4460; x_wconf 78' lang='grc' dir='ltr'><strong><em>-βαθύ,</em></strong></span> <span class='ocrx_word' id='word_1_395' title='bbox 1412 4386 1466 4440; x_wconf 86' lang='lat' dir='ltr'>nisi</span> <span class='ocrx_word' id='word_1_396' title='bbox 1492 4404 1553 4439; x_wconf 83' lang='lat' dir='ltr'>cunr</span> 
     </span>
     <span class='ocr_line' id='line_1_45' title="bbox 282 4457 1553 4541; baseline -0.004 -28"><span class='ocrx_word' id='word_1_397' title='bbox 282 4459 401 4541; x_wconf 71' lang='lat' dir='ltr'>llergkio</span> <span class='ocrx_word' id='word_1_398' title='bbox 427 4458 456 4511; x_wconf 91' lang='lat' dir='ltr'>in</span> <span class='ocrx_word' id='word_1_399' title='bbox 483 4458 578 4530; x_wconf 84' lang='grc' dir='ltr'><strong><em>βαθύν</em></strong></span> <span class='ocrx_word' id='word_1_400' title='bbox 604 4459 740 4528; x_wconf 85' lang='lat' dir='ltr'>corrigere</span> <span class='ocrx_word' id='word_1_401' title='bbox 766 4461 905 4528; x_wconf 86' lang='lat' dir='ltr'>praestat,</span> <span class='ocrx_word' id='word_1_402' title='bbox 925 4458 981 4512; x_wconf 92' lang='lat' dir='ltr'>vim</span> <span class='ocrx_word' id='word_1_403' title='bbox 1005 4457 1131 4512; x_wconf 88' lang='lat' dir='ltr'>adverbii</span> <span class='ocrx_word' id='word_1_404' title='bbox 1158 4458 1257 4513; x_wconf 88' lang='lat' dir='ltr'>habet:</span> <span class='ocrx_word' id='word_1_405' title='bbox 1284 4459 1368 4513; x_wconf 89' lang='lat' dir='ltr'>suber</span> <span class='ocrx_word' id='word_1_406' title='bbox 1385 4458 1413 4512; x_wconf 94' lang='lat' dir='ltr'>in</span> <span class='ocrx_word' id='word_1_407' title='bbox 1433 4474 1553 4524; x_wconf 84' lang='lat' dir='ltr'>aequore</span> 
     </span>
     <span class='ocr_line' id='line_1_46' title="bbox 280 4527 1553 4600; baseline -0.003 -16"><span class='ocrx_word' id='word_1_408' title='bbox 280 4548 366 4584; x_wconf 88' lang='lat' dir='ltr'>mans</span> <span class='ocrx_word' id='word_1_409' title='bbox 389 4532 482 4596; x_wconf 87' lang='lat' dir='ltr'>natat,</span> <span class='ocrx_word' id='word_1_410' title='bbox 508 4529 575 4583; x_wconf 90' lang='lat' dir='ltr'>dum</span> <span class='ocrx_word' id='word_1_411' title='bbox 598 4530 706 4599; x_wconf 90' lang='lat' dir='ltr'>reliqua</span> <span class='ocrx_word' id='word_1_412' title='bbox 729 4548 794 4600; x_wconf 87' lang='lat' dir='ltr'>pars</span> <span class='ocrx_word' id='word_1_413' title='bbox 818 4529 885 4583; x_wconf 88' lang='lat' dir='ltr'>retis</span> <span class='ocrx_word' id='word_1_414' title='bbox 903 4529 933 4582; x_wconf 93' lang='lat' dir='ltr'>in</span> <span class='ocrx_word' id='word_1_415' title='bbox 951 4530 1120 4598; x_wconf 85' lang='lat' dir='ltr'>profundum</span> <span class='ocrx_word' id='word_1_416' title='bbox 1138 4530 1224 4584; x_wconf 88' lang='lat' dir='ltr'>maris</span> <span class='ocrx_word' id='word_1_417' title='bbox 1243 4531 1371 4584; x_wconf 87' lang='lat' dir='ltr'>demersa</span> <span class='ocrx_word' id='word_1_418' title='bbox 1388 4527 1553 4600; x_wconf 86' lang='lat' dir='ltr'>piscationis</span> 
     </span>
     <span class='ocr_line' id='line_1_47' title="bbox 280 4599 1553 4672; baseline -0.003 -16"><span class='ocrx_word' id='word_1_419' title='bbox 280 4603 376 4656; x_wconf 87' lang='lat' dir='ltr'>labore</span> <span class='ocrx_word' id='word_1_420' title='bbox 400 4601 536 4670; x_wconf 91' lang='lat' dir='ltr'>premitur</span> <span class='ocrx_word' id='word_1_421' title='bbox 555 4635 587 4641; x_wconf 89' lang='lat'>—</span> <span class='ocrx_word' id='word_1_422' title='bbox 607 4608 649 4657; x_wconf 86' lang='lat'>81.</span> <span class='ocrx_word' id='word_1_423' title='bbox 673 4599 820 4670; x_wconf 88' lang='grc' dir='ltr'><strong><em>κραταιόν,</em></strong></span> <span class='ocrx_word' id='word_1_424' title='bbox 840 4600 915 4668; x_wconf 89' lang='lat' dir='ltr'>qnod</span> <span class='ocrx_word' id='word_1_425' title='bbox 934 4600 1029 4655; x_wconf 87' lang='lat' dir='ltr'>valeat</span> <span class='ocrx_word' id='word_1_426' title='bbox 1047 4617 1146 4657; x_wconf 87' lang='lat' dir='ltr'>nocere</span> <span class='ocrx_word' id='word_1_427' title='bbox 1165 4602 1204 4672; x_wconf 91' lang='lat' dir='ltr'>ei,</span> <span class='ocrx_word' id='word_1_428' title='bbox 1224 4602 1272 4671; x_wconf 94' lang='lat' dir='ltr'>qui</span> <span class='ocrx_word' id='word_1_429' title='bbox 1291 4601 1370 4655; x_wconf 83' lang='lat' dir='ltr'>salsis</span> <span class='ocrx_word' id='word_1_430' title='bbox 1390 4599 1553 4654; x_wconf 90' lang='lat' dir='ltr'>criminibus</span> 
     </span>
     <span class='ocr_line' id='line_1_48' title="bbox 300 4671 1553 4743; baseline -0.003 -17"><span class='ocrx_word' id='word_1_431' title='bbox 300 4673 386 4727; x_wconf 88' lang='lat' dir='ltr'>et&#39;tur</span> <span class='ocrx_word' id='word_1_432' title='bbox 412 4705 446 4712; x_wconf 94' lang='lat'>-</span> <span class='ocrx_word' id='word_1_433' title='bbox 472 4679 514 4727; x_wconf 78' lang='lat'>82.</span> <span class='ocrx_word' id='word_1_434' title='bbox 543 4673 617 4742; x_wconf 77' lang='grc' dir='ltr'><strong><em>ἀγὰν</em></strong></span> <span class='ocrx_word' id='word_1_435' title='bbox 636 4673 791 4727; x_wconf 76' lang='grc' dir='ltr'><strong><em>διαπλέκει·</em></strong></span> <span class='ocrx_word' id='word_1_436' title='bbox 818 4672 983 4742; x_wconf 84' lang='lat' dir='ltr'>metaphora</span> <span class='ocrx_word' id='word_1_437' title='bbox 1002 4690 1019 4725; x_wconf 84' lang='lat' dir='ltr'>a.</span> <span class='ocrx_word' id='word_1_438' title='bbox 1039 4690 1106 4727; x_wconf 85' lang='lat' dir='ltr'>cane</span> <span class='ocrx_word' id='word_1_439' title='bbox 1127 4676 1156 4728; x_wconf 87' lang='lat' dir='ltr'>et</span> <span class='ocrx_word' id='word_1_440' title='bbox 1174 4673 1316 4743; x_wconf 86' lang='lat' dir='ltr'>palaestra</span> <span class='ocrx_word' id='word_1_441' title='bbox 1334 4671 1424 4742; x_wconf 87' lang='lat' dir='ltr'>petita</span> <span class='ocrx_word' id='word_1_442' title='bbox 1443 4673 1553 4724; x_wconf 80' lang='lat' dir='ltr'>astutus</span> 
     </span>
     <span class='ocr_line' id='line_1_49' title="bbox 280 4693 1552 4811; baseline -0.002 -13"><span class='ocrx_word' id='word_1_443' title='bbox 280 4693 363 4799; x_wconf 67' lang='lat' dir='ltr'>lamo</span> <span class='ocrx_word' id='word_1_444' title='bbox 383 4744 525 4798; x_wconf 86' lang='lat' dir='ltr'>adulando</span> <span class='ocrx_word' id='word_1_445' title='bbox 545 4745 620 4797; x_wconf 90' lang='lat' dir='ltr'>omni</span> <span class='ocrx_word' id='word_1_446' title='bbox 644 4745 727 4798; x_wconf 87' lang='lat' dir='ltr'>modo</span> <span class='ocrx_word' id='word_1_447' title='bbox 751 4744 842 4797; x_wconf 89' lang='lat' dir='ltr'>sinum</span> <span class='ocrx_word' id='word_1_448' title='bbox 866 4744 958 4798; x_wconf 85' lang='lat' dir='ltr'>faeere</span> <span class='ocrx_word' id='word_1_449' title='bbox 977 4747 1006 4799; x_wconf 88' lang='lat' dir='ltr'>et</span> <span class='ocrx_word' id='word_1_450' title='bbox 1024 4762 1053 4799; x_wconf 90' lang='lat' dir='ltr'>sc</span> <span class='ocrx_word' id='word_1_451' title='bbox 1073 4745 1215 4799; x_wconf 87' lang='lat' dir='ltr'>insinuare</span> <span class='ocrx_word' id='word_1_452' title='bbox 1239 4744 1354 4811; x_wconf 79' lang='lat' dir='ltr'>dicitnr3</span> <span class='ocrx_word' id='word_1_453' title='bbox 1373 4743 1407 4797; x_wconf 82' lang='lat' dir='ltr'>cf.</span> <span class='ocrx_word' id='word_1_454' title='bbox 1424 4742 1552 4797; x_wconf 78' lang='lat' dir='ltr'>Aeschin.</span> 
     </span>
     <span class='ocr_line' id='line_1_50' title="bbox 280 4813 1553 4886; baseline -0.006 -12"><span class='ocrx_word' id='word_1_455' title='bbox 280 4817 310 4874; x_wconf 85' lang='lat' dir='ltr'>in</span> <span class='ocrx_word' id='word_1_456' title='bbox 330 4817 402 4870; x_wconf 83' lang='lat' dir='ltr'>ths.</span> <span class='ocrx_word' id='word_1_457' title='bbox 422 4838 459 4870; x_wconf 75' lang='lat' dir='ltr'>aa:</span> <span class='ocrx_word' id='word_1_458' title='bbox 493 4813 701 4871; x_wconf 84' lang='grc' dir='ltr'><strong><em>ἀντιδιαπλέκει</em></strong></span> <span class='ocrx_word' id='word_1_459' title='bbox 725 4816 795 4884; x_wconf 85' lang='grc' dir='ltr'><strong><em>πρὸς</em></strong></span> <span class='ocrx_word' id='word_1_460' title='bbox 819 4822 901 4869; x_wconf 83' lang='grc' dir='ltr'><strong><em>τοῦτο</em></strong></span> <span class='ocrx_word' id='word_1_461' title='bbox 936 4848 968 4856; x_wconf 82' lang='grc'>-</span> <span class='ocrx_word' id='word_1_462' title='bbox 1003 4821 1045 4870; x_wconf 84' lang='grc'>86,</span> <span class='ocrx_word' id='word_1_463' title='bbox 1072 4816 1103 4871; x_wconf 81' lang='grc' dir='ltr'>έν</span> <span class='ocrx_word' id='word_1_464' title='bbox 1128 4816 1221 4871; x_wconf 84' lang='grc' dir='ltr'><strong><em>πάντα</em></strong></span> <span class='ocrx_word' id='word_1_465' title='bbox 1247 4814 1345 4886; x_wconf 75' lang='grc' dir='ltr'><strong><em>νόμον</em></strong></span> <span class='ocrx_word' id='word_1_466' title='bbox 1373 4816 1409 4868; x_wconf 87' lang='lat' dir='ltr'>ad</span> <span class='ocrx_word' id='word_1_467' title='bbox 1435 4814 1553 4884; x_wconf 77' lang='lat' dir='ltr'>quodvis</span> 
     </span>
    </p>
   </div>
   <div class='ocr_carea' id='block_1_6' title="bbox 0 0 1720 5378">
    <p class='ocr_par' dir='ltr' id='par_1_6' title="bbox 0 0 1720 5378">
     <span class='ocr_line' id='line_1_51' title="bbox 0 0 1720 5378; baseline 0 0"><span class='ocrx_word' id='word_1_468' title='bbox 0 0 1720 5378; x_wconf 95' lang='lat' dir='ltr'> </span> 
     </span>
    </p>
   </div>
  </div>
 </body>
</html>
