3406 5378
285 311 350 375 296
757 311 905 362 PINDARI
924 310 1089 365 aermon.

284 484 334 539 tus
357 483 387 539 et
410 479 497 557 epodi
520 479 628 538 tertius
651 482 754 538 utrum
777 498 844 537 cum
869 478 1061 538 antecedente
1085 495 1172 537 versu
1196 478 1374 537 cohaereant
1392 497 1430 536 an
1450 478 1568 538 maiore

285 569 443 629 intervallo
463 569 500 627 ab
520 588 554 628 eo
573 568 733 627 divellendi
752 568 821 645 siut,
841 588 874 627 eo
895 567 990 645 magis
1009 566 1134 625 dubium
1154 570 1207 644 est,
1227 567 1307 643 quod
1327 567 1357 624 in
1378 567 1435 627 fine
1453 567 1567 644 prioris

286 676 389 717 versus
414 657 502 717 modo
525 657 655 716 maxima
679 649 739 735 (vv.
760 669 784 715 3.
804 667 828 715 8.
850 669 891 715 12.
912 649 969 737 νο),
993 656 1081 715 modo
1104 656 1189 714 nulla
1212 655 1414 732 interpunctio
1434 651 1499 735 (etr.
1521 668 1568 716 νο.

287 758 328 806 29.
349 758 391 806 37.
411 758 453 805 λι.
474 738 522 825 la)
541 747 640 822 posita
664 751 717 805 est.
745 779 785 785 —
809 745 873 816 Quo
896 745 984 805 modo
1008 763 1126 804 carmen
1150 747 1306 804 centetum
1330 745 1377 823 eit,
1401 765 1460 804 non
1485 746 1567 805 indi-

285 840 385 895 catum
410 855 428 893 a
450 838 540 911 poeta
563 835 697 912 invenio,
730 834 788 893 nisi
811 835 891 911 quod
915 834 1068 911 epitheton
1091 830 1249 911 ἐπικώμιος
1273 833 1366 911 ἀμνος
1390 828 1428 913 (v.
1451 829 1500 914 50)
1527 836 1568 894 ad

285 925 409 985 chorum
433 928 463 982 et
486 923 726 983 comissationem
754 928 887 1000 spectare
916 923 1042 982 videtur.
1089 923 1233 999 Pompam
1257 923 1377 998 quidem
1401 925 1568 999 quominus

285 1015 378 1073 fuisse
393 1017 571 1090 statuamus,
586 1012 740 1072 obstaculo
759 1015 830 1072 eunt
849 1013 995 1088 tripodiae
1014 1012 1180 1088 dactylicae
1199 1013 1391 1072 catalecticae
1406 1006 1466 1092 (ep.
1484 1027 1506 1072 1.
1524 1008 1568 1093 5),

285 1107 392 1180 utpote
416 1121 493 1178 quae
517 1102 654 1177 passibus
678 1103 760 1161 chori
784 1102 949 1180 gradientia
972 1101 1021 1160 vix
1044 1101 1265 1160 adcommodant
1288 1102 1411 1178 possint.

1365 1260 1445 1339 Στρ.
1465 1255 1508 1320 α’.

331 1363 416 1448 Ὦρα
438 1367 567 1447 πότνια,
590 1362 692 1447 κᾶρυξ
714 1362 921 1447 Ἀφροδίτας
944 1362 1130 1446 ἀμβροσιᾶν
1151 1362 1350 1445 φιλοτάτων,

340 1472 394 1535 άτε
418 1474 635 1553 παρθενηίοις
657 1471 789 1535 παίδων
812 1468 838 1533 τ’
867 1469 1015 1553 έφιζοιαα
1038 1468 1217 1552 γλεφάροις

342 1580 400 1642 τὸν
423 1575 483 1661 μὲν
506 1575 639 1661 ἁμέροις
663 1577 807 1659 ἀνάγκας
830 1574 921 1660 χερσί
945 1576 1127 1659 βαστάζεις,
1151 1575 1264 1659 ἕτερον
1287 1575 1319 1641 d'
1345 1575 1478 1661 ἑτέραις.
1553 1597 1570 1643 5

340 1685 489 1766 ἀγαπατὰ
513 1681 548 1748 δέ
572 1693 690 1767 καιροῦ
713 1686 757 1767 μὴ
781 1689 902 1748 πλανα-

384 1789 488 1856 θέντα
511 1792 594 1874 πρὸς
617 1794 715 1874 ἔργον
738 1790 876 1855 ἕκαστον

306 1909 408 1962 τιτῶν
431 1897 593 1983 ἀρειόνων
616 1897 694 1980 ἐρώ-

385 2028 453 2068 των
476 2002 662 2087 ἐπικρατεῖν
686 2004 866 2068 δύνασθαι·

1362 2146 1445 2212 ’Aua
1466 2147 1510 2212 α’.

341 2246 406 2319 οἷοι
430 2252 485 2318 καὶ
507 2255 591 2330 Διὸς
615 2255 755 2336 Αἰγίνας
778 2276 811 2317 τε
836 2252 972 2337 λέκτρον
995 2253 1147 2336 ποιμένες
1171 2253 1408 2337 ἀμφεπόλησαν
1536 2275 1572 2321 10

345 2365 495 2445 Κυπρίας
518 2361 649 2445 ἀώρων·
673 2363 830 2443 ἔβλαστεν
853 2358 885 2424 d'
911 2362 984 2436 υίὸς
1009 2361 1160 2437 Οἰνώνας
1183 2363 1338 2444 βασιλεὺς

343 2465 426 2550 χειρὶ
449 2464 503 2530 καὶ
526 2469 663 2550 βουλαῖς
686 2468 834 2552 ἀριστος·
858 2468 963 2531 πολλά
986 2491 1040 2531 νιν
1064 2464 1180 2531 πολλοὶ
1204 2467 1377 2532 λιτάνευον
1401 2469 1498 2533 ίόεῐν·

341 2571 457 2658 ἀβοατὶ
481 2573 543 2657 γὰρ
567 2571 685 2656 ἡρώων
708 2575 770 2638 άω-
1534 2596 1570 2642 15

385 2704 435 2746 τοι
459 2683 756 2766 περιναιεταόντων

289 2808 321 2854 10
341 2791 464 2872 ἤθελον
488 2792 600 2852 κείνου
623 2810 658 2869 γε
682 2791 750 2852 πεί-

386 2894 482 2961 θεσθ’
511 2894 659 2971 ἀναξίαις
682 2892 824 2977 ἑκόντες,

359 3144 439 3178 vaura
464 3142 567 3177 uacuo.
606 3123 688 3177 inser.
710 3140 755 3175 om
774 3123 837 3177 BD
857 3155 888 3162 -
910 3122 1014 3178 Schol:
1035 3120 1104 3178 ἔνιοί
1123 3143 1210 3193 φασιν
1229 3127 1351 3188 αταιλιεῖς
1370 3122 1458 3178 αὐτόν
1472 3145 1502 3179 τε
1519 3127 1573 3181 τόν

290 3192 407 3250 Δεινίαν
433 3195 481 3248 καλ
507 3194 556 3247 τὸν
581 3192 702 3263 πατέρα,
730 3195 778 3247 καί
803 3202 885 3248 τοῦτο
911 3194 1047 3266 βλέποντα
1073 3195 1122 3249 τόν
1147 3193 1293 3263 Πίνδαρον
1317 3198 1447 3259 Δείνιάος
1465 3199 1573 3252 δισσῶν

290 3264 410 3321 σταδίων
429 3267 476 3319 καλ
496 3265 601 3332 πατρὸς
621 3265 719 3319 εἰπεῖν.
754 3265 867 3335 παρέχει
889 3265 921 3319 δέ
938 3286 1025 3335 φησιν
1044 3265 1058 3319 d
1079 3264 1210 3335 Δίδυμος,
1230 3267 1305 3338 [τὴν]
1325 3264 1448 3335 ἀπορίαν
1466 3266 1498 3322 τὸ
1518 3290 1570 3338 μη-

289 3339 403 3405 δέτερον
422 3338 515 3391 αὐτῶν
534 3336 564 3391 έν
583 3345 641 3399 τοῖς
661 3339 848 3406 Νεμεονίκαις
866 3336 1085 3407 ἀναγεγράφθαι
1111 3370 1144 3378 -
1170 3345 1193 3392 ⁸2.
1218 3340 1414 3407 παρθενηΐοισι
1435 3340 1472 3405 Β,
1495 3361 1571 3409 τιαρ-

288 3409 408 3465 θενίοισι
431 3409 460 3463 Ι)
481 3440 512 3448 -
534 3410 611 3480 βλεφ.
633 3408 701 3462 BD
725 3440 756 3448 -
782 3415 806 3462 3.
833 3406 944 3478 ἀμάρας
962 3410 999 3475 1),
1026 3406 1142 3477 ἁμέραις
1167 3410 1276 3464 Hecker
1301 3410 1411 3464 collatio
1430 3410 1464 3463 N.
1480 3430 1519 3465 vu
1534 3428 1572 3468 aa.

288 3502 315 3535 ix
334 3499 359 3535 ιι
380 3479 565 3550 probabiliter
594 3512 628 3519 -
654 3479 792 3549 ἀνάγκαις
819 3479 973 3548 Hermann,
997 3478 1045 3534 ἀν’
1067 3479 1156 3550 ἀγκὰς
1184 3480 1296 3535 Schmid
1324 3481 1510 3552 probabiliter
1534 3516 1571 3525 —-

288 3560 312 3607 6.
334 3551 465 3620 ποιμένος
481 3552 511 3604 D
524 3583 559 3590 -
578 3557 602 3605 9.
623 3550 667 3622 ἀβ.
687 3549 783 3605 Tricl.:
803 3551 865 3622 κάβ.
885 3552 913 3604 B
920 3551 949 3604 I)
968 3553 996 3604 et-
1015 3550 1099 3606 schol.
1120 3584 1153 3591 -

360 3711 549 3746 ιοιιιιιιιιτιτιι.
578 3711 603 3746 v.
623 3700 644 3746 1.
665 3692 701 3745 ab
717 3694 864 3747 luventutc
878 3698 907 3747 et
921 3693 1070 3746 Amoribus
1087 3693 1198 3747 initium
1218 3694 1349 3748 carminis
1368 3700 1452 3765 poeta
1471 3696 1569 3763 sumit,

288 3767 363 3832 quod
391 3763 469 3818 llinis
493 3764 582 3818 victor
608 3763 696 3816 amori
722 3768 751 3817 et
773 3763 879 3833 nuptiis
905 3768 1030 3818 maturus
1057 3769 1130 3833 erat,
1158 3765 1232 3819 undo
1260 3783 1294 3819 ne
1322 3765 1426 3820 iustum
1454 3772 1569 3839 tempus

288 3836 398 3903 (καιρὸν
413 3854 438 3889 v.
453 3838 476 3895 el
496 3834 609 3889 amandi
629 3852 797 3903 uxoremque
816 3835 934 3890 ducendi
954 3835 1089 3907 neglegat
1107 3840 1202 3890 monet
1220 3869 1253 3877 —
1274 3844 1296 3890 τ’.
1318 3837 1443 3905 ἐφίζοισα
1463 3838 1566 3907 γλεφά-

285 3925 355 3973 ροις·
376 3910 410 3960 cl'.
432 3905 535 3960 llosch.
556 3926 564 3957 1
584 3924 595 3958 :r
615 3903 702 3968 ὕπνος
721 3905 904 3978 βλεφάροισιν
923 3904 1034 3976 letrae,
1059 3907 1140 3977 Soph.
1161 3908 1225 3961 Ant.
1246 3924 1284 3962 tea
1303 3908 1450 3980 βλεφάρων
1470 3907 1568 3978 ίμερος

284 3976 431 4045 εὐλέκτρου
451 3979 574 4047 νύμφας.
598 3977 663 4031 Hor.
684 3977 712 4031 C.
732 3997 759 4029 ιν
781 3996 811 4041 ιιι,
831 4000 843 4025 ε
865 3978 972 4047 Cupido
989 3980 1114 4059 pulchris
1133 3981 1247 4033 occubat
1267 3982 1297 4033 ιἰι
1314 3984 1391 4051 penis
1411 4013 1443 4020 -
1463 3986 1486 4033 3.
1509 3979 1563 4035 ἑτέ

286 4070 348 4116 ραις
368 4050 383 4103 i.
404 4066 426 4103 o.
448 4048 554 4118 asperia
573 4052 603 4102 et
622 4048 772 4107 ferocibus:
800 4048 904 4103 similia
922 4052 1016 4103 nutrix
1037 4049 1064 4102 in
1090 4049 1155 4103 Eur.
1174 4049 1257 4131 Hipp.
1280 4068 1315 4105 ιιι
1331 4070 1366 4106 as.
1388 4051 1512 4119 loquitur
1531 4086 1565 4093 —

285 4130 310 4177 4.
330 4120 477 4191 ἀγαπατά.
497 4120 571 4187 quod
592 4119 665 4173 idem
686 4122 770 4189 atque
789 4121 937 4190 ἀγαπατὸν
957 4120 1045 4188 valet,
1065 4138 1126 4173 cum
1147 4121 1240 4175 verbio
1259 4121 1327 4189 πρὸς
1347 4121 1428 4192 ἔργον
1447 4121 1569 4179 ἕκαστον

285 4192 440 4261 coniunge,
461 4197 491 4243 ut
511 4207 619 4244 omnem
640 4192 675 4243 ad
697 4208 753 4245 rem
773 4191 969 4262 opportunitas
988 4190 1137 4262 plurimum
1159 4191 1251 4246 valere
1271 4193 1393 4251 dicatur:
1419 4195 1452 4248 oi.
1474 4194 1504 4249 fr.
1528 4212 1568 4251 raa

289 4296 315 4303 —
339 4272 362 4318 6.
390 4263 458 4324 Διὸς
478 4260 591 4331 Alpinas
610 4281 650 4315 ιε’
676 4262 749 4317 lovis
769 4263 813 4315 dei
834 4268 862 4317 et
883 4262 1006 4344 Aeginae
1025 4280 1090 4331 nym
1112 4263 1178 4331 hae,
1199 4282 1216 4317 a
1235 4264 1337 4333 quibus
1358 4268 1464 4319 Aeacus
1484 4266 1569 4320 heros

288 4335 487 4423 ,tepinetarum
503 4337 656 4403 prognatus
672 4339 727 4399 eet;
747 4351 841 4388 eorum
857 4336 969 4404 nuptiae
984 4333 1077 4458 lepide
1092 4282 1171 4388 tzind.
1187 4336 1206 4389 l.
1218 4354 1266 4387 vur
1281 4354 1303 4389 ιι
1322 4338 1406 4391 refert
1421 4370 1453 4376 —
1471 4343 1493 4390 7.
1510 4342 1567 4391 Ku-

286 4408 492 4472 πριαςὸάορων·
509 4406 543 4459 cs.
560 4404 655 4458 (λιιι
694 4402 751 4458 ίλια
765 4408 842 4473 δῶρα
857 4403 995 4472 Κυπρίας·
1031 4405 1312 4472 ρωτεςάιίοωθάίυω
1328 4408 1419 4462 locum
1435 4408 1569 4463 obtinent

285 4475 357 4530 inter
376 4476 494 4529 affectus
513 4476 600 4530 animi
620 4480 648 4530 ut
682 4494 729 4531 eos
745 4475 1026 4539 ministroeVeneris;
1046 4478 1080 4531 cf.
1096 4477 1128 4530 fr.
1145 4494 1191 4546 ιιι,
1206 4495 1218 4531 ι
1234 4511 1267 4519 -
1285 4479 1420 4546 Οἰνώνας,
1436 4479 1566 4550 Aeginae

287 4546 473 4611 insolenciam
486 4551 580 4601 zeutem
592 4548 781 4603 ολιεοΙολοΙιοο
796 4547 908 4601 nomine
922 4548 1103 4618 nuncupavit,
1117 4566 1152 4602 ne
1167 4549 1265 4603 eodem
1279 4550 1391 4605 nominc
1402 4555 1431 4603 et
1441 4551 1565 4606 insulam

286 4625 315 4671 et
333 4619 483 4687 nympham
504 4619 672 4688 appellaret-3
693 4620 766 4672 idem
786 4622 880 4674 tamen
896 4636 995 4673 nomen
1011 4619 1128 4673 recurrit
1142 4621 1161 4673 l.
1176 4640 1194 4672 v
1208 4637 1241 4674 ιιι.
1257 4641 1304 4673 vru
1321 4639 1343 4675 νι
1365 4656 1391 4661 --
1411 4629 1480 4689 ilco.
1497 4624 1565 4695 εἶβο-

286 4691 330 4743 αιλ
347 4734 351 4743 .
369 4734 373 4742 .
392 4733 395 4741 .
413 4689 532 4752 ἑκόντες
561 4691 677 4743 eandem
705 4706 760 4745 rem
787 4689 891 4759 duplici
912 4691 994 4743 modo
1021 4693 1050 4745 et
1075 4692 1197 4761 negandi
1217 4693 1338 4764 lc'rdoarll
1358 4696 1383 4746 et
1404 4694 1566 4748 alliuuandr

285 4760 416 4829 lincares)
443 4761 580 4831 expromit
608 4761 698 4815 verbis
721 4760 750 4814 in
773 4761 911 4833 principio
935 4766 965 4815 et
987 4765 1040 4817 line
1065 4762 1204 4816 enuntiati
1227 4763 1341 4832 positis,
1370 4769 1401 4818 ut
1427 4769 1566 4832 «plantum
