3406 5378
807 935 951 987 ΟΛΤΜΠ.
970 936 1012 985 Ζ.

609 1098 930 1181 ΔΙΑΓΟΡΑι
972 1095 1201 1180 Ponitur

832 1292 972 1342 IlTKTllt

785 3086 1027 3167 Argumentum.

356 3215 503 3293 Diagoras
532 3216 691 3295 Damageti
720 3215 800 3275 filius
827 3216 962 3276 Rhodius
986 3235 1001 3274 e
1025 3215 1210 3274 nobilissima
1238 3219 1325 3292 gente
1349 3216 1542 3275 Eratidarum

267 3297 308 3383 (r.
320 3296 377 3384 93),
392 3324 468 3380 quae
480 3325 497 3363 a
508 3305 687 3383 Tlepolemo,
702 3305 840 3365 Herculis
854 3304 925 3380 filio,
940 3304 1086 3382 originem
1101 3302 1350 3380 duxit,01.7u=
1362 3307 1424 3364 464
1437 3323 1464 3364 a.
1474 3305 1541 3366 Chr.

267 3392 407 3471 pugilatu
423 3391 580 3470 Olympiae
596 3396 676 3456 vicit.
704 3397 749 3453 Ex
763 3394 859 3453 tribus
875 3393 1049 3452 civitatibus
1063 3393 1179 3451 insulae
1194 3393 1290 3452 Rhodi
1304 3392 1446 3470 Ialysum,
1461 3394 1541 3451 utin

267 3500 327 3558 qua
341 3481 414 3541 urbe
429 3483 500 3541 olim
517 3484 703 3562 Demagetus
722 3485 835 3563 regiam
855 3486 1035 3558 potestatem
1055 3482 1219 3540 exercuerit
1237 3475 1485 3562 (v.Paus.1v24,
1503 3475 1541 3561 ι),

266 3571 396 3646 patriam
423 3571 546 3632 victoris
569 3573 661 3633 fuisse
685 3573 845 3634 verisimile
873 3575 926 3631 est.
973 3572 1039 3646 Ipse
1068 3572 1166 3629 clerus
1189 3571 1267 3630 inter
1288 3589 1400 3647 paucos
1423 3574 1542 3630 statura

266 3663 297 3717 et
317 3659 421 3719 robore
445 3663 576 3737 eorporis
599 3663 667 3742 fuit,
690 3663 814 3739 eiusque
837 3660 980 3720 memoria
999 3664 1029 3718 et
1046 3660 1103 3718 hac
1122 3660 1179 3719 oda
1201 3660 1232 3717 in
1255 3661 1367 3736 templo
1391 3661 1541 3719 Minervae

266 3747 392 3807 Lindiae
416 3751 515 3809 aureis
538 3752 647 3811 litteris
671 3755 793 3811 exarata
817 3755 847 3809 et
870 3751 973 3808 statua
996 3749 1064 3824 plus
1089 3752 1219 3824 quatuor
1247 3749 1416 3808 cubitorum
1440 3747 1541 3825 Olym-

266 3837 333 3913 piae
357 3839 456 3913 posita
480 3833 521 3921 (v.
536 3842 625 3901 schol.
645 3841 683 3900 ad
702 3842 787 3900 inser.
803 3842 833 3898 et
851 3839 938 3896 Paus.
956 3855 986 3896 vr
1002 3848 1026 3914 7,
1041 3847 1072 3916 2)
1092 3838 1130 3895 ad
1148 3841 1283 3913 posteros
1301 3841 1470 3916 propagata
1488 3842 1541 3897 est.

266 3926 365 3985 Patm's
396 3949 467 3988 vero
500 3931 601 3989 studia
630 3930 786 4008 pugilatus
815 3930 846 3985 et
875 3926 1023 4001 pancratii
1054 3927 1146 3986 etiam
1179 3927 1217 3984 ad
1247 3926 1324 3987 filios
1356 3930 1387 3985 et
1418 3931 1541 4004 nepotes

266 4016 419 4075 transiisse
443 4021 594 4077 testantur
617 4020 706 4078 sohol.
731 4020 768 4077 ad
791 4018 877 4076 inser.
901 4020 932 4073 et
955 4015 1043 4074 Paus.
1063 4035 1094 4074 vu
1119 4027 1133 4074 7
1157 4018 1188 4074 et
1211 4015 1269 4074 Cio.
1294 4017 1379 4075 Tuso.
1405 4036 1414 4072 ι
1438 4029 1481 4077 46.

355 4107 513 4183 Magnifica
545 4108 709 4185 prooemio,
743 4127 801 4183 quo
835 4122 922 4161 suum
955 4123 1064 4162 munus
1096 4108 1186 4180 poeta
1218 4124 1286 4162 oum
1316 4108 1422 4180 patera
1450 4126 1542 4164 aurea

267 4193 345 4252 inter
367 4196 537 4255 convivium
567 4216 674 4272 genero
706 4196 807 4257 oblata
837 4192 973 4269 apposite
1004 4194 1130 4270 confert,
1162 4193 1321 4252 eonsilium
1350 4196 1540 4270 praedicandi

266 4282 422 4342 victoriam
451 4285 600 4361 Diagorae
634 4285 731 4361 aperit
758 4275 884 4366 (1-19).
931 4281 966 4339 ln
996 4282 1155 4357 principali
1185 4285 1270 4357 parte
1304 4284 1378 4342 odae
1406 4278 1541 4365 (20—76)

267 4374 327 4430 tres
358 4372 477 4430 fabulas
506 4373 602 4431 Rhodi
636 4374 750 4433 insulae
781 4373 899 4446 narrat,
923 4391 938 4429 e
962 4370 1071 4446 quibus
1102 4371 1198 4445 prima
1229 4375 1274 4430 est
1303 4373 1339 4430 de
1369 4373 1540 4449 Tlepolemo

266 4460 425 4518 Heraclida
457 4461 495 4518 ad
527 4462 704 4536 expiandam
731 4465 851 4523 eaedem
882 4460 1030 4535 Licymnii
1058 4459 1089 4516 in
1117 4460 1259 4533 insulam,
1286 4460 1339 4519 ubi
1366 4463 1482 4537 Iupiter
1510 4462 1540 4518 in

265 4548 417 4606 natalibus
447 4550 598 4610 Minervae
628 4572 736 4611 aurum
765 4552 903 4629 pluisset,
934 4548 1081 4608 coloniam
1112 4548 1255 4607 deduoere
1287 4550 1367 4610 iusso
1397 4544 1540 4631 (no—38),

267 4637 361 4696 altera
390 4638 424 4697 de
453 4639 576 4699 Rhodiis
600 4661 618 4698 a
640 4642 775 4701 Minerva
802 4645 924 4718 propter
947 4656 1030 4696 sacra
1054 4637 1125 4695 deae
1150 4637 1180 4694 in
1204 4657 1270 4696 aree
1294 4639 1436 4698 instituta
1458 4639 1542 4699 miris

265 4726 399 4785 artificiis
423 4728 519 4787 auctis
538 4723 680 4809 (tls-os),
704 4732 794 4790 tertia
818 4731 853 4790 de
876 4726 980 4789 Rhodo
1004 4727 1104 4785 insula
1127 4729 1217 4785 antea
1241 4727 1271 4784 in
1296 4747 1425 4803 aequore
1449 4730 1541 4788 maris
