3406 5378
768 278 915 328 PlNDARl
933 277 1099 330 El'lNlClA.

507 438 589 503 ὅθεν
612 437 843 522 γεγενναμένοι
1205 434 1288 501 Ἀντ.
1312 435 1355 518 γ’.

455 545 617 610 trinovae
643 546 795 631 Θήρανδε
818 557 925 629 φῶτες
948 547 1114 627 Αἰγεΐδαι,
1356 561 1408 608 100

507 651 579 736 έμοὶ
601 651 754 739 πατέρες,
777 652 817 717 οὐ
840 659 932 717 θεῶν

551 761 645 843 ἀτερ,
668 760 751 825 ἀλλὰ
773 760 873 845 μοῖρά
896 784 946 835 τις
968 761 1056 841 ἀγεν.

505 868 699 932 πολύθυτον
722 870 843 953 ἔρανον

506 976 606 1038 ἔνθεν
629 972 877 1058 ἀναδεξάμενοι,

500 1078 680 1162 Ἀπολλον,
703 1090 774 1167 τεᾷ,

452 1206 486 1252 80
505 1187 659 1274 Καρνήί,
683 1187 718 1252 ἐν
741 1186 830 1251 δαιτὶ
852 1191 1021 1272 σεβίζομεν

505 1296 663 1378 Κυράνας
687 1293 906 1378 ἀγακτιμέναν
928 1296 1039 1359 πόλιν·

506 1405 614 1485 ἔχοντι
636 1402 697 1465 τάν
720 1400 943 1486 χαλκοχάρμαι
967 1398 1054 1477 ξένοι

509 1511 617 1593 Τρῶες
637 1505 875 1591 Ἀντανορίδαι.
911 1509 975 1571 σὺν
993 1504 1108 1594 Ἑλένᾳ
1131 1509 1193 1592 γὰρ
1217 1512 1330 1592 μόλον,
1356 1528 1406 1573 110

503 1622 738 1680 καπνωθεῖσαν
760 1614 889 1698 πάτραν
913 1612 982 1678 ἐπεὶ
1003 1616 1101 1680 ,ίίδον

1215 1721 1283 1788 'lira
1308 1723 1353 1805 γ’.

451 1846 484 1894 85
504 1830 540 1895 έν
554 1829 655 1915 ’Ἀρεα
701 1830 738 1893 τὸ
762 1827 794 1893 δ’
820 1828 1001 1894 ἐλάσιππον
1024 1831 1124 1904 ἔθνος
1147 1828 1310 1906 ἐνδυκέως

364 1993 404 2041 a.
424 1951 586 2042 misaam
605 1987 633 2050 ες
651 1986 688 2054 a.
708 1986 997 2055 nnsaronv,
1017 1985 1044 2048 ις
1063 2002 1116 2040 om.
1136 1987 1166 2040 a
1183 1989 1211 2040 a
1229 1987 1333 2041 nosch.
1352 2005 1441 2057 neque
1462 1988 1565 2058 legisse

292 2059 422 2113 videntur
448 2060 546 2125 schol.;
578 2058 624 2128 ἄγ’
653 2059 683 2112 ἐν
714 2058 783 2111 coni.
810 2057 971 2182 Minfiarelli
1001 2060 1139 2112 commate
1167 2063 1232 2112 ante
1261 2060 1362 2115 πολίθ.
1390 2060 1502 2113 sublato
1532 2095 1564 2100 —

292 2136 333 2186 78.
353 2130 566 2200 ἀναδεξαμέναν
582 2134 610 2183 et
624 2128 764 2202 σεβιζέμεν
779 2128 848 2183 coni.
891 2146 1006 2182 ermann
1020 2161 1053 2168 -
1069 2134 1111 2182 80.
1127 2128 1248 2197 Καρνήϊ’
1266 2130 1296 2185 ἐν
1310 2131 1435 2187 Boeckh:
1455 2132 1563 2200 πορνεῖ’

291 2202 322 2255 έν
340 2204 367 2256 Β
378 2203 453 2269 DE,
473 2207 592 2270 Karpasia
616 2200 642 2256 τ’
665 2201 695 2255 έν
714 2205 743 2254 et
761 2201 862 2254 deinde
881 2200 1014 2269 Κυράνας
1032 2199 1058 2254 τ’
1080 2201 1150 2254 coni.
1170 2200 1262 2270 Bergk
1282 2235 1315 2242 -
1335 2202 1475 2275 σεβιζέμεν
1494 2204 1564 2258 coni.

291 2274 385 2342 Pauw,
404 2273 536 2344 probavit
554 2273 697 2326 Hermann
712 2304 744 2312 —
762 2278 804 2326 81.
825 2271 1015 2342 ἀγακτιμέναν
1035 2272 1128 2326 codd:
1148 2271 1343 2342 ἀγακλυμέναν
1363 2274 1433 2328 coni.
1449 2274 1566 2344 Hecker,

290 2343 338 2398 ἀν’
360 2344 525 2414 εὐκτιμέναν
550 2344 621 2399 coni.
641 2344 798 2399 Schdmann
825 2343 874 2413 Op.
900 2361 928 2396 ιτ
951 2361 977 2399 ra
1004 2374 1037 2382 —
1064 2347 1107 2396 84.
1134 2338 1211 2398 εἶδον
1237 2345 1266 2399 D
1293 2378 1326 2385 —
1353 2351 1395 2398 85.
1420 2344 1567 2409 ἐνδικαίως

290 2417 356 2470 D1’0
375 2448 407 2455 —-
428 2415 558 2487 δέχονται
583 2417 612 2470 D
637 2447 671 2455 -
698 2415 805 2482 ἀνδρας
830 2412 990 2484 οίχνέοντας
1015 2432 1065 2484 σφι
1088 2432 1121 2468 ex
1150 2415 1264 2468 scholiis
1292 2417 1435 2488 Hartuug:
1464 2418 1566 2486 ἄνδρες

291 2485 445 2558 οἰχνέοντές
462 2506 515 2556 σφε
535 2488 639 2542 BDE
656 2489 684 2540 et
701 2504 766 2556 pars
786 2485 954 2541 scholiorum
973 2518 1007 2525 -

294 2594 408 2648 Pindari
428 2594 458 2646 in
477 2593 705 2663 inscriptionibus
721 2593 865 2663 Anapbae,
881 2593 990 2646 insulae
1004 2592 1114 2646 vicinae
1128 2592 1243 2658 Therae,
1259 2609 1398 2647 recurrere
1414 2595 1491 2663 (CIG.
1507 2613 1567 2650 asso.

293 2681 374 2720 aeaco.
396 2669 480 2733 ειεοσ)
501 2665 652 2718 admodum
674 2664 855 2718 memorabile
878 2668 921 2718 est
938 2681 1028 2732 neque
1049 2664 1108 2717 veri
1129 2663 1265 2718 dissimile
1284 2666 1463 2731 Καρνειάδας
1482 2676 1517 2733 (τ,
1536 2667 1566 2720 Ρ.

290 2736 540 2805 rxr1),aCarneis
558 2737 644 2789 sacris
663 2735 727 2790 illos
748 2736 950 2802 denominatos,
969 2735 1061 2803 gentis
1080 2735 1253 2806 Aegidaram
1274 2736 1369 2803 luisse,
1388 2741 1483 2791 tamen
1503 2739 1567 2791 inde

291 2824 381 2876 neque
396 2808 520 2877 Aegidas
540 2807 616 2860 omni
635 2810 759 2877 tempore
781 2824 861 2860 sacra
876 2806 982 2860 Carnea
997 2805 1210 2861 administrasse
1225 2807 1346 2860 efficitur
1359 2825 1449 2876 neque
1463 2809 1567 2862 Thebis

291 2880 532 2933 Lacedaemonem
549 2878 600 2931 illa
619 2896 699 2931 sacra
717 2879 827 2948 perlata
846 2894 914 2933 esse.
942 2877 1008 2930 Plus
1023 2877 1088 2931 fidei
1102 2877 1197 2946 habet,
1216 2879 1291 2946 quod
1305 2878 1456 2932 Pindarum
1475 2880 1566 2950 ipsum

291 2955 406 3019 egente
422 2951 595 3020 Aegidarum
614 2951 791 3020 progenitum
811 2966 872 3003 esse
895 2949 1025 3017 credunt,
1050 2948 1105 3002 nisi
1125 2965 1190 3002 vero
1208 2950 1261 3003 hoc
1285 2953 1398 3019 poetam
1417 2951 1471 3003 sibi
1491 2968 1566 3006 arro-

291 3039 373 3092 gasse
393 3023 492 3091 putas,
519 3024 550 3074 ut
570 3021 689 3074 arctiore
707 3021 922 3075 necessitudinis
941 3020 1053 3074 vinculo
1073 3036 1101 3074 se
1121 3037 1183 3073 cum
1202 3020 1311 3074 civibus
1330 3020 1478 3090 Cyrenaeis
1503 3041 1566 3076 cou-

290 3094 417 3147 iunctum
438 3092 571 3158 iactaret;
601 3094 635 3145 cf.
655 3092 683 3145 P.
705 3112 731 3144 nr
751 3111 809 3163 arg.
830 3095 858 3146 et
876 3095 946 3145 nott.
966 3092 1002 3145 ad
1021 3092 1041 3145 l.
1061 3110 1098 3144 vn
1118 3109 1143 3146 ιε
1162 3094 1191 3146 et
1208 3092 1361 3159 Luebhert,
1384 3093 1514 3148 Diatriba
1537 3095 1566 3147 in

289 3164 406 3218 Pindari
431 3163 524 3218 locum
549 3164 584 3217 de
607 3163 723 3231 Aegidis
748 3167 777 3217 et
799 3163 885 3216 sacris
913 3163 1039 3229 Carneis,
1068 3163 1155 3217 Boun.
1178 3168 1244 3217 1883
1272 3196 1305 3204 -
1335 3170 1376 3217 ll.
1404 3166 1567 3220 πολύθυτον

291 3235 402 3306 ἔρανον,
422 3234 531 3289 Oarnea
551 3252 640 3302 sacra,
658 3252 730 3303 quae
744 3238 891 3304 operantes
910 3234 1015 3289 multas
1030 3234 1159 3288 victimas
1173 3235 1293 3288 offerunt
1307 3267 1339 3274 —
1356 3241 1396 3290 78.
1417 3237 1510 3299 ἔνθεν,
1530 3238 1566 3290 ab

290 3305 384 3359 insula
405 3306 510 3372 Thera;
529 3306 679 3359 relativum
698 3306 885 3376 postpositum
904 3309 947 3359 est
967 3309 1000 3359 ut
1018 3323 1061 3360 vv.
1082 3323 1114 3360 ιο.
1133 3323 1167 3359 ιι.
1187 3323 1225 3373 ιτς
1249 3306 1419 3376 Mingarellii
1439 3308 1565 3377 speciosa

290 3378 453 3431 coniectura
477 3375 524 3446 ἄγ’
546 3377 577 3431 έν
599 3378 762 3431 πολύθυτον
785 3377 901 3445 ἔρανον·
927 3377 1012 3431 ἔνθεν
1033 3377 1134 3430 nititur
1152 3377 1250 3431 fabula
1268 3395 1301 3432 ex
1320 3377 1431 3448 Ephoro
1451 3397 1468 3431 a
1487 3380 1565 3433 scho-

289 3448 383 3502 liaatis
403 3452 536 3517 excerpta
554 3449 589 3502 de
603 3448 780 3502 Aristodemo
800 3452 830 3502 et
847 3448 1029 3503 Doriensibus
1044 3448 1166 3518 Aegidas
1185 3448 1333 3502 Thebanos
1353 3466 1432 3503 sacra
1451 3450 1505 3503 diis
1524 3451 1565 3504 fa-

289 3520 396 3574 cientes
421 3519 644 3588 invenientibus,
666 3537 739 3588 quae
757 3536 854 3574 vereor
873 3523 904 3572 ut
922 3520 978 3573 iam
997 3519 1118 3572 Pindaro
1138 3519 1342 3574 innotuerit-
1363 3527 1405 3576 80.
1426 3519 1565 3587 Ἀπολλον,

288 3596 347 3666 τεᾷ,
368 3589 499 3659 Καρνήί,
521 3592 551 3646 έν
571 3590 657 3645 δαιτί·
678 3591 773 3645 confer
791 3592 822 3645 Ο.
840 3610 869 3643 xi
889 3609 911 3645 11
928 3589 1121 3660 Ἀρχεστράτου
1139 3601 1200 3658 παῖ,
1219 3601 1291 3658 τεᾶς,
1310 3590 1477 3662 Ἀγησίδαμε,
1496 3614 1563 3662 πυγ.

288 3660 391 3732 μαχίας
406 3695 436 3702 -
456 3669 497 3716 81.
514 3660 670 3735 σεβίζομεν·
691 3663 864 3717 celebramus
879 3679 931 3732 ego
946 3680 1009 3714 cum
1024 3661 1164 3715 choreutis
1179 3662 1336 3730 Cyrenaeis,
1355 3681 1410 3716 non
1430 3681 1481 3733 ego
1501 3681 1563 3717 cum

288 3733 357 3788 meis
381 3734 565 3805 popularibus
592 3734 746 3799 Thebanis;
770 3734 901 3787 nimirum
924 3733 1062 3786 Pindarus
1088 3733 1147 3802 ipse
1174 3733 1210 3786 ad
1236 3734 1461 3789 comissationem
1486 3735 1563 3789 feriis

289 3804 404 3859 Corneio
423 3805 582 3859 taciendam
601 3805 704 3859 Thebis
724 3805 845 3874 Cyrenas
864 3805 973 3859 venisse
992 3805 1111 3859 videtur.

359 3882 392 3931 82
412 3895 447 3931 ss.
472 3877 576 3931 transit
598 3878 633 3929 ad
658 3879 765 3930 veteres
788 3877 887 3930 heroas
910 3876 1000 3945 urbis,
1021 3876 1208 3929 Antenoridas
1227 3876 1386 3944 Dardanos,
1411 3877 1459 3947 qui
1478 3877 1561 3947 primi

288 3949 372 4002 Troia
390 3949 418 4001 in
437 3949 556 4017 Libyam
575 3949 718 4015 venerant,
737 3952 767 4001 et
784 3948 933 4001 Battiadas
952 3947 1072 4015 Minyas,
1091 3947 1139 4015 qui
1159 3946 1304 4015 aliquanto
1324 3952 1389 4018 post
1407 3949 1498 4002 'lbera
1516 3967 1561 4002 ac-

287 4025 442 4089 cesserunt3
466 4020 501 4073 de
525 4019 623 4072 fabula
641 4019 876 4073 Antenoridarum
899 4035 962 4072 cum
981 4018 1088 4072 Helena
1107 4018 1136 4071 in
1154 4018 1270 4087 Libyam
1291 4021 1478 4089 proiectorum
1497 4038 1561 4074 con-

287 4093 358 4144 ferre
382 4091 462 4145 iuvat
485 4090 585 4145 schol:
608 4091 672 4156 περὶ
695 4099 744 4158 τῆς
765 4091 804 4153 εἰς
823 4090 956 4180 Κυρήνην
975 4088 1097 4160 ἀφίξεως
1115 4098 1170 4144 τῶν
1186 4089 1384 4159 Ἀντηνοριδῶν
1401 4091 1561 4162 Λυσίμαχος

288 4162 318 4217 έν
337 4164 435 4235 πρώτῳ
453 4171 508 4215 τῶν
527 4159 632 4216 νόστων
652 4161 761 4230 ἱστορεῖ,
780 4160 848 4229 παρ’
872 4168 979 4230 Αμνακι
1002 4163 1111 4233 βασιλεῖ
1127 4162 1229 4225 αὐτοὺς
1247 4160 1387 4234 ᾠκηκέναι
1406 4163 1442 4233 μή
1463 4165 1560 4235 βουλο-

286 4234 387 4304 μένους
406 4241 545 4287 συνοικεῖν
563 4241 621 4295 τοῑς
639 4234 671 4286 τδ
684 4231 770 4287 Ἴλιον
788 4231 997 4300 πεπορθηκόσι,
1016 4234 1063 4285 καί
1082 4230 1124 4286 ὅτι
1145 4232 1232 4287 ἔκτισε
1252 4233 1318 4303 μεθ’
1340 4235 1440 4288 ἱκανὸν
1458 4236 1561 4304 χρόνον

286 4305 336 4358 τὸν
359 4306 461 4373 μεταξὺ
485 4304 615 4372 Κυρήνης
638 4305 684 4357 καλ
708 4313 756 4372 τῆς
779 4302 923 4373 θαλάσσης
946 4303 1076 4373 κείμενον
1094 4301 1183 4372 λόφον
1198 4302 1397 4374 Ἀντηνοριδῶν
1417 4307 1560 4374 ἐπικεκλη-

287 4373 380 4444 μένον.
418 4374 483 4429 Fuit
502 4379 596 4429 autem
615 4393 686 4428 unus
706 4375 740 4428 de
759 4375 872 4444 cyclicis
891 4375 982 4444 poetis
1001 4374 1172 4445 Eugummus
1192 4376 1363 4446 Cyrenaeus,
1383 4378 1461 4430 cuius
1481 4378 1560 4431 'l'elc-

286 4447 400 4515 goniam
419 4445 532 4499 Procius
552 4446 580 4499 in
600 4463 651 4500 sua
670 4446 888 4500 chrestomathia
907 4446 1045 4515 excerpsit
1069 4479 1102 4486 —
1126 4453 1169 4500 85.
1192 4447 1271 4502 τὸδ’
1293 4448 1446 4503 ἐλάσιππον
1466 4448 1558 4513 ἔθνος,

287 4516 422 4586 Cyrenaei
433 4518 516 4584 cives,
527 4517 575 4586 qui
585 4518 732 4571 etiamtum
742 4517 929 4573 Antenoridas
939 4522 1062 4571 mortuos
1073 4516 1255 4588 (οίχνέοντας
1270 4519 1446 4589 τεθνηκότας
1459 4520 1559 4587 schol.)

287 4589 430 4642 sacrificiis
446 4592 495 4642 aut
509 4589 690 4643 advenientes
708 4589 870 4657 symbolicis
885 4589 1044 4642 cerimoniis
1058 4589 1133 4642 inter
1146 4591 1284 4645 sacrificia
1299 4591 1450 4661 diligenter
1464 4592 1558 4661 placa-

287 4660 369 4726 baut;
384 4678 433 4731 per
443 4660 555 4729 synesin
567 4661 641 4715 euim
651 4661 768 4729 pluralis
779 4659 856 4713 verbi
867 4677 928 4714 cum
944 4661 1079 4730 singulari
1093 4662 1213 4715 nominis
1228 4663 1391 4716 coniunctus
1407 4667 1457 4731 cst,
1469 4680 1559 4731 neque

286 4731 431 4787 Disaenius
443 4733 612 4802 prolmmlus,
622 4733 669 4801 qui
686 4750 748 4784 cum
762 4732 891 4786 δέκονται
906 4749 1038 4801 ρτοοεοιιε
1052 4733 1216 4788 historicum
1231 4751 1291 4788 esse
1306 4735 1426 4801 duraret,
1438 4735 1558 4788 otiosum
