3406 5378
304 280 367 344 132
763 283 924 334 Ι1111111111
943 282 1109 333 narnien.

358 446 398 508 σὺ
422 440 459 509 δὲ
481 443 572 528 σάφα
594 469 651 509 νιν
673 447 771 529 ἔχεις,
794 443 954 530 ἐλευθέρᾳ
976 440 1076 528 φρενὶ
1098 453 1270 527 πεπαρεῖν,
1363 439 1446 506 Ἀντ.
1470 440 1512 524 γ’.
1530 459 1580 505 105

356 552 500 636 πρύτανι
523 553 616 637 κύριε
639 557 765 617 πολλᾶν

400 655 461 742 μέν
484 658 697 743 εὐστεφάνων
720 659 841 741 ἀγυιᾶν

400 763 454 830 καὶ
478 776 629 850 στρατοῦ.
676 768 707 830 εί
728 765 767 830 δέ
788 791 838 842 τις

356 872 419 954 ἤδη
442 871 614 937 κτεάτεσσί
633 896 667 936 τε
690 870 744 936 καὶ
767 869 842 956 περὶ
865 880 958 958 τι-μᾷ
981 871 1067 954 λέγει
1528 888 1578 934 110

304 995 337 1042 se
356 977 469 1063 ἕτερόν
492 976 557 1044 τίν’
582 977 637 1043 ἀν’
658 976 799 1044 Ἑλλάδα
822 989 889 1043 τῶν
913 979 1055 1063 πάροιθε
1079 976 1236 1060 γενέσθαι
1258 977 1454 1064 ὑπέρτερον,

356 1087 464 1173 χαύνα
486 1087 626 1171 πραπίδι
649 1091 848 1170 παλαιμονεῖ
867 1085 971 1149 κενεά.

357 1192 502 1258 εὐανθέα
526 1191 557 1257 δ’
583 1192 789 1277 ἀναβάσομαι
813 1195 931 1257 στόλον
955 1190 1037 1276 ἀμφ’
1063 1191 1162 1278 ἀρετᾷ

355 1299 527 1365 κελαδέων.
573 1303 684 1365 νεότα-

400 1431 431 1471 τι
454 1403 515 1491 μὲν
538 1406 667 1492 ἀρά-γει
690 1406 819 1492 θράσος

356 1515 477 1578 δεινῶν
499 1512 664 1597 πολέμων·
690 1515 771 1579 ὅθεν

399 1617 484 1704 φαμὶ
507 1618 562 1684 καὶ
586 1616 621 1684 σὲ
645 1621 706 1684 τάν
730 1619 889 1704 ἀπείρονα
912 1618 1013 1697 δόξαν
1036 1619 1161 1702 εὑρεῖν,

304 1832 337 1879 ot
357 1816 397 1879 τά
419 1813 480 1899 μὲν
503 1814 540 1880 έν
564 1817 774 1880 ἱπποσόαισιν
797 1817 854 1881 ἀν-

399 1924 512 2007 δρεσσι
534 1923 760 2007 μαρνάμενον,
783 1924 823 1987 sol
846 1921 876 1986 δ’
905 1921 940 1987 έν

398 2029 622 2113 πεζομάχαισι·
645 2027 779 2113 βου-λαὶ
802 2026 839 2095 δὲ
861 2031 1080 2115 πρεσβύτεραι

355 2136 537 2202 ἀκίνδυνον
561 2135 632 2221 ἐμοὶ
654 2136 755 2214 ῖέπος
768 2179 781 2186 -
797 2133 832 2202 σέ
855 2135 931 2202 ποτὶ
953 2137 1061 2202 πάντα
1085 2140 1185 2220 λόγον

354 2242 501 2309 ἐπαινεῖν
523 2243 708 2330 παρέχοντι.
754 2257 824 2329 χαῖ-

399 2375 444 2436 ρε.
490 2353 565 2417 τόδε
588 2348 648 2437 μέν
671 2353 753 2417 κατά
779 2355 979 2416 Φοί-νισσαν
1002 2350 1147 2436 έμπολάν
1527 2369 1576 2415 125

372 2534 415 2582 57.
436 2536 574 2594 πεπαρεῖν
588 2528 722 2582 BODE:
737 2534 872 2594 πεπαρεῖν
886 2526 992 2580 Mosch.
1012 2558 1045 2566 -
1063 2533 1105 2581 59.
1121 2525 1262 2582 κτεάνοισι
1278 2526 1346 2580 G—
1362 2533 1403 2580 61.
1418 2526 1510 2597 χαύνα
1526 2569 1531 2580 .
1548 2570 1553 2580 .
1569 2571 1575 2582 .

300 2597 384 2654 κενεά
394 2616 428 2653 ex
437 2599 552 2653 scholiis
562 2599 659 2652 Pauw:
680 2619 771 2668 χαννα
781 2598 884 2672 (χαύνα
894 2599 946 2667 B).
957 2642 962 2652 .
972 2642 977 2652 .
987 2607 1071 2652 κενεᾶ
1081 2601 1186 2666 (savard
1197 2598 1237 2666 D)
1247 2598 1327 2651 codd.
1338 2630 1373 2637 -
1383 2604 1425 2652 65.
1446 2581 1577 2665 ἄνδρεσσι

302 2671 373 2725 coni.
397 2671 552 2725 Hermann:
581 2669 702 2738 ἀνδράσι
730 2670 828 2724 Bel)
855 2702 889 2708 -
916 2669 1096 2740 πεζομάχαισι
1118 2670 1140 2724 O
1161 2702 1194 2709 —
1219 2675 1261 2723 66.
1285 2667 1315 2723 σὲ
1340 2670 1404 2723 ποτὶ
1425 2670 1520 2723 πάντα
1543 2686 1578 2722 ex

300 2741 414 2796 scholiis
437 2742 544 2812 Bergk:
567 2742 633 2795 ποιλ
655 2740 749 2795 πάντα
776 2741 889 2798 (omisso
915 2744 956 2810 σε)
982 2742 1047 2795 AB
1060 2742 1131 2809 ol),
1160 2741 1226 2794 ποτλ
1251 2740 1365 2794 ἅπαντα
1390 2741 1486 2809 Trici,
1512 2742 1576 2794 ποτὶ

300 2812 329 2866 σὲ
348 2813 442 2868 πάντα
461 2812 574 2867 Boeekh
593 2844 627 2852 —

372 2961 414 3009 57.
435 2974 492 3011 νιν
512 2972 579 3024 opes
599 2972 662 3009 cum
682 2953 823 3024 sapientia
841 2953 1005 3008 coniunctas
1023 2987 1058 2995 -
1075 2963 1212 3023 πεπαρεῖν
1231 2954 1339 3009 scholia
1357 2954 1577 3025 interpretantur

300 3029 414 3095 πορίσαι
437 3029 485 3080 καὶ
508 3026 720 3095 παρασκευάσαι
743 3023 761 3094 ἢ
784 3035 965 3096 περιποιῆσαι
988 3023 1005 3094 ἢ
1029 3035 1183 3096 παρασχεῖν
1207 3023 1224 3094 ἢ
1243 3024 1392 3089 πλουσίους
1415 3027 1575 3092 ἀποδεῖξαι·

301 3097 458 3167 Hesychius
482 3097 697 3168 lexicographus
716 3106 865 3166 πεπαρεῖν·
890 3097 1019 3166 ἐνδεῖξαι,
1039 3106 1168 3168 σημῆναι.
1205 3098 1266 3152 Vox
1285 3097 1425 3167 obsoleta,
1451 3114 1501 3168 pro
1520 3115 1577 3166 qua

301 3169 520 3237 Byzantinorum
545 3178 680 3237 πεπαρεῖν
705 3168 829 3239 recipere
854 3168 997 3237 dubitavi,
1023 3186 1041 3222 a
1063 3177 1161 3235 πορεῖν
1184 3168 1239 3222 nisi
1264 3168 1415 3224 dialectica
1437 3168 1576 3223 varietate

300 3240 410 3295 differre
435 3258 491 3295 non
509 3240 622 3295 videtur
639 3273 674 3281 -
694 3246 735 3294 59.
762 3239 905 3295 κτεάτεσσί
929 3259 960 3295 τε
986 3243 1034 3294 καὶ
1058 3242 1123 3309 περὶ
1148 3245 1225 3314 τιμᾷ·
1252 3240 1423 3311 praepositio
1450 3257 1513 3294 cum
1539 3240 1576 3294 ad

300 3314 448 3380 utrumqne
466 3312 622 3367 membrum
640 3312 793 3382 pertineat,
818 3312 939 3366 seeundo
959 3311 1012 3366 soli
1031 3311 1144 3366 adiecta
1162 3322 1213 3380 est,
1233 3319 1265 3365 ut
1283 3329 1368 3383 supra
1386 3330 1454 3366 1.1ο
1473 3309 1577 3380 δίφρον

300 3383 330 3437 ἔν
348 3382 382 3437 θ’
404 3383 523 3453 ἅρματα,
541 3384 668 3438 Ρ.1111οο
686 3384 831 3439 νύκτεσσιν
852 3382 882 3438 έν
900 3381 933 3438 θ’
954 3380 1083 3454 ἁμέραις,
1102 3383 1135 3437 N.
1151 3400 1219 3437 11111
1238 3383 1323 3438 οἴκων
1342 3381 1399 3437 ἀπό
1417 3381 1443 3436 τ’
1459 3381 1576 3452 Ἄργεος,

300 3454 365 3509 Ν.11
381 3472 406 3510 ss
422 3453 510 3528 Ἑρμᾷ
529 3457 577 3508 καί
596 3456 648 3510 σὺν
662 3453 801 3524 Ἡρακλεῖ,
820 3455 850 3508 P.
865 3474 914 3508 vm
928 3472 953 3510 ss
970 3456 1006 3508 Δλ
1024 3455 1073 3509 καλ
1091 3454 1272 3530 κρέοντιὶσὺν
1291 3456 1392 3527 Αἰακῷ,
1412 3455 1432 3508 Ι.
1447 3474 1456 3506 1
1472 3470 1497 3508 su
1517 3450 1574 3522 ὁεέ-

299 3524 395 3593 θροισί
420 3546 448 3580 τε
469 3525 574 3593 Δίρκας
600 3528 648 3580 καὶ
670 3524 738 3594 παρ’
763 3527 887 3600 Εὐρώτᾳ,
925 3525 1091 3596 Comparare
1115 3526 1196 3580 iuvat
1218 3525 1338 3581 similem
1361 3524 1575 3579 collocationem

299 3597 467 3667 negationis,
483 3599 517 3651 de
532 3615 588 3666 qua
601 3616 627 3652 v.
643 3599 673 3653 Ο.
689 3618 718 3651 rr
734 3616 758 3652 rs
772 3630 805 3637 -
821 3604 863 3651 62.
879 3598 1058 3669 ἀναβάσομαι
1073 3595 1182 3651 στόλον·
1203 3597 1323 3653 similem
1338 3596 1575 3668 comparationem

318 3673 398 3722 oeteo
422 3668 520 3723 laudes
545 3669 689 3723 hominum
713 3668 839 3723 canentis
863 3686 926 3722 cum
949 3673 1038 3723 nauta
1061 3672 1224 3723 coronatam
1247 3686 1348 3723 navem
1372 3669 1575 3722 conscendente

297 3687 386 3794 habes
405 3740 436 3794 Ο.
452 3757 590 3794 ,1111411-
610 3747 643 3794 63
659 3760 694 3795 ss.
714 3741 743 3795 in
762 3739 925 3794 laudatione
944 3739 1072 3794 Hieronis
1091 3739 1177 3794 sortia
1195 3740 1285 3808 facta,
1304 3757 1378 3809 quae
1396 3739 1506 3794 iuvenis
1525 3739 1575 3793 ille

298 3809 419 3936 ἓνεότατι
437 3812 489 3882 μέν
501 3830 528 3865 v.
543 3816 579 3881 61)
596 3812 626 3866 iu
640 3811 742 3884 pugnis
761 3814 859 3866 contra
879 3810 1133 3881 Carthaginienses,
1152 3811 1279 3881 inprimis
1298 3812 1336 3865 ad
1354 3810 1497 3865 Himeram
1516 3810 1573 3865 edi-

317 3882 356 3948 it,
377 3886 407 3937 et
427 3883 568 3953 sapientia
587 3884 705 3938 consilia
724 3884 830 3955 (βουλαὶ
851 3881 882 3936 δὲ
901 3901 927 3936 v.
943 3886 987 3952 σε),
1006 3900 1078 3951 quae
1098 3886 1269 3937 senectutem
1288 3883 1400 3950 decent,
1426 3882 1574 3953 particulis

298 3953 349 4025 pls
365 3999 370 4009 .
387 3999 392 4009 .
409 3998 414 4008 .
431 3953 462 4009 δὲ
482 3959 661 4025 opponuntur
680 3987 712 3994 -
733 3960 774 4008 65.
796 3953 993 4026 πρεσβύτεραι·
1014 3954 1230 4024 comparativus,
1245 3954 1301 4008 nisi
1314 3954 1399 4024 plane
1419 3972 1499 4008 suam
1516 3953 1574 4007 vim

298 4026 388 4094 exuit,
409 4027 480 4080 duas
502 4030 640 4080 extremas
661 4030 755 4095 partes
775 4025 886 4091 aetatis,
908 4025 1082 4080 iuventutem
1101 4028 1130 4079 et
1148 4029 1329 4094 senectutem,
1353 4030 1511 4096 comparat,
1538 4025 1572 4079 ci.

297 4096 327 4152 P.
347 4116 358 4149 1
376 4115 415 4164 aa,
441 4096 527 4150 simili
546 4097 576 4150 in
596 4097 736 4150 sententia
754 4096 876 4167 positivo
895 4094 1015 4169 πρέσβυς
1033 4099 1118 4167 poeta
1136 4113 1204 4150 usus
1222 4100 1266 4151 est
1284 4098 1313 4152 P.
1329 4113 1410 4152 suess
1429 4129 1462 4137 -
1482 4102 1523 4151 66.
1544 4096 1573 4150 σὲ

296 4169 362 4222 ποτὶ
380 4168 474 4223 πάντα
494 4168 576 4238 λόγον
596 4168 735 4222 ἐπαινεῖν·
762 4168 830 4221 haec
849 4167 937 4221 verba
955 4168 1079 4237 pendent
1097 4168 1133 4221 ab
1153 4169 1307 4223 ἀκίνδυνον
1326 4168 1392 4231 ἔπος
1409 4167 1574 4239 παρέχοντα

296 4240 447 4309 prudentia
474 4243 524 4293 tua
552 4239 670 4293 consilia
697 4239 873 4293 laudatorem
901 4256 918 4291 a
945 4239 1069 4308 periculo
1098 4240 1238 4294 mendacii
1263 4244 1357 4295 tutum
1382 4240 1517 4308 reddunt,
1543 4244 1575 4292 ut

297 4315 325 4366 te
344 4311 420 4366 omni
440 4328 473 4364 ex
491 4314 572 4380 parte
590 4310 707 4365 laudare
727 4310 822 4380 possit.

369 4389 410 4436 67.
438 4390 528 4451 χαῖρε·
555 4382 608 4435 hac
634 4382 754 4435 formula
772 4382 818 4435 hie
837 4385 866 4436 et
884 4382 918 4436 N.
933 4401 964 4434 111
979 4382 1053 4436 rade
1072 4382 1195 4437 carmine
1214 4381 1335 4452 epinicio
1355 4384 1392 4436 ad
1411 4383 1494 4437 finem
1511 4398 1572 4452 per-

297 4455 381 4508 ducto
402 4453 520 4520 decedit,
541 4452 633 4508 valere
653 4454 744 4507 virum
763 4452 911 4507 laudatum
930 4453 1037 4522 iubens,
1057 4453 1137 4507 utin
1155 4454 1209 4507 fine
1228 4453 1411 4524 epistolarum
1425 4457 1454 4507 et
1468 4453 1572 4522 elogio-

296 4543 357 4578 rum
380 4526 471 4579 iacere
491 4523 627 4580 solebant.
666 4524 800 4579 Similiter
819 4528 914 4579 autem
932 4528 1016 4595 poeta
1034 4525 1064 4578 iu
1083 4525 1136 4579 hoc
1154 4525 1277 4580 carmine
1296 4528 1381 4595 atque
1400 4525 1429 4579 in
1449 4524 1572 4579 carmine

295 4597 325 4651 P.
342 4595 492 4651 rencomio
507 4596 630 4667 perfecto
645 4615 725 4651 suam
741 4613 854 4650 causam
872 4596 902 4650 in
921 4596 1031 4666 epilogo
1052 4597 1119 4667 agit.
1135 4628 1168 4637 -
1183 4596 1248 4652 τόδε
1287 4595 1318 4652 ὲν
1336 4602 1391 4652 κτλ.
1411 4600 1443 4650 ut
1461 4597 1491 4649 in
1510 4595 1572 4649 loco

297 4668 473 4722 conclamato
493 4669 613 4738 primum
632 4671 724 4723 certas
743 4685 785 4722 res
805 4667 999 4758 expediamus,
1024 4666 1087 4722 τόδε
1107 4666 1188 4739 μέλας
1205 4673 1249 4723 est
1266 4619 1332 4737 hoc,
1356 4668 1385 4722 in
1404 4684 1459 4737 quo
1478 4684 1571 4721 versu-

297 4758 371 4809 mur,
390 4756 503 4794 cannen
522 4740 687 4810 epiuieium,
706 4740 779 4794 κατά
799 4743 949 4794 Φοινισσαν
970 4736 1093 4809 έμπολάν
1113 4757 1225 4795 carmen
1244 4740 1333 4794 instar
1355 4740 1477 4794 Punicae
1501 4756 1571 4793 urer-
