3406 5378
674 355 831 405 OLYMPIA
850 355 926 408 XIII.
1397 353 1438 416 97

160 518 227 578 silio
247 519 388 578 carminis
407 539 676 595 connexa3ve1um
695 539 730 579 ea
748 540 809 580 non
828 523 920 596 caput
938 520 1078 580 carminis
1097 525 1150 599 est,
1170 521 1335 580 sedunum
1354 521 1442 597 quasi

161 608 327 667 membrum
355 609 495 685 corporis.
542 608 645 668 Simile
670 612 771 668 antem
794 609 831 667 ab
854 609 911 668 hac
933 612 1019 685 parte
1042 609 1098 668 hoc
1122 610 1284 686 epinicium
1308 613 1353 668 est
1377 610 1438 686 epi-

160 696 238 755 nicio
262 698 293 755 in
316 698 458 757 honorem
482 698 591 757 Thesei
614 698 723 776 Argivi
744 699 825 757 lacto
844 689 895 778 (N.
915 693 959 779 x),
983 717 1043 774 quo
1067 718 1135 757 cum
1159 698 1289 759 carmine
1313 698 1344 757 id
1368 719 1440 775 quo·

160 805 218 861 que
242 805 398 846 commune
425 787 529 864 habet,
559 786 640 863 quod
663 786 805 846 Corintho
830 791 861 845 et
883 787 973 866 Argis
996 787 1118 866 singula
1141 788 1270 864 epinicia
1292 787 1441 848 Pindarus

158 875 272 952 panxit,
292 875 370 935 unde
390 876 417 935 ei
436 876 605 935 ubertatem
624 896 724 935 rerum
742 896 795 952 per
813 876 902 952 plura
921 876 1054 935 carmina
1073 877 1229 953 dispertire
1243 897 1302 937 non
1318 877 1440 952 perinde

160 966 253 1040 atque
276 964 308 1022 in
331 965 516 1042 Aegineticis
539 965 721 1025 carminibus
744 965 840 1024 licuit.

249 1053 285 1111 ln
308 1053 461 1129 prooemio
484 1057 646 1130 postquam
668 1054 799 1113 breviter
821 1054 980 1113 consilium
1003 1053 1196 1130 praedicandi
1213 1055 1366 1114 victricem
1390 1055 1440 1114 do-

161 1161 242 1200 mum
273 1147 303 1201 et
329 1143 461 1219 patriam
488 1142 611 1202 victoris
635 1143 754 1219 aperuit
777 1135 888 1224 (1—5),
912 1143 1042 1219 primum
1066 1141 1244 1203 Corinthum
1266 1143 1370 1203 urbem
1395 1163 1440 1203 cr·

161 1230 309 1290 namentis
337 1232 472 1291 iustitiae
501 1235 532 1290 et
559 1232 734 1308 prudentiae
764 1231 912 1309 insignem
936 1236 967 1290 et
988 1232 1151 1308 praeclaris
1175 1232 1288 1310 ingenii
1311 1232 1441 1291 inventis

161 1320 352 1396 conspicuam
383 1323 414 1379 et
443 1320 568 1397 poeticis
598 1321 712 1397 pariter
741 1324 832 1397 atque
862 1321 977 1380 bellicis
1007 1321 1115 1380 studiis
1146 1320 1302 1381 florentem
1334 1322 1440 1381 eximie

160 1408 268 1467 laudat
291 1403 418 1491 (ιι-93).
463 1410 578 1469 Deinde
605 1411 676 1469 Iove
703 1429 740 1470 ne
768 1409 908 1468 laudibus
931 1410 994 1468 suis
1016 1410 1164 1470 invideret
1186 1410 1356 1489 implorato,
1380 1411 1440 1470 vic-

161 1498 235 1557 toris
258 1499 465 1574 Xenophontis
484 1499 608 1574 eiusque
627 1498 761 1558 familiae
779 1498 891 1558 multas
910 1502 941 1557 et
958 1500 1128 1574 praeclaras
1146 1499 1288 1559 victorias
1306 1500 1441 1558 illustrat

163 1580 306 1668 (ad-46).
352 1587 429 1646 Exin
453 1588 492 1646 ad
514 1587 647 1663 mythice
670 1590 806 1664 tempora
828 1588 977 1664 relapsus,
999 1587 1160 1664 prudentia
1183 1587 1304 1664 Sisyphi
1326 1591 1357 1646 et
1379 1589 1440 1647 Me·

163 1675 234 1734 deae
258 1675 428 1753 ducumque
452 1675 675 1736 Corinthiorum
697 1676 728 1734 in
750 1676 829 1736 bello
854 1677 983 1736 Troiano
1012 1676 1188 1736 fortitudine
1217 1676 1348 1736 breviter
1374 1697 1439 1753 per·

161 1764 255 1823 strict'
297 1757 440 1846 (lt—62),
465 1765 579 1824 diutius
603 1769 805 1825 commoratur
826 1766 858 1824 in
879 1765 985 1824 fabula
1007 1766 1157 1825 narranda
1179 1766 1438 1843 Bellerophontae,

162 1852 311 1932 Pegasum
330 1874 442 1931 equum
460 1855 544 1914 freno
564 1854 713 1914 domantia
737 1857 767 1914 et
790 1874 858 1915 cum
881 1855 1002 1914 domato
1026 1875 1103 1932 equo
1127 1855 1250 1914 virtutis
1273 1855 1439 1913 clarissima

163 1942 326 2018 specimina
353 1944 466 2002 edentis
495 1935 638 2024 (63-92).
684 1944 720 2002 In
748 1947 879 2003 extrema
906 1947 992 2020 parte
1021 1945 1059 2002 ad
1086 1963 1133 2003 res
1156 1946 1328 2019 praesentes
1351 1944 1441 2003 rediit

163 2037 193 2090 et
216 2032 357 2091 victorias
381 2033 474 2092 totius
493 2033 591 2111 gentis
612 2031 872 2111 Oligaethidarum
889 2034 975 2109 plene
995 2032 1191 2109 enumeravit,
1209 2036 1245 2091 ut
1264 2035 1295 2092 et
1311 2033 1441 2092 minores

163 2121 249 2178 ludos
278 2124 523 2181 commemoraret
550 2125 581 2181 et
608 2141 685 2197 quae
713 2122 814 2182 animo
842 2123 1006 2198 Xenophon
1034 2122 1223 2199 moliebatur,
1246 2124 1325 2181 tecte
1349 2122 1439 2200 signi·

163 2208 266 2268 ficeret
290 2202 450 2290 (sa—115).

251 2298 378 2376 Egregie
405 2319 475 2358 vero
503 2302 593 2374 poeta
620 2299 651 2356 in
678 2300 734 2357 hoc
762 2299 901 2376 carmine,
925 2299 1063 2357 similiter
1086 2302 1177 2375 atque
1201 2298 1232 2356 in
1256 2299 1438 2358 carminibus

163 2385 258 2445 0.v11
286 2387 390 2446 eodem
413 2406 504 2465 anno,
537 2390 567 2446 et
589 2388 625 2446 N.
644 2406 707 2447 vua
728 2406 756 2445 x.
776 2406 815 2446 ιι.
840 2385 872 2446 Ο.
893 2408 920 2447 v.
939 2388 972 2446 P.
992 2405 1047 2445 vlu
1074 2388 1178 2447 codem
1210 2389 1271 2446 fere
1304 2392 1438 2464 tempore
1551 2422 1565 2439 ·

162 2475 295 2552 scriptis,
328 2477 445 2552 copiam
476 2496 576 2536 rerum
609 2476 653 2534 ita
685 2476 839 2535 distribuit
870 2481 901 2535 et
932 2476 1073 2535 metricae
1105 2476 1315 2553 compositioni
1348 2478 1439 2553 adap-

163 2565 252 2642 tavit,
280 2567 316 2622 ut
344 2565 479 2644 singulas
505 2569 607 2642 partes
630 2565 800 2644 argumenti
824 2565 951 2644 singulis
974 2565 1109 2625 triadicis
1131 2565 1279 2642 pericopis
1304 2560 1441 2644 (stropha

163 2653 352 2730 antistropha
375 2649 484 2735 epodo)
509 2655 764 2730 complecteretur.
811 2653 889 2725 Quin
921 2654 1013 2713 etiam
1036 2657 1167 2713 veterem
1197 2655 1442 2730 compositionem

163 2743 244 2802 nomi
259 2743 441 2819 Terpandrei
456 2744 657 2820 septenariam
671 2736 712 2825 (v.
727 2743 802 2804 Poll.
816 2762 849 2803 ιιι
863 2737 921 2826 66),
936 2762 1028 2820 quam
1041 2744 1204 2822 Meagerus,
1218 2743 1441 2819 Westphalium

164 2824 296 2912 (Proleg.
316 2851 353 2890 zu
371 2832 536 2910 Aeschylos
558 2854 586 2909 p.
601 2827 652 2914 49)
671 2832 777 2892 ducem
800 2835 929 2910 secutur,
953 2831 1091 2892 omnibus
1114 2831 1295 2892 carminibus
1318 2832 1442 2891 Pindari

164 2921 391 2981 adcommodare
410 2925 523 2980 frustra
547 2923 669 2982 adnisus
693 2927 746 2999 est,
770 2922 801 2980 in
824 2922 880 2981 hoc
904 2921 1025 2998 quidem
1047 2921 1179 2980 carmine
1201 2921 1246 2979 ita
1270 2920 1440 2980 observasse

163 3010 295 3087 videtur,
327 3013 364 3067 ut
392 3011 527 3070 versibus
553 3022 638 3069 1--23
661 3008 768 3090 ἀρχάν,
798 3022 904 3070 as-rc
928 3009 1085 3089 μειαρχάν,
1115 3022 1219 3070 rr-sr
1245 3009 1441 3089 κατατροπάν,

163 3110 267 3156 52-90
287 3096 433 3177 ὀμφαλόν,
452 3111 556 3159 91-92
572 3099 839 3179 μετακατατροπάν,
858 3110 962 3159 93-98
982 3099 1142 3180 σφραγῖδα,
1161 3108 1284 3158 98—115
1305 3096 1441 3179 ἐπίλογον

163 3186 240 3247 effici
263 3188 361 3248 vellet.

708 3324 753 3391 De
775 3325 897 3391 nstris.

252 3458 287 3516 In
310 3458 464 3534 praeclaro
487 3457 543 3516 hoc
567 3457 696 3517 carmine
721 3457 864 3517 severitas
889 3457 1068 3517 Doricorum
1090 3476 1282 3517 numerorum
1307 3457 1441 3532 dactylo·

163 3547 381 3622 epitriticorum
409 3547 543 3606 admixta
570 3545 694 3606 lenitate
722 3546 964 3624 logaoedicorum
992 3548 1157 3605 metrorum
1185 3546 1344 3606 artificiose
1368 3549 1441 3605 tem-

163 3640 267 3710 perata
294 3639 348 3697 est.
395 3635 477 3706 Quae
506 3635 677 3696 commixtio
705 3654 774 3695 cum
803 3635 869 3712 ipsa
895 3656 949 3711 per
977 3655 1007 3694 se
1036 3636 1109 3694 satis
1137 3635 1327 3694 difficultatis
1357 3653 1441 3711 prae·

38 3759 44 3771 ·
163 3723 245 3802 beat,
276 3727 427 3803 augentur
449 3725 541 3785 etiam
564 3724 768 3784 dubitationes
797 3744 845 3803 eo,
879 3726 960 3801 quod
989 3725 1079 3783 multi
1108 3743 1211 3785 versus
1242 3724 1441 3785 continuitate

163 3833 355 3873 numerorum
382 3814 426 3873 ita
454 3814 532 3874 inter
559 3833 590 3873 se
618 3815 773 3874 cohaerere
801 3813 953 3892 videntur,
982 3817 1018 3871 ut
1046 3813 1201 3890 dipodicus
1229 3813 1387 3889 rhythmus
1410 3813 1442 3871 in

163 3902 219 3961 fine
244 3903 447 3963 antecedentis
470 3922 573 3963 versus
596 3903 754 3963 inchoatus
778 3903 864 3961 initio
893 3902 1046 3978 sequentis
1073 3903 1260 3979 compleatur
1286 3895 1337 3983 (st.
1362 3913 1441 3960 3-4.

165 4001 243 4050 6-7.
267 4013 312 4069 ep.
337 3986 430 4074 5-6).
478 3993 618 4052 Summas
648 4012 719 4052 vero
751 3991 945 4051 difficultates
975 3992 1042 4051 inde
1067 3991 1218 4068 oriuntur,
1250 3990 1343 4069 quod,
1374 4010 1442 4050 cum

163 4080 300 4155 dipodica
323 4100 463 4141 mensura
486 4082 626 4141 carminis
646 4101 664 4141 a
682 4082 772 4142 choro
791 4081 946 4159 gradiente
965 4080 1106 4141 cantandi
1129 4084 1251 4140 tantum
1274 4101 1333 4140 non
1356 4080 1441 4158 fiagi-

163 4169 222 4226 tari
245 4170 396 4248 videatur,
425 4171 554 4247 dipodiis
581 4171 729 4247 tripediae
753 4171 943 4229 intermixtae
967 4173 1038 4228 sunt
1061 4170 1227 4245 dactylicus
1251 4169 1441 4246 lagaoedicae

163 4257 344 4337 trochaicae,
375 4279 452 4336 quae
479 4261 598 4338 legibus
625 4260 781 4336 dipodicae
809 4277 980 4336 mensurae,
1007 4259 1065 4318 nisi
1088 4258 1265 4319 artificiosas
1288 4259 1441 4318 machinas

163 4346 348 4425 adhibueriS,
377 4349 476 4425 aptari
503 4352 665 4427 nequeunt.
711 4348 808 4425 Epodi
835 4367 939 4407 versus
962 4347 1051 4424 primi
1081 4349 1178 4423 prima
1206 4347 1323 4424 syllaba
1350 4349 1442 4427 longa
1480 4381 1482 4385 ν

163 4439 266 4495 utrum
289 4437 351 4496 vim
372 4438 526 4498 anacrusis
549 4439 659 4498 habeat
682 4457 719 4497 an
742 4440 861 4513 partem
883 4438 996 4514 primam
1015 4437 1154 4513 dipodiae
1173 4437 1293 4515 efficiat,
1317 4437 1442 4495 dubium

163 4530 216 4584 est.
262 4526 405 4584 Eiusdem
433 4527 520 4602 spodi
548 4545 652 4587 versus
680 4527 821 4603 quintum
849 4529 879 4587 et
906 4529 1023 4586 sextum
1052 4544 1106 4585 nos
1134 4527 1318 4587 Boeckhium
1346 4526 1442 4586 secuti

163 4615 370 4693 disiunximus,
381 4615 623 4691 quandoquidem
633 4617 805 4676 Hermanno
820 4620 850 4675 et
863 4615 1067 4692 Mommsenio,
1082 4615 1136 4691 qui
1150 4634 1200 4675 eos
1214 4616 1441 4694 coniunxerunt,

163 4704 201 4762 ad
220 4704 455 4764 uehementiores
474 4705 660 4764 coniecturas
679 4704 914 4783 confugiendum
932 4704 1005 4781 fuit;
1028 4704 1095 4765 vide
1114 4709 1175 4764 not.
1194 4705 1259 4764 crit.
1279 4705 1317 4763 ad
1335 4724 1381 4764 vv.
1398 4715 1441 4763 21.

162 4804 459 4853 44.68.91.113.—
481 4792 643 4852 Cantatum
666 4798 713 4853 est
735 4796 791 4855 hoc
813 4814 931 4853 carmen
954 4793 1102 4853 fervidum
1122 4793 1160 4853 ad
1180 4792 1283 4854 modos
1306 4794 1441 4869 enoplios

216 4904 340 4943 Pruonaus
354 4903 388 4943 ed.
404 4902 507 4943 Ghrlrt.
1002 4927 1003 4931 =
1212 4897 1226 4946 7
