3406 5378
726 1024 728 1027 .
778 990 933 1044 ΠΤΘΙΟΝ.
952 988 995 1044 B‘.

536 1152 775 1235 ΙΕΡΩΝΙ
821 1151 1236 1239 munorum

814 1347 957 1400 ΑΡΜΑΤΙ.

799 1628 974 1699 Strophee.

427 1736 917 1807 υυιυ-μὲυωυᾙ

352 1813 497 1879 ιυ.υυ
524 1856 542 1878 n.
613 1826 764 1894 .lU-²-uu
792 1869 808 1877 -
835 1824 1085 1896 usskissvu.
1112 1826 1191 1896 uel!

766 3445 1008 3526 Argumentum.

339 3575 405 3645 Quo
429 3575 492 3634 loco
516 3575 650 3652 victoria,
675 3593 752 3650 quae
775 3576 882 3650 poetae
905 3574 961 3633 hec
984 3592 1102 3633 carmen
1126 3572 1277 3650 pangendi
1300 3573 1417 3649 copiam
1442 3573 1521 3650 fecit,

249 3667 403 3740 reportata
426 3664 474 3741 sit,
498 3664 558 3722 iam
581 3667 695 3723 veteres
719 3663 838 3723 criticos
861 3662 996 3740 litigasse
1015 3661 1128 3721 scholia
1146 3661 1184 3719 ad
1202 3661 1289 3720 inser.
1308 3662 1522 3722 demonstrant.

251 3754 350 3829 Atque
373 3753 497 3828 Delphis
521 3772 586 3812 eam
610 3772 669 3811 non
693 3756 811 3828 partam
834 3769 896 3810 esse
920 3753 951 3810 et
974 3751 1049 3809 false
1073 3750 1128 3808 hoc
1152 3768 1270 3808 carmen
1294 3750 1372 3809 inter
1395 3751 1523 3827 Pythice

249 3842 378 3901 relatum
391 3861 463 3901 osse
487 3862 522 3901 ex
546 3861 580 3901 ee
604 3841 677 3900 satis
700 3844 839 3917 apparet,
868 3840 948 3916 qued
976 3839 1053 3898 duae
1081 3837 1243 3913 Delphicae
1266 3839 1423 3916 uictoriae,
1447 3857 1523 3915 quas

250 3934 369 4008 praeter
395 3931 552 3990 victoriam
579 3930 708 3990 carmine
731 3930 763 3988 P.
783 3948 794 3986 1
817 3929 997 3989 celebratam
1020 3927 1111 3986 Hiero
1135 3926 1279 4004 obtinuit,
1308 3928 1400 3986 celate
1424 3947 1524 4004 reper-

250 4023 332 4079 tatae
357 4023 427 4078 sunt
450 4013 490 4100 (v.
510 4019 599 4079 schel.
620 4019 657 4077 ad
680 4019 711 4076 P.
731 4037 742 4076 1
765 4012 876 4099 inscr.),
903 4017 979 4076 hanc
1006 4015 1161 4093 quadrigis
1188 4018 1305 4091 partam
1338 4034 1401 4076 esee
1434 4020 1524 4092 poete

250 4111 313 4185 ipse
332 4130 359 4169 v.
375 4121 391 4166 4
410 4108 575 4183 profitetur.
603 4108 637 4164 In
656 4127 687 4165 re
706 4106 821 4166 incerta
839 4106 966 4165 maxime
984 4105 1058 4163 mihi
1072 4104 1215 4163 Boeckhii
1234 4104 1383 4163 sententia
1402 4105 1523 4181 arridet,

250 4199 303 4275 qui
326 4197 423 4256 verbis
446 4195 511 4256 τόδε
534 4205 587 4255 τᾶν
611 4200 737 4274 λιπαρᾶν
761 4192 818 4255 ἀπὸ
844 4195 948 4273 Θηβᾶν
972 4191 1072 4272 φέρων
1096 4189 1181 4271 μέλος
1203 4191 1324 4272 ἔρχομαι
1347 4187 1388 4274 (v.
1409 4188 1440 4274 3)
1464 4214 1523 4253 non

250 4287 348 4346 solnm
371 4286 478 4362 lecum,
501 4284 580 4343 unde
603 4303 721 4344 carmen
745 4285 924 4361 mitteretur,
948 4284 999 4342 sed
1022 4283 1113 4341 etiam
1136 4301 1218 4360 eum,
1245 4302 1304 4359 quo
1329 4283 1455 4342 victoria
1478 4302 1524 4341 re-

250 4379 371 4451 portata
399 4378 488 4451 esset,
516 4373 642 4433 indicari
672 4373 862 4432 existimavit.
894 4404 930 4413 -
961 4371 1063 4429 Etiam
1093 4371 1189 4448 magis
1220 4369 1256 4430 de
1286 4375 1433 4448 tempere,
1465 4390 1524 4447 quo

250 4465 323 4522 haec
347 4462 403 4522 oda
428 4463 538 4538 scripta
566 4463 617 4540 sit,
649 4462 679 4520 in
707 4463 839 4521 diversae
866 4465 967 4537 partes
989 4460 1047 4519 viri
1071 4460 1151 4519 docti
1175 4460 1339 4519 discedunt.
1385 4461 1523 4535 Namque

250 4551 419 4611 Beeckhius
448 4545 548 4631 (Expl.
567 4551 652 4610 Pind.
678 4554 708 4610 et
736 4551 782 4611 Kl.
802 4551 883 4610 Schr.
903 4568 945 4609 vn
972 4560 1023 4608 430
1043 4541 1095 4629 ee.)
1126 4548 1291 4608 carminum
1321 4549 1352 4606 in
1382 4549 1524 4607 honorem

251 4641 390 4700 Hieronis
412 4641 492 4718 regie
515 4641 695 4716 scriptorum
718 4641 773 4698 hoc
792 4659 910 4699 carmen
929 4638 1173 4714 antiquissimum
1192 4656 1255 4696 esse
1274 4636 1433 4712 iudicavit3
1457 4655 1524 4694 con-

251 4734 299 4790 tra
322 4731 469 4809 Bergkius
493 4734 524 4788 et
546 4730 774 4789 Drachmannus
786 4722 915 4808 ,tuahru
931 4728 949 4786 f.
966 4727 1001 4786 cl.
1015 4727 1091 4786 Phil.
1110 4730 1194 4786 1890
1213 4747 1241 4802 p.
1256 4738 1306 4784 441
1323 4719 1367 4806 ff.)
1390 4729 1459 4801 post
1481 4744 1526 4783 re·
