3406 5378
283 324 347 389 276
756 326 904 377 muniar
922 326 1088 377 semrom.

284 499 418 571 tompore
441 493 590 553 Alcimida
612 492 730 569 vicerit,
761 493 836 550 nihil
863 493 991 551 relatum
1022 494 1132 568 exstat,
1162 492 1212 550 sed
1236 510 1305 551 cum
1327 491 1476 567 Melesias,
1505 493 1558 567 qui

284 603 352 644 eum
375 583 509 641 instituit
531 584 562 640 et
584 581 723 641 extremis
745 581 880 640 versibus
902 581 992 640 huius
1015 581 1154 641 carminis
1173 580 1324 657 laudatur,
1343 581 1558 640 Alcimedontis

287 691 417 750 quoque,
441 671 494 748 qui
518 668 563 730 01.
584 673 626 730 80
651 668 792 746 Olympia
814 671 895 747 vicit,
919 670 1015 746 alipta
1037 670 1130 728 fuerit
1152 673 1184 728 et
1202 688 1220 727 a
1239 668 1368 730 Pindaro
1392 671 1483 728 etiam
1508 671 1560 728 im·

284 761 405 839 pensius
435 761 465 818 in
496 759 569 819 odae
601 756 775 836 Olympicae
803 778 857 818 vm
886 777 976 818 versu
1006 771 1039 817 55
1069 759 1223 835 laudetur,
1253 759 1309 819 hoc
1339 779 1457 818 carmen
1488 765 1557 817 ante

285 848 331 910 Ol.
347 852 397 926 80,
415 854 442 927 l,
461 850 586 909 fortasse
601 846 647 907 Ol.
664 850 714 925 79,
731 851 748 906 2
764 849 811 907 vel
825 846 871 907 01.
888 850 939 925 78,
953 851 973 906 4
989 848 1135 923 scripturn
1149 866 1211 907 esse
1226 848 1348 907 conicio.
1377 847 1441 908 Hoc
1456 852 1557 906 autem

284 959 352 999 cum
375 943 508 1015 tempore
531 936 684 1014 conspirat
702 937 793 996 etiam
812 937 913 996 senilis
932 936 1054 1013 quidam
1073 937 1201 1015 languor
1219 937 1363 996 orationis
1382 940 1473 1012 atque
1493 955 1557 995 sen·

283 1028 462 1104 tentiarum,
496 1045 555 1103 quo
586 1026 641 1086 hoc
670 1045 788 1085 carmen
819 1045 837 1084 a
867 1026 992 1085 iuvenili
1020 1026 1158 1085 ubertate
1188 1029 1219 1084 et
1247 1027 1361 1086 fervore
1390 1027 1556 1087 carminum

284 1116 528 1196 Aegineticorum
551 1115 588 1175 N.
607 1133 635 1173 v.
658 1115 680 1173 Ι.
700 1134 732 1174 vr
754 1115 840 1175 valde
864 1115 1021 1191 discrepat.

373 1205 408 1264 ln
437 1204 589 1281 prooemio
613 1196 722 1285 (1-7)
750 1204 820 1264 deos
848 1207 878 1263 et
904 1205 1051 1280 homines,
1082 1203 1219 1280 quamvis
1250 1204 1379 1262 multum
1410 1203 1558 1279 dili'erant,

285 1299 385 1355 tamen
408 1294 555 1354 nonnulla
577 1292 684 1352 habere
709 1293 878 1353 communia
907 1294 1042 1370 exponit,
1071 1313 1129 1369 quo
1158 1293 1233 1351 illud
1257 1312 1376 1368 quoque
1399 1293 1557 1368 pertinere,

285 1385 366 1461 quod
388 1387 424 1441 ut
446 1386 527 1441 terra
549 1382 673 1441 alternis
696 1382 796 1460 fruges
819 1383 898 1441 ferat
920 1386 951 1441 et
975 1383 1185 1458 requiescendo
1208 1400 1301 1440 novas
1324 1382 1401 1440 vires
1425 1382 1557 1459 colligat,

285 1474 328 1532 ita
347 1473 502 1531 hominum
521 1476 763 1550 quoqnegentes
782 1490 849 1531 cum
866 1471 943 1530 aliae
958 1474 1024 1530 tum
1038 1471 1232 1533 Bassidarum
1246 1471 1369 1533 alternis
1383 1471 1556 1530 clarescant.

285 1561 388 1621 Claros
413 1561 492 1620 enim
519 1561 611 1620 fuisse
639 1560 755 1638 pugiles
778 1561 957 1619 Alcimidam
984 1561 1082 1636 ipsum
1110 1564 1141 1618 et
1163 1579 1253 1619 arum
1276 1560 1340 1617 eius
1364 1562 1394 1619 et
1418 1559 1555 1636 abavum,

284 1654 389 1711 contra
412 1650 537 1727 ignavos
559 1651 676 1725 patrem
700 1652 730 1708 et
753 1666 899 1725 proavum
918 1641 1053 1730 (8—24).
1090 1648 1162 1707 Inde
1185 1669 1220 1708 eo
1243 1649 1360 1724 transit,
1383 1652 1419 1706 ut
1442 1650 1556 1707 nnllam

283 1758 412 1817 usquam
440 1740 559 1816 gentem
581 1738 682 1813 plures
706 1757 797 1813 quam
820 1738 1014 1797 Bassidarum
1041 1742 1161 1816 gentem
1184 1737 1324 1796 victorias
1346 1737 1487 1816 pugilatu
1511 1759 1555 1796 re-

284 1828 449 1907 portavisse
472 1829 602 1903 exponat
623 1818 775 1905 (ac—44),
799 1846 894 1902 neque
917 1831 1046 1903 poetam,
1070 1827 1095 1884 si
1113 1827 1260 1904 Aeginam
1283 1826 1412 1884 insulam
1432 1829 1555 1903 venerit,

284 1917 439 1977 materiem
466 1915 649 1974 laudationis
676 1915 810 1992 deficere,
839 1935 909 1975 cum
936 1916 997 1984 iam
1019 1916 1167 1975 Aeacidae
1197 1916 1383 1991 praeclarum
1406 1917 1554 1974 virtutum

281 2008 510 2065 fundamentum
539 2004 673 2081 iecerint,
704 2008 734 2063 et
761 2005 887 2064 Achillis
915 2006 996 2063 fama
1023 2005 1178 2063 Memnone
1207 2005 1363 2063 interfecto
1391 2024 1488 2081 usque
1516 2005 1553 2063 ad

281 2096 443 2172 Aethiopes
466 2093 666 2170 penetraverit
686 2086 839 2174 (lc—53).
875 2094 910 2152 In
934 2094 1052 2172 epilogo
1072 2112 1090 2152 a
1109 2097 1208 2152 vetere
1232 2095 1314 2152 fama
1337 2095 1552 2172 Aeginetarum

217 2260 221 2267 ι
280 2185 319 2244 ad
341 2187 528 2260 praesentem
551 2182 726 2241 felicitatem
749 2183 959 2242 illustrandam
980 2202 1010 2242 se
1029 2186 1157 2260 revocat,
1181 2186 1217 2241 ut
1239 2183 1352 2259 duplici
1376 2203 1464 2242 onere
1488 2203 1552 2241 sus-

280 2279 366 2351 cepto
396 2276 427 2332 et
453 2270 619 2331 Alcimidae
648 2271 805 2331 victoriam
834 2273 1013 2331 Nemeaeam
1044 2273 1140 2331 denuo
1171 2272 1323 2347 praedicet
1352 2277 1382 2330 et
1412 2273 1552 2331 Melesiae

280 2362 392 2440 aliptae
416 2361 596 2421 celeritatem
622 2363 653 2418 et
675 2360 883 2419 dexteritatem
905 2361 1009 2419 laudet
1030 2352 1183 2441 (os-66).
1204 2362 1390 2419 —Carmen
1410 2362 1465 2420 hoc
1485 2381 1552 2420 cum

278 2451 413 2529 longiore
441 2449 543 2508 fabula
571 2453 671 2508 careat
698 2453 730 2507 et
755 2468 849 2525 paene
877 2454 975 2510 totum
1005 2450 1035 2507 in
1066 2449 1199 2509 victoriis
1229 2450 1327 2527 gentis
1357 2449 1552 2508 Bassidarum

280 2539 488 2600 enumerandis
516 2541 547 2596 et
574 2538 780 2614 praedicandis
807 2541 953 2614 versetur,
981 2539 1060 2596 inter
1087 2537 1243 2615 frigidiora
1271 2538 1404 2596 carmina
1429 2539 1549 2596 Pindari

278 2628 448 2706 ponendum
467 2630 521 2686 est.
558 2627 599 2685 Ut
618 2628 696 2685 enim
715 2628 821 2687 decora
840 2629 899 2685 ista
920 2628 1107 2704 gymnastica
1130 2626 1237 2684 eximio
1261 2627 1419 2700 praeconio
1444 2633 1551 2685 ornata

278 2719 405 2797 gentiles
437 2715 577 2775 Bassidas
609 2735 788 2792 magnopere
825 2715 984 2791 iuvabant,
1017 2715 1061 2773 ita
1093 2716 1228 2772 nostrum
1262 2714 1396 2772 animum
1429 2716 1551 2774 minime

277 2810 473 2867 commovent.

819 2937 864 3003 De
888 2938 1011 3004 metris.

366 3070 512 3131 Carminis
530 3070 620 3129 huius
638 3069 754 3127 numeri
770 3072 842 3127 sunt
854 3069 978 3148 Aeolici,
993 3088 1011 3127 a
1029 3069 1149 3148 vulgari
1167 3071 1263 3130 forma
1278 3069 1436 3130 modorum
1450 3071 1551 3131 Aeoli·

276 3181 380 3221 corum
408 3161 453 3218 ita
483 3158 638 3235 declinati,
668 3161 704 3216 ut
726 3158 792 3217 cola
815 3158 964 3234 dactylica
987 3162 1018 3218 et
1041 3160 1233 3236 anapaestica
1255 3160 1437 3239 logaoedicis
1460 3162 1550 3219 inter-

275 3251 369 3309 mixta
397 3249 464 3307 sint.
511 3248 657 3323 Strophae
684 3265 804 3307 versum
831 3248 961 3324 primum
990 3248 1061 3308 olim
1089 3249 1120 3307 in
1147 3249 1221 3308 duos
1250 3268 1353 3309 versus
1381 3249 1550 3326 divisarum,

275 3359 366 3415 nunc,
397 3359 433 3397 ne
461 3338 491 3395 in
520 3357 551 3395 re
574 3335 665 3395 dubia
688 3356 706 3394 a
729 3354 874 3395 consensu
896 3337 1030 3397 virorum
1060 3338 1216 3398 doctorum
1246 3339 1425 3415 recederem,
1456 3339 1486 3396 in
1515 3359 1549 3397 eo

275 3427 427 3504 acquievi,
450 3428 485 3484 ut
515 3425 580 3485 cola
609 3443 711 3484 versus
742 3426 908 3500 separanda
935 3445 1077 3486 curarem.
1124 3428 1201 3486 Item
1230 3428 1318 3503 epodi
1341 3446 1445 3487 versus
1473 3428 1549 3486 sexti

273 3518 339 3576 cola
358 3517 388 3574 in
407 3535 502 3574 unum
520 3533 639 3574 versum
657 3513 796 3574 coniunxi
815 3513 979 3574 Hermanni
998 3519 1029 3574 et
1046 3516 1168 3594 Bergkii
1187 3517 1400 3576 auctoritatem
1419 3519 1549 3592 secutus,

274 3606 345 3665 licet
374 3604 492 3680 syllaba
521 3622 629 3681 anceps
659 3603 757 3661 finalis
787 3603 894 3680 prioris
924 3605 981 3663 coli
1011 3624 1038 3665 v.
1065 3616 1099 3663 ⁸20
1128 3605 1160 3663 in
1190 3607 1370 3665 contrariam
1401 3607 1549 3664 rationem

274 3694 416 3756 Boeclrhii
440 3693 549 3752 trahat.
586 3693 722 3768 Denique
746 3692 889 3751 ultimum
911 3712 1030 3752 versum
1054 3694 1194 3770 strophae
1218 3694 1422 3754 Hermannum
1447 3713 1547 3770 opusc.

274 3802 328 3843 vrrr
348 3795 381 3841 70
400 3802 438 3842 ss.
461 3786 492 3841 et
514 3782 691 3860 Bergkium,
719 3800 787 3840 cum
815 3782 891 3841 alias
918 3783 1060 3842 lectiones
1087 3783 1263 3858 probassent
1291 3788 1321 3842 ot
1344 3784 1420 3843 sexti
1443 3803 1549 3843 versus

272 3873 396 3931 ultimas
426 3875 557 3948 quatuor
590 3869 721 3946 syllabas
751 3870 782 3928 in
811 3871 993 3947 principium
1027 3872 1147 3947 septimi
1177 3891 1280 3932 versus
1313 3873 1549 3949 transtulissent,

272 3962 360 4021 aliter
389 3961 536 4019 dimensos
559 3978 622 4019 esse
644 3960 770 4019 lectores
799 3959 967 4020 admonitos
995 3961 1092 4019 velim.
1138 3960 1244 4021 Totius
1276 3965 1378 4020 autem
1406 3963 1549 4021 carminis

271 4050 445 4110 colometria
472 4068 539 4108 cum
568 4049 634 4124 ipsa
661 4068 714 4125 per
741 4066 771 4107 se
800 4047 837 4107 ob
865 4049 1055 4108 insolentiam
1083 4069 1273 4109 numerorum
1296 4050 1477 4110 difficillima
1500 4053 1549 4127 sit,

271 4139 363 4198 etiam
386 4137 537 4197 difficilior
560 4139 640 4196 lacta
668 4140 714 4196 est
743 4137 847 4196 multis
877 4140 907 4197 et
936 4138 1079 4216 gravibus
1107 4139 1284 4215 corruptelis
1313 4140 1484 4218 verborum,
1512 4141 1548 4199 de

271 4227 381 4303 quibus
406 4228 541 4287 conferas
567 4229 627 4286 not.
652 4226 715 4286 crit.
739 4227 779 4284 ad
804 4246 851 4287 vv.
872 4237 895 4285 7.
916 4238 957 4288 13.
978 4237 1019 4288 18.
1039 4237 1073 4286 28
1084 4247 1105 4287 s.
1125 4239 1167 4288 61.
1188 4239 1230 4289 60.
1250 4240 1293 4287 do.
1339 4227 1464 4288 Carmen
1493 4230 1548 4288 hoc

270 4336 330 4392 quo
358 4317 445 4375 modo
473 4319 630 4375 cantatum
657 4316 709 4392 sit,
738 4319 853 4375 certum
880 4316 1024 4375 indicium
1052 4337 1111 4377 non
1139 4321 1249 4394 exstat,
1273 4317 1331 4377 nisi
1354 4319 1435 4394 quod
1459 4325 1548 4393 poeta

270 4425 296 4465 v.
317 4415 350 4463 57
374 4405 521 4481 Aeginam
545 4424 575 4463 se
599 4405 713 4464 venisse
741 4407 872 4464 testatur
895 4409 925 4464 et
948 4406 1094 4466 vocabulo
1118 4402 1263 4485 ἕγκωμίου
1289 4399 1330 4488 (v.
1351 4400 1400 4488 32)
1426 4407 1547 4482 publica

269 4494 439 4553 comissatio
463 4493 589 4552 indicari
608 4493 734 4553 videtur.
768 4492 873 4553 Cetera
891 4495 929 4553 ab
947 4515 982 4554 eo
1001 4495 1139 4573 pendent,
1155 4500 1258 4555 utrum
1277 4514 1379 4556 omnes
1393 4514 1497 4554 versus
1517 4495 1546 4552 in

269 4582 405 4659 dipodias
435 4581 586 4641 dividendi
616 4582 678 4640 sint
707 4601 806 4643 necne.
852 4583 953 4659 Atque
984 4584 1123 4659 dipodica
1145 4588 1262 4645 scansio
1285 4603 1425 4645 versuum
1449 4589 1500 4641 str.
1523 4595 1545 4640 1.

269 4685 293 4731 ι).
313 4683 337 4730 6.
358 4684 381 4732 τ.
402 4692 447 4747 ep,
466 4683 491 4729 a.
511 4684 535 4730 3.
555 4682 571 4729 6
595 4675 676 4729 certa
702 4675 733 4730 et
757 4672 913 4748 explorata
939 4691 1001 4732 esse
1029 4673 1159 4752 videtur3
1192 4675 1227 4733 de
1257 4674 1381 4749 reliquis
1411 4672 1545 4731 versibus

268 4761 343 4823 adeo
367 4761 489 4837 vacillo,
513 4766 549 4818 ut
572 4780 607 4819 ne
632 4761 745 4820 ictuum
770 4761 891 4838 quidem
915 4763 1000 4841 signa
1023 4763 1121 4822 ubivis
1144 4784 1253 4840 ponere
1278 4781 1369 4822 ausus
1392 4762 1456 4820 sini.
