3406 5378
731 455 958 512 senensem.
1048 427 1054 439 ’
1420 454 1486 520 435

751 629 816 687 270
857 627 944 688 193.

300 733 445 810 Ηιιτφοοτ.
467 752 495 793 v.
511 728 648 813 Ἀβαρις·
678 621 880 815 Νικόστραέος
902 619 943 814 (i.
968 734 987 793 l.
1007 726 1226 816 Ἱππόστρατος)
1251 728 1306 812 μὲν
1327 731 1383 814 γὰρ
1414 731 1488 793 κατὰ

211 819 265 900 τὴν
289 823 388 902 τρίτην
410 820 503 882 αὐτὸν
526 814 680 904 (Ἀβαριν)
700 816 883 902 Ὀλυμπιάδα
905 820 980 903 λέγει
998 820 1226 903 παραγενέσθαι,
1246 819 1262 882 δ
1282 819 1314 882 δέ
1332 821 1489 902 Πίνδαρος

211 910 284 972 κατὰ
308 914 438 993 Κροῖσον
462 909 515 971 τὸν
538 911 651 972 Λυδῶν
674 909 809 991 βασιλέα,
832 909 916 973 άλλοι
938 909 971 972 δέ
994 910 1067 973 κατὰ
1091 910 1146 989 τὴν
1168 906 1220 973 κα’
1240 905 1430 992 Ὀλυμπιάδα.

756 1059 817 1117 271
843 1050 947 1136 [τοι]

301 1159 445 1241 Origenes
469 1163 534 1222 adv.
555 1163 629 1224 Cels.
649 1182 685 1222 111
707 1184 735 1240 p.
756 1174 807 1223 126
827 1163 890 1241 Sp:
913 1161 974 1223 Καί
996 1162 1113 1242 πρῶτόν
1131 1185 1163 1243 γε
1185 1161 1220 1223 τά
1243 1161 1310 1242 περί
1332 1162 1384 1224 τὸν
1406 1166 1488 1244 Προ-

213 1250 374 1330 κοννήσιον
394 1245 558 1334 Ἀριστέαν,
588 1250 655 1335 περί
677 1245 715 1313 οὗ
738 1251 828 1313 ταῦτά
851 1268 944 1330 φησιν
968 1245 1204 1335 (αοί1.Κέλσος).
1250 1245 1319 1313 Εἶτ’
1342 1246 1489 1335 Ἀριστέαν

215 1337 270 1420 μέν
299 1339 351 1402 τὸν
374 1340 605 1421 Προκοννήσιον
627 1339 834 1420 άφανισθέντα
857 1363 887 1403 τε
910 1341 987 1403 οίίτω
1011 1341 1171 1422 δαιμονίως
1194 1340 1224 1415 έξ
1248 1339 1418 1423 ἀνθρώπων
1440 1341 1490 1403 καί

215 1422 308 1502 αὖθις
330 1428 460 1511 ἐναργῶς
484 1428 630 1510 φανέντα,
652 1430 703 1492 καί
725 1436 844 1503 πολλοῖς
867 1431 990 1511 ὕστερον
1013 1431 1129 1512 χρόνοις
1152 1435 1297 1511 πολλαχοῦ
1318 1440 1371 1511 τῆς
1390 1431 1489 1493 οἰκου-

216 1517 308 1599 μένης
327 1517 551 1599 ἐπιδημήσαντα
569 1519 618 1581 καλ
636 1519 795 1600 θαυμαστὰ
814 1519 1035 1602 ἀναγγείλαντα,
1048 1519 1098 1581 καί
1111 1530 1163 1582 τοῦ
1174 1516 1356 1593 Ἀπόλλωνος
1369 1519 1490 1599 ἐπισκή-

210 1623 326 1686 ψαντος
348 1611 589 1682 Μεταποντίνοις
611 1608 644 1671 έν
667 1615 749 1670 θεῶν
773 1610 861 1694 μοίρᾳ
882 1608 982 1690 νέμειν
1001 1603 1114 1694 (μένειν
1133 1604 1240 1692 vulgo)
1258 1609 1310 1671 τὸν
1330 1605 1489 1692 Ἀριστέαν,

213 1707 319 1760 τοῦτον
343 1697 442 1772 οὐδείς
464 1697 506 1759 ἔτι
528 1700 639 1777 νομίζει
658 1698 741 1759 θεόν.
774 1698 849 1761 ἔοικε
873 1693 902 1760 δ’
922 1697 1076 1778 εἰληφέναι
1097 1698 1153 1777 τὴν
1176 1699 1308 1780 ἱστορίαν
1331 1697 1389 1761 άπδ
1412 1703 1489 1760 Πιν-

214 1787 307 1869 δάρου
330 1786 380 1849 καί
398 1783 570 1870 Ἡροδότου.
617 1788 700 1850 Oonf.
724 1790 841 1849 Aeneas
865 1789 934 1851 δατ.
959 1791 990 1849 in
1013 1790 1083 1850 dial.
1103 1790 1249 1866 Theophr.
1269 1811 1297 1866 p.
1318 1802 1360 1849 77.

755 1934 818 1992 272
861 1936 922 1994 195
941 1979 947 1991 .

300 2038 362 2098 Vit.
384 2038 470 2097 Pind.
495 2058 506 2096 1
530 2031 571 2119 (v.
594 2039 674 2098 Prol.
699 2056 730 2097 οι
755 2030 800 2121 1):
823 1927 995 2119 Σλιμωνίδης
1018 2037 1073 2117 τὴν
1096 2037 1129 2101 έν
1152 2042 1301 2118 Σαλαμῖνι
1323 2040 1490 2120 ναυμαχίαν

212 2123 350 2208 γέγραφε,
373 2125 423 2188 καί
446 2128 599 2207 Πίνδαρος
623 2125 766 2207 μέμνηται
789 2136 841 2206 τῆς
864 2128 990 2208 Κάδμου
1014 2121 1059 2212 (λ)
1083 2130 1239 2209 βασιλείας.

471 2316 473 2319 .
755 2273 817 2331 273
844 2266 946 2351 [202].

301 2371 412 2458 [Schol.
428 2378 526 2454 Apoll.
542 2377 635 2437 Rhod.
651 2396 662 2436 1
680 2389 731 2437 411
752 2368 870 2459 (Steph.
889 2379 959 2455 Byn.
979 2399 1007 2437 v.
1026 2372 1159 2462 Αίσών);
1182 2377 1314 2452 Αίσωνλς
1332 2377 1418 2452 πόλις
1436 2389 1489 2459 τῆς

213 2466 395 2547 Μαγνησίας
418 2464 476 2526 ἀπὸ
501 2459 654 2548 (Αίσωνος
678 2467 744 2525 add.
770 2466 884 2544 Steph.)
907 2476 959 2528 τοῦ
982 2467 1092 2550 πατρὸς
1113 2461 1254 2549 Ἰάσονος,
1276 2465 1316 2541 ὡς
1338 2468 1390 2531 καί
1413 2470 1488 2531 Πίν-

212 2554 301 2635 δαρός
323 2573 398 2634 φησι
421 2554 470 2616 καί
496 2556 675 2636 Φερεκύδης.
721 2556 856 2616 Pertinet
878 2557 917 2616 ad
939 2557 972 2616 P.
995 2576 1028 2618 1v
1053 2556 1126 2635 118].

755 2702 817 2759 οτι
843 2693 946 2779 [τοο]

300 2805 424 2877 Quintil.
444 2825 464 2864 x
485 2819 508 2885 1,
530 2817 593 2865 109:
616 2807 685 2867 Non
704 2806 784 2866 enim
801 2806 930 2886 pluvias,
953 2811 989 2866 nt
1008 2808 1052 2866 sit
1070 2808 1226 2887 Pindarus,
1251 2828 1345 2885 eques
1364 2810 1488 2889 colligit,

211 2895 263 2955 sed
285 2896 353 2958 vivo
377 2897 497 2975 gurgite
521 2896 654 2956 exundat
676 2886 817 2978 (Cicero).

754 3041 817 3098 αττ
842 3032 946 3118 [see]

298 3146 380 3205 Plut.
396 3147 431 3205 de
446 3146 533 3222 Pyth.
549 3165 625 3205 eree.
642 3156 688 3205 18:
708 3144 860 3226 Πίνδαρος
879 3142 911 3206 δέ
928 3144 978 3205 καί
997 3144 1062 3227 περί
1082 3145 1191 3227 τρόπου
1206 3147 1349 3233 μελῳδίας
1364 3145 1488 3228 σἰμελου-

210 3231 302 3314 μένου
319 3228 391 3295 καθ’
413 3233 504 3295 αὑτὸν
523 3233 645 3316 ἀπορεῖν
668 3230 808 3314 ὁμολογεῖ
821 3233 871 3295 καί
888 3235 1044 3315 θαυμάζει,
1063 3234 1120 3296 ὅτι·
1143 3238 1227 3297 loeus
1245 3238 1308 3314 ipse
1328 3239 1487 3299 intercidit.

754 3380 817 3438 ττο
842 3372 945 3459 [τοι]

299 3486 379 3546 Plut.
394 3485 430 3568 de
449 3503 515 3545 sere
533 3504 612 3543 num.
627 3484 707 3545 vind.
727 3496 761 3544 22
785 3506 814 3562 p.
829 3496 880 3545 567
903 3486 941 3545 F:
964 3484 1244 3567 προκεχειρισμένων
1267 3484 1299 3548 δὲ
1322 3485 1373 3548 καί
1395 3488 1487 3574 ταύτῃ

211 3567 369 3656 (Νέρωνος
387 3567 486 3659 ψνχη)
505 3582 563 3635 τῶν
583 3574 774 3655 δημιουργῶν
787 3573 975 3656 Πινδαρικῆς
989 3573 1107 3654 ἐχίδνης
1120 3569 1210 3656 είδος,
1227 3574 1260 3637 έν
1279 3564 1303 3662 ᾧ
1320 3583 1487 3656 κυηθεῖσαν

210 3662 261 3724 καί
285 3664 491 3744 διαφαγοῦσαν
514 3662 569 3741 τὴν
591 3662 700 3745 μητέρα
723 3663 896 3743 βιώσεσθαι,
919 3672 984 3741 φῶς
1007 3662 1135 3743 ἔφασκεν
1157 3663 1300 3745 ἐξαίφνης
1323 3666 1488 3746 διαλάμψαι

210 3750 283 3834 μέγα
305 3758 365 3813 ’‘ft-
753 3845 815 3903 277
842 3837 944 3922 [245].

299 3950 443 4009 Theodor.
458 3950 583 4010 Metoch.
599 3970 627 4026 p.
643 3960 708 4009 282ι
728 3950 803 4010 Τίνα
821 3945 853 4009 δέ
871 3958 930 4009 τῶν
948 3948 981 4011 έν
999 3956 1125 4031 μακραῖς
1143 3952 1351 4032 συμβιούντων
1371 3951 1485 4026 οὐσίαις

211 4036 247 4099 οὗ
269 4037 475 4119 κατατρέχουσι
497 4036 547 4098 καί
571 4038 768 4119 σπαράττουσι
786 4037 824 4115 δή
843 4061 920 4111 τινες
943 4043 1058 4122 Κῆρες
1081 4038 1388 4123 ὀλβοθρέμμονες,
1411 4042 1486 4121 φησί

210 4128 378 4210 Πίνδαρος,
401 4128 675 4209 μεριμναμάτων
699 4126 900 4208 άλεγεινῶν.

753 4292 817 4350 οτο
841 4283 945 4369 [seq.

298 4396 442 4457 Theodor.
462 4397 588 4457 Meteeh.
608 4417 635 4473 p.
654 4408 721 4456 493:
743 4393 793 4455 καὶ
816 4392 917 4475 φέρειν
941 4393 1075 4477 ἀνάγκην
1098 4395 1211 4479 ἔχοντες
1233 4397 1306 4459 κατὰ
1330 4399 1487 4481 Πίνδαρον

209 4483 374 4565 ἀλλότρια
398 4485 644 4567 μεριμνάματα
667 4484 717 4545 καί
739 4482 809 4565 κέαρ
833 4482 986 4565 ἀλλοτρίας
1010 4487 1127 4563 φύσεως
1151 4537 1157 4548 .
1182 4535 1188 4548 .
1214 4537 1219 4548 .

753 4631 815 4688 279
857 4631 944 4689 249.

297 4737 502 4796 Liban.1432
527 4737 574 4795 It:
598 4733 671 4816 πρὸς
693 4735 749 4816 γὰρ
773 4742 813 4820 τῷ
836 4623 876 4796 ie
895 4623 1047 4818 δέύτερα
1069 4747 1137 4798 τῶν
1163 4735 1344 4819 προτέρων
1371 4760 1485 4815 πεφυ-

207 4823 309 4886 κέναι
335 4830 493 4905 κρατεῖν,
522 4823 562 4896 ὡς
589 4823 648 4903 έφη
671 4825 841 4904 Πίνδαρος,
864 4825 896 4886 τὸ
920 4826 970 4887 τὸν
993 4827 1165 4907 τετιμηκότα
1186 4837 1240 4889 τοῦ
1263 4827 1486 4908 περιυβρικότος

209 4907 285 4976 εῖναι
308 4914 412 4995 βελτίω
436 4915 568 4993 μεγάλην
591 4913 676 4994 ἰσχὺν
699 4914 741 4987 εἰς
763 4913 795 4974 τὸ
819 4914 919 4992 λήθην
941 4914 1091 4978 έπιθεῖναι
1113 4923 1175 4991 τοῖς
1202 4914 1394 4998 φαυλοτέρως
1421 4914 1486 4996 ἔχει.

1218 5017 1274 5073 28*
