3406 5378
289 339 355 404 234
761 340 910 392 summu
928 339 1094 395 ammom

343 503 518 588 ὠνόμασεν
541 509 688 588 κεφαλᾶν
711 508 838 568 πολλάν
860 505 979 587 νόμον,

343 611 459 676 εὐκλεᾶ
483 614 653 676 λαοσσόων
676 608 834 697 μναστῆρ’
863 610 1017 692 ἀγώνων,

289 842 323 890 25
344 831 464 890 λεπτοῦ
488 826 744 911 διανισσόμενον
767 829 890 908 χαλκοῦ
913 822 948 889 θ’
977 825 1043 908 ἀμα
1065 821 1120 888 καὶ
1144 823 1310 909 δονάκων,
1371 827 1450 907 Στρ.
1470 824 1490 887 δ
1496 823 1513 888 ’.

341 930 392 997 rol
415 934 505 1019 τιαρά
528 936 726 1018 καλλίχορον
749 935 873 997 ναίοισι
896 936 996 997 πόλιν
1019 935 1182 1017 Χαρίτων,
1533 949 1569 996 45

342 1041 531 1124 Καφισίδος
554 1038 590 1104 ἐν
613 1038 753 1126 τεμένει,
776 1037 888 1104 τιιστολ
911 1048 1073 1125 χορευτᾶν
1095 1038 1267 1123 μάρτυρες.

341 1149 372 1212 εί
394 1147 433 1212 δέ
454 1172 504 1224 τις
526 1149 625 1231 ὄλβος
648 1147 684 1212 ἐν
707 1147 955 1233 ἀνθρώποισιν,
978 1148 1058 1211 ἀνευ
1082 1146 1229 1230 καμάτου
1532 1162 1568 1209 50

342 1255 382 1318 οὐ
406 1257 573 1338 φαίνεται·
598 1253 633 1319 ἐκ
657 1251 693 1319 δὲ
716 1254 901 1319 τελευτάσει
924 1278 980 1318 νιν
1003 1248 1024 1336 ἦ
1047 1277 1098 1318 τοι
1122 1253 1267 1339 σάμερον

290 1380 324 1426 30
344 1364 488 1444 δαίμων·
511 1363 549 1426 τὸ
573 1358 610 1426 δὲ
633 1365 796 1446 μόρσιμον
820 1360 861 1426 οὐ
884 1362 1095 1445 τιαρφυκτόν·
1119 1357 1192 1425 ἀλλ’
1218 1362 1308 1425 ἔσται
1332 1365 1452 1445 χρόνος

342 1464 453 1551 οὗτος,
477 1467 494 1533 ὃ
518 1473 577 1534 καί
596 1468 658 1534 τιν’
687 1468 823 1556 ἀελπτίᾳ
846 1469 959 1552 βαλὼν
1534 1485 1570 1533 55

342 1578 483 1659 ἔμπαλιν
506 1576 639 1660 γνώμας
662 1577 698 1640 τὸ
722 1573 783 1660 μὲν
806 1576 921 1658 δώσει,
944 1576 981 1640 τὸ
1006 1573 1035 1639 δ’
1064 1575 1165 1640 οὕτω.

360 1791 402 1840 23.
422 1783 505 1855 ὠνόμ.
521 1786 621 1841 BDE
638 1818 670 1825 -
689 1792 731 1840 24.
752 1784 887 1841 λαοσσόον
901 1785 1006 1840 Mosch.
1026 1819 1053 1825 —
1071 1791 1113 1839 25.
1130 1783 1268 1855 διανισόμ.
1284 1788 1312 1842 Β
1318 1787 1347 1841 D
1362 1819 1394 1827 —
1409 1786 1490 1856 θαμά
1506 1788 1571 1841 BD

287 1891 322 1898 -
337 1863 378 1912 ⁶36.
395 1859 558 1927 καλλίχορον
573 1860 677 1911 ναίοισι
691 1856 773 1911 πόλιν
788 1874 839 1911 em.
853 1857 1008 1913 Hermann:
1028 1855 1181 1930 καλλιχόρῳ
1191 1858 1253 1912 BD
1264 1858 1336 1928 (syll.
1348 1857 1523 1928 paenultima
1539 1859 1569 1911 in

288 1929 330 1983 lit.
345 1929 398 1997 D);
418 1926 522 1982 ναίοισι
541 1929 576 1996 Β,
597 1931 707 1984 ναίουσι
726 1929 768 1997 D;
787 1926 869 1982 πόλιν
889 1931 916 1983 Β
924 1931 962 1984 D:
984 1926 1064 1983 πόλει
1074 1929 1099 1981 V
1108 1929 1213 1983 Mosch.
1225 1962 1259 1970 —
1275 1935 1316 1984 ⁶27.
1332 1927 1473 1998 καφισσλδ.
1489 1930 1520 1983 D
1536 1961 1568 1969 -

287 2000 418 2091 zopeopal
428 2001 455 2054 Β
466 2032 499 2088 ,-
511 2005 552 2054 λ9.
563 2001 684 2054 κελεύσει
699 2001 727 2053 D
739 2032 769 2040 —
786 2020 832 2054 νιν
846 2000 915 2067 ἤτοι,
930 2000 1011 2054 codd.
1028 1999 1127 2055 schol:
1143 1997 1252 2090 plor’ii
1268 2000 1391 2092 tentarit
1405 2000 1570 2087 Mommsen,

287 2071 1009 2224 restringuat”alianastasis
1022 2104 1055 2211 ι
1067 2075 1365 2199 assasse
1378 2090 1571 2213 οικιικ,

289 2212 307 2284 a
327 2213 464 2339 apponi.
480 2213 634 2268 acumem
653 2213 730 2269 stus.
746 2214 854 2269 emas
873 2247 906 2254 -
926 2221 968 2269 ιι.
988 2212 1107 2269 asinas
1127 2215 1163 2283 n,
1183 2212 1284 2269 ιιιιιι
1303 2216 1339 2284 n,
1359 2215 1432 2269 unde
1451 2200 1570 2290 ιειιείᾳ

289 2304 360 2341 conr.
381 2316 389 2339 ι
410 2301 543 2340 ommsen.

359 2434 402 2484 23.
422 2432 550 2498 κεφαλᾶν
572 2433 678 2483 πολλᾶν
701 2429 801 2498 νόμον;
829 2447 929 2485 nomen
958 2427 1045 2498 νόμον
1069 2426 1265 2496 πολυκεφάλου

288 2501 415 2568 umbrat;
438 2517 502 2554 eum
525 2504 620 2554 autem
643 2519 699 2554 non
722 2500 878 2555 Minervam
902 2502 997 2569 deam,
1022 2500 1071 2553 sed
1091 2499 1238 2570 Olympum
1264 2448 1409 2553 tibicinem
1428 2499 1570 2554 invenisse

287 2573 360 2626 Plut.
388 2572 422 2626 de
445 2590 515 2627 mus.
535 2588 548 2627 a
567 2571 663 2626 tradit.
701 2572 766 2627 Fuit
789 2572 813 2626 is
836 2574 933 2642 procul
957 2571 1042 2625 dubio
1066 2570 1140 2625 idem
1164 2572 1276 2640 modus,
1300 2590 1355 2641 quo
1374 2570 1467 2625 Midas
1493 2570 1569 2624 ludis
1613 2618 1617 2627 .

287 2642 413 2713 Pythicis
437 2643 513 2699 rioit.
556 2644 665 2699 Nomen
689 2644 762 2697 unde
786 2644 931 2712 traxisset,
960 2643 1017 2697 iam
1041 2646 1149 2696 veteres
1172 2643 1340 2713 litigabant,
1369 2660 1432 2697 curn
1456 2642 1506 2696 alii
1531 2643 1569 2696 ad

287 2715 377 2769 multa
402 2715 499 2786 capita
522 2715 693 2798 serpentium
716 2715 839 2770 crinibus
864 2715 1024 2797 Gorgonum
1046 2713 1221 2783 illigatamm
1240 2717 1437 2785 provocarent,
1460 2713 1512 2768 alii
1531 2714 1569 2767 ad

288 2786 403 2841 chorum
422 2786 631 2856 quinquaginta
648 2786 781 2855 virorum,
801 2786 851 2840 alii
871 2788 991 2855 denique
1010 2785 1048 2839 ad
1067 2785 1156 2838 multa
1174 2787 1325 2855 prooemia,
1345 2803 1379 2839 er
1398 2784 1500 2854 quibus
1520 2784 1569 2839 ille

1300 2446 1338 2483 ier
1361 2429 1496 2509 ambages
1520 2429 1569 2482 ad·

287 2875 386 2912 nomus
408 2860 563 2924 constaret;
587 2875 706 2925 quarum
728 2859 930 2911 sententiarum
951 2856 1081 2910 ultimam
1103 2855 1231 2980 plerique
1254 2857 1421 2928 interpretes
1445 2874 1491 2910 am
1512 2855 1569 2910 leri

288 2929 413 2999 κεφαλὰς
437 2931 532 2999 partes
551 2929 694 2998 (Absittao)
720 2932 819 2982 cantus
838 2928 1065 2999 interpretantur.
1119 2927 1201 2997 *uper
1218 2945 1283 2983 vero
1303 2929 1461 2997 Guhrauer‚
1511 2928 1569 2982 erb.

288 3001 313 3053 d.
334 3001 406 3055 Phil.
428 3006 496 3054 1890
520 3019 547 3069 p.
566 3017 606 3053 sss
621 3016 656 3055 ss.
684 2998 805 3069 primum
828 2999 1012 3068 veriloquium
1033 3003 1064 3052 ut
1089 2999 1264 3068 defenderet,
1290 2998 1364 3069 νόμω
1383 2999 1569 3071 πολυκεφάλῳ

288 3072 419 3126 similiter
438 3074 523 3139 atque
537 3070 656 3139 Pythico
674 3070 766 3141 ipsam
785 3069 864 3125 illam
883 3088 1006 3163 pugnam
1022 3070 1115 3124 Persei
1134 3088 1197 3124 cum
1212 3058 1389 3142 Gorgonibus
1408 3087 1569 3140 expressam

288 3161 349 3198 esse
365 3142 546 3212 sagacissime
562 3142 682 3196 coniecit
695 3175 730 3182 —
745 3148 787 3196 ⁶34.
803 3151 927 3210 μνασιῆρ
960 3143 1089 3210 ἀγόνων·
1109 3142 1210 3196 turbae
1224 3143 1368 3197 hominum
1383 3142 1569 3196 concitandae

288 3231 378 3284 aeque
397 3216 482 3282 atque
502 3213 661 3267 vehementi
679 3212 807 3284 planctui
825 3214 1005 3284 exprimendo
1025 3213 1102 3268 acuti
1121 3214 1181 3267 soni
1196 3214 1331 3269 tibiarum
1350 3214 1419 3268 lacti
1439 3217 1520 3268 erant
1535 3246 1567 3254 -

288 3293 331 3342 25.
350 3290 454 3357 χαλκοῦ
478 3283 514 3339 a’
540 3283 599 3355 ἅμα
622 3286 671 3339 καλ
695 3284 836 3340 δονάκων
865 3285 954 3340 tibiae
983 3285 1152 3340 constabant
1175 3303 1209 3338 ex
1235 3286 1366 3353 calamis,
1395 3285 1444 3354 qui
1468 3285 1568 3356 optimi

287 3374 373 3428 prope
401 3355 535 3426 paludem
561 3355 676 3427 Copaim
705 3358 734 3410 et
753 3356 956 3412 Orchomenum
985 3357 1082 3410 urbem
1110 3357 1154 3425 (cf.
1180 3357 1209 3412 O.
1232 3374 1307 3412 xiva
1331 3360 1359 3411 et
1382 3356 1568 3427 Theophrast.

288 3429 353 3484 hist.
373 3428 462 3499 plant.
481 3447 509 3481 rr
524 3432 564 3497 11)
584 3428 785 3497 nascebantur,
806 3432 834 3482 ot
852 3449 886 3483 ex
904 3446 992 3484 aenea
1013 3427 1109 3482 fistula
1128 3427 1292 3498 (χλωσσίδι),
1317 3446 1374 3496 qua
1388 3428 1567 3482 inflabantur.

288 3501 368 3555 Alius
388 3517 454 3554 usus
474 3499 547 3554 aeris
567 3500 690 3554 calamos
709 3499 858 3554 vincientis
879 3500 1081 3555 obversabatur
1099 3501 1217 3554 Horatio
1236 3518 1261 3553 a.
1277 3519 1303 3570 p.
1319 3517 1358 3553 aia
1378 3502 1447 3554 tibia
1466 3518 1522 3555 κοιι
1539 3507 1569 3555 at

288 3591 363 3627 ιιιιιιο
381 3573 517 3626 ονίολιαλιο
536 3574 629 3626 υἰιιολιι
649 3574 780 3654 tubaeque
798 3574 904 3626 αειιιιιλα
935 3605 961 3613 -
985 3579 1027 3626 λδ.
1052 3568 1217 3641 καλλίχορον
1239 3571 1334 3625 πόλιν.
1363 3570 1568 3625 Orchomenum

289 3643 405 3715 pulchro
421 3644 490 3711 for0,
506 3643 581 3711 quod
596 3642 798 3696 saltationibus
815 3643 901 3696 sacris
916 3647 945 3698 ct
959 3642 1081 3713 publicis
1096 3643 1205 3713 pompis
1220 3641 1376 3711 inserviret,
1391 3642 1566 3698 instructam.

289 3716 334 3768 Sic.
364 3714 501 3768 Homerus
526 3714 576 3769 Od.
596 3733 623 3767 xi
638 3730 675 3769 nsi
700 3711 863 3785 καλλίχορον
893 3718 1033 3782 Πανοπῆα
1057 3714 1127 3767 dicit
1154 3718 1183 3768 et
1201 3713 1231 3767 ll.
1252 3734 1319 3767 svm
1337 3730 1376 3769 oss
1400 3731 1418 3768 a
1441 3713 1567 3769 Daedalo

288 3786 375 3841 Cnosi
398 3786 483 3856 χορὸν
502 3785 643 3840 Ariadnae
672 3787 777 3838 facturn
806 3802 865 3840 esse
889 3787 984 3853 relert3
1014 3785 1134 3853 deniqne
1162 3785 1191 3838 in
1219 3786 1279 3839 foro
1308 3784 1476 3841 Atheniensi
1502 3789 1567 3840 ante

287 3859 430 3912 theatmm
449 3857 648 3926 Dionysiaoum
673 3862 845 3911 exstructum
865 3857 1006 3911 orchestra
1030 3857 1085 3910 fuit
1103 3890 1136 3896 —
1156 3863 1198 3911 λλ.
1218 3859 1376 3926 Καφισίδος
1395 3855 1566 3925 decepisse·

288 3930 478 3985 cf.O.u1vi.
510 3961 541 3968 -
571 3937 707 4000 χορευτᾶν
731 3928 868 3998 μάρτυρες
893 3927 994 3982 calami
1019 3928 1075 3982 dici
1099 3928 1242 3997 videntur,
1271 3928 1346 3997 quod
1370 3928 1567 3983 choreutarum

288 4000 434 4055 saltationi
457 4001 646 4054 moderantur.
685 4000 758 4053 Nam
780 4016 815 4054 ne
833 3999 895 4053 voci
914 3999 992 4053 chori
1011 4000 1135 4053 calamos
1155 4001 1294 4054 moderari
1314 4000 1371 4053 dici
1390 3999 1566 4068 arbitremur,

289 4073 385 4127 obstat
403 4072 478 4141 quod
498 4069 692 4141 πολυκέφαλος
715 4070 800 4141 νόμος
824 4071 970 4140 αὐλητικὸς
996 4088 1052 4125 uon
1071 4073 1225 4143 αόλῳδικὸς
1244 4072 1298 4125 fuit
1322 4103 1354 4111 -
1380 4077 1459 4126 tlsssa
1480 4070 1566 4126 schol.

289 4145 326 4197 ad
346 4143 441 4198 insen:
467 4143 605 4210 ἱστοροῦσι
624 4141 698 4196 δέτι
720 4143 794 4196 ἴδιον
813 4143 965 4210 σύμπτωμα
985 4141 1189 4215 συμβεβηκέναι
1212 4144 1275 4209 περὶ
1294 4143 1343 4196 τόν
1363 4143 1485 4211 αὐλητὴν
1504 4151 1567 4197 τοῦ·

288 4232 349 4268 τον·
369 4214 575 4285 ἀγωνιζομένου
591 4214 644 4285 γὰρ
659 4217 746 4268 αὐτοῦ
766 4218 1006 4282 κατακλασθείσης
1024 4222 1073 4282 τῆς
1092 4212 1240 4283 χλωσσίδος
1259 4213 1396 4277 ἀκουσίως
1414 4215 1463 4268 καὶ
1481 4233 1566 4280 προσ-

289 4284 471 4355 κολληθείσης
489 4291 526 4357 τῷ
547 4285 712 4358 οὐρανίσκῳ,
735 4283 832 4355 μόνοις
849 4294 906 4346 τοῖς
926 4286 1060 4354 καλάμοις
1083 4283 1176 4355 τρόπῳ
1194 4286 1339 4356 σόρριχχος
1358 4288 1485 4354 αὐλῆσαι,
1504 4287 1568 4349 τοὺς

289 4356 320 4411 δὲ
345 4356 486 4425 ἀκροατὰς
510 4355 649 4425 ἡσθέντας
673 4359 720 4411 καλ
740 4356 920 4422 ξενισθέντας
946 4361 981 4429 τῷ
1008 4356 1062 4428 ἤχῳ
1086 4361 1258 4426 τερφθῆναι,
1287 4360 1334 4411 καλ
1359 4354 1430 4411 οὕτω
1454 4366 1568 4426 νικῆσαι

288 4426 375 4481 αὐτόν
394 4461 429 4468 -
449 4435 481 4481 ‘it
501 4423 562 4496 ἦτοι
582 4427 711 4495 σάμερον,
732 4446 787 4482 uon
808 4427 867 4495 ἤτοι
887 4427 1008 4495 σάμερον
1028 4428 1200 4481 exarandum
1215 4428 1318 4495 curari,
1338 4431 1370 4483 ut
1384 4430 1471 4482 verba
1486 4428 1565 4482 dubi-

288 4499 376 4554 tantis
400 4498 445 4551 vel
470 4516 533 4552 curn
556 4499 733 4553 dubitatione
757 4498 956 4567 interrogantis
976 4503 1081 4568 essent,
1106 4499 1150 4553 cui
1171 4499 1342 4553 dubitationi
1361 4502 1446 4570 poeta
1465 4500 1506 4553 ita
1524 4517 1566 4554 re·

288 4570 416 4639 spondet,
428 4573 460 4622 nt
473 4570 525 4623 hoc
536 4571 659 4638 quidem,
670 4590 735 4624 num
751 4570 835 4624 hodie
850 4572 917 4623 <lens
928 4570 1063 4640 perficiat,
1075 4571 1192 4624 dubium
1206 4588 1266 4625 esse
1277 4572 1420 4637 concedat,
1432 4572 1480 4625 sed
1491 4574 1567 4625 certe

288 4644 414 4696 futurum
433 4659 493 4695 esse
513 4646 654 4696 assereret
676 4676 703 4682 —
726 4648 767 4696 31.
788 4639 904 4716 ἀελπτίᾳ
923 4642 1016 4713 βαλών
1037 4659 1086 4712 pro
1106 4644 1245 4715 ἐμβαλών,
1270 4647 1300 4695 ut
1318 4643 1397 4697 lloni.
1419 4642 1449 4696 ll.
1470 4662 1508 4697 vn
1530 4662 1567 4697 iss

288 4712 372 4785 κυνέῃ
393 4713 468 4786 βάλε,
489 4714 572 4783 Sopb.
592 4714 690 4769 Trach.
711 4731 750 4768 :uu
770 4713 806 4777 ὦς
826 4734 870 4768 νιν
888 4720 1012 4783 ματαίως
1030 4710 1106 4788 αἰτίᾳ
1126 4713 1206 4786 βάλοι
1226 4722 1306 4784 κακῇ.
