3406 5378
646 405 692 456 τα.
720 404 769 454 υτ
788 403 871 454 τιτι
890 403 1047 457 Ριαοττττ.
1079 468 1081 473 ,
1456 405 1490 460 cl

212 566 397 632 ἀποθανεῖν
426 565 461 630 έν
489 565 603 653 έκείνφ
631 575 676 653 τῷ
705 564 855 652 ἐνιαυτῷ.
902 564 1037 649 ἐπέβαλε
1065 563 1102 632 δέ
1130 580 1201 645 τοῖς
1223 571 1357 653 χρόνοις
1380 573 1491 653 Σιμω-

212 675 324 757 νίδου,
352 668 374 760 ᾖ
401 674 561 757 νεώτερος
587 671 811 759 πρεσβυτέρῳ·
840 685 906 738 τῶν
934 681 1019 755 γοῦν
1046 673 1158 739 αὐτῶν
1180 673 1361 759 μέμνηνται
1385 674 1491 762 ἀμφό-

211 805 301 868 τεροι
332 780 491 867 πράξεων.
541 778 596 845 καί
628 780 690 863 γάρ
721 781 914 863 Σιμωνίδης
945 782 1007 864 τὴν
1039 779 1076 844 έν
1104 786 1270 865 Σαλαμῖνι
1303 787 1492 866 ναυμαχίαν

212 887 370 975 γέγραφε,
393 885 448 952 καί
472 888 643 973 Πίνδαρος
665 886 824 972 μέμνηται
848 895 906 971 τῆς
923 887 1083 971 δΚάδμου
1107 891 1283 970 βασιλείας.
1330 888 1491 956 ἀλλὰκαὶ

212 996 393 1081 άμφότεροι
410 996 499 1080 παρίι
514 992 639 1081 Ἱέρωνι
658 1003 704 1082 τῷ
720 998 963 1079 Συρακουσίων
981 994 1134 1082 τυράννῳ
1154 993 1355 1080 γεγένηνται,
1388 1001 1493 1083 γημας
1511 1017 1527 1064 5
1547 1010 1553 1019 ’

212 1099 249 1168 δὲ
274 1103 484 1186 Μεγάκλειαν
509 1103 571 1186 τὴν
596 1100 767 1167 Λυσιθέον
795 1100 850 1166 καὶ
874 1105 1042 1184 Καλλίνης
1067 1104 1161 1186 ἔσχεν
1183 1104 1260 1168 υἱὸν
1282 1107 1492 1190 Δαΐφαντον,

136 1254 146 1271 .
211 1203 239 1298 ᾧ
261 1207 316 1275 καί
339 1210 595 1295 δαφνηφορικὸν
618 1203 706 1295 ᾆσμα
725 1211 879 1293 ἔγραψεν,
901 1206 956 1272 καί
975 1208 1163 1293 θυγατέρας
1181 1210 1244 1274 δύο
1263 1213 1493 1297 Πρωτομάχου

211 1314 267 1382 καί
300 1317 459 1401 Εὔμητιν.
512 1314 658 1403 γέγραφε
690 1312 727 1380 δὲ
759 1318 872 1399 βιβλία
906 1312 1135 1380 ἑπτακαίδεκα·
1167 1315 1309 1401 ὕμνους,
1339 1329 1492 1404 παιᾶνας,

212 1425 435 1510 διθυράμβων
457 1422 502 1508 β’,
524 1425 716 1511 προσοδίων
739 1422 785 1508 β’,
809 1422 944 1510 φέρεται
967 1421 1003 1489 δὲ
1027 1420 1083 1488 καὶ
1103 1429 1299 1510 παρθενίων
1322 1425 1366 1510 β’,
1385 1426 1440 1492 καλ
1458 1426 1491 1511 γ’

211 1531 229 1596 ὃ
254 1530 468 1617 ἐπιγράφεται
491 1529 741 1616 κεχωρισμένων
764 1533 973 1617 παρθενίων,
1000 1531 1243 1618 ὑπορχημάτων
1265 1530 1311 1616 β’,
1336 1531 1491 1619 ἐγκώμια,
1514 1552 1545 1601 10

210 1641 377 1724 θρήνους,
401 1638 558 1705 ε’πινίκων
581 1637 624 1704 δ’.
666 1638 800 1725 φέρεται
824 1635 860 1703 δὲ
883 1626 1069 1726 έπίγροιμμα
1093 1637 1145 1704 ἐπὶ
1168 1649 1208 1725 τῇ
1231 1644 1364 1727 τελευτῇ
1388 1643 1492 1707 αὐτοῦ

210 1747 303 1812 τόδε·

297 1884 344 1954 Ἦ
362 1889 462 1974 μάλα
487 1890 731 1974 Πρωτομάχα
754 1913 792 1952 τε
815 1886 879 1953 καὶ
903 1890 1077 1973 Εὔμητις
1100 1891 1322 1975 λιγύφωνοι

346 1998 553 2079 Πινδάρου
578 1994 767 2061 ἔκλαυσαν
790 1995 1008 2082 θυγατέρες
1031 2002 1206 2075 πινυταί,

296 2104 488 2189 ’Ἆργοθεν
512 2100 606 2187 ἦμος
629 2105 762 2167 ἵκοντο
786 2101 985 2187 κομίζουσ’
1006 2102 1146 2169 ε’νδόθι
1170 2114 1348 2191 κρωσσοῦ
1514 2125 1545 2170 ιο

346 2208 497 2287 λείψαν’
519 2209 591 2274 άπὸ
616 2210 746 2292 ξείνης
768 2208 897 2292 ἀθρόα
920 2220 1123 2293 πυρκαϊῆς.

590 2459 797 2542 Πινδάρου
821 2456 1114 2542 ἀποφθέγματα.

301 2604 472 2681 Πίνδαρος
490 2603 507 2667 ὁ
527 2603 701 2687 μελοποιὸς
720 2599 900 2687 ἐρωτηθεὶς
917 2600 982 2666 ύπό
1002 2624 1101 2684 τινος,
1120 2605 1153 2664 τί
1169 2605 1306 2687 πρίονος
1324 2601 1491 2688 ὀξύτερον,

211 2705 299 2787 εἶπε,
322 2711 469 2793 διαβολή.

301 2819 576 2901 Παραγενόμενος
609 2813 644 2880 δὲ
678 2818 725 2893 είς
756 2818 912 2900 Δελφοὺς
944 2813 998 2880 καὶ
1032 2814 1255 2900 ἐρωτώμενος,
1290 2820 1325 2880 τί
1353 2817 1490 2904 πάρεστι

211 2926 332 2990 θύσων
354 2931 400 3011 τῷ
421 2921 615 3005 Ἀπόλλωνι,
639 2917 722 3005 εἷπε,
745 2930 878 2987 παιᾶνα.
1508 2943 1543 2991 20

298 3027 535 3114 ’Πιτερωτηθεὶς
553 3030 664 3111 πάλιν,
684 3030 739 3093 διὰ
759 3032 793 3092 τί
806 3030 999 3112 Σιμωνίδης
1018 3031 1100 3115 πρὸς
1119 3033 1196 3106 τοὺς
1215 3031 1401 3116 τυράννους
1415 3032 1490 3098 άπε-

211 3140 359 3222 δήμησεν
378 3139 425 3213 εἰς
439 3140 608 3219 Σικελίαν,
627 3137 726 3212 αὐτὸς
745 3133 780 3200 δέ
800 3135 840 3199 οὐ
860 3134 962 3219 θέλει,
981 3137 1031 3201 ὅτι
1050 3138 1224 3221 βούλομαι,
1242 3132 1343 3222 εἶπεν,
1362 3138 1490 3229 ἐμαυτῷ

214 3250 286 3330 ζῆν,
310 3246 370 3310 ούκ
393 3247 492 3331 άλλςο.

298 3350 494 3437 Ἐρωτηθείς
512 3348 549 3416 δέ
568 3351 624 3416 διὰ
643 3354 677 3414 τί
693 3360 738 3438 τῷ
758 3347 796 3417 εὖ
815 3351 992 3437 πράττοντι
1014 3353 1075 3436 τὴν
1093 3351 1264 3437 θυγατέρα
1283 3353 1322 3417 ού
1340 3355 1489 3433 δίδωσιν,

211 3460 253 3525 ού
276 3462 381 3544 μόνον
405 3461 548 3541 δεῖσθαι,
572 3461 685 3542 φησίν,
709 3453 746 3523 εὖ
769 3458 981 3542 πράττοντος,
1005 3458 1088 3524 ἀλλά
1112 3457 1166 3523 καὶ
1189 3459 1371 3545 πράξοντας
1394 3457 1440 3525 εὖ.
1507 3479 1542 3527 2ο

298 3564 494 3653 Ἐρωτηθεὶς
516 3565 618 3630 πάλιν
636 3564 701 3629 ὑπό
719 3588 820 3645 τινος,
844 3566 954 3629 διὰτί
969 3563 1049 3648 μέλη
1069 3565 1209 3650 γράφων
1228 3563 1323 3652 ᾅδειν
1342 3566 1402 3631 οὐκ
1422 3565 1489 3630 ε’πί-

209 3694 336 3752 σταται,
355 3670 458 3739 εἶπεν·
478 3672 532 3737 καὶ
551 3674 614 3759 γάρ
634 3675 669 3737 οί
680 3671 845 3756 ναυπηγοὶ
859 3673 1002 3755 πηδάλια
1016 3673 1310 3752 κατασκευάζοντες
1324 3676 1489 3759 κυβερνᾶν

210 3783 273 3849 ούκ
296 3782 495 3848 ἐπίστανται.
540 3832 546 3847 .

306 3893 390 3966 Τοὺς
413 3894 699 3973 φυσιολογοῦντας
723 3892 786 3972 ε”φη
810 3889 907 3972 ἀτελῆ
932 3892 1052 3973 σοφίας
1076 3886 1210 3975 δρέπειν
1232 3890 1368 3971 καρπόν.

298 4091 323 4138 4.
343 4082 462 4153 Κάδμου
481 4082 556 4138 cod.:
575 4082 728 4155 Καμβύσου
747 4081 817 4135 coni.
835 4081 954 4148 Boeckh‚
975 4080 1097 4149 Δαρείου
1115 4080 1186 4135 coni.
1202 4078 1362 4147 Svhneider,
1381 4077 1487 4148 Ξέρξου

209 4154 282 4212 coni.
302 4156 505 4210 Westermann.
532 4186 562 4193 —
589 4159 612 4208 6.
633 4151 797 4223 Διόφαντον
816 4154 839 4205 Α
861 4185 880 4191 --
913 4151 1486 4220 ὃτι,ο1’.Η111οτ,Ηοται.21,357ετ,-

209 4235 237 4283 9.
251 4225 410 4295 προοοδίων
423 4242 457 4280 ex
471 4223 636 4294 προσωδίων
651 4224 754 4279 ωειλ
769 4257 801 4265 -
818 4230 860 4278 10.
871 4223 1056 4294 ἐπιγράφεται
1068 4223 1138 4279 coni.
1150 4222 1275 4278 Boeekh:
1291 4221 1486 4292 έπιγράφειΑς

208 4299 246 4356 cf.
261 4298 347 4353 schol.
362 4298 396 4351 N.
412 4317 439 4349 ιτ
454 4296 490 4351 in.
511 4329 543 4336 -
565 4304 606 4351 14.
626 4295 679 4350 έκλ.
699 4316 755 4352 πιν.
775 4299 858 4350 Πινδ.
878 4301 943 4365 θυγ.
964 4298 996 4363 A,
1016 4299 1121 4365 ῒτιιυερ,
1141 4294 1273 4348 Gerhard.
1295 4326 1326 4334 —
1347 4300 1381 4348 20
1392 4314 1431 4364 τη.
1452 4297 1486 4351 cf.

209 4370 321 4425 Philod.
341 4369 376 4423 de
394 4386 464 4422 mus.
484 4388 510 4439 p.
526 4375 568 4435 89,
587 4375 618 4421 10
637 4369 679 4422 ed.
699 4368 818 4422 Kemke:
838 4365 880 4421 ὅτι
899 4366 947 4420 διδι
965 4377 1021 4421 τῶν
1039 4365 1203 4435 ποιημάτων
1221 4369 1325 4435 μᾶλλον
1343 4363 1451 4436 γίνεται

210 4441 286 4511 τιμή,
305 4443 439 4514 βραχεῖαν
458 4438 489 4493 δὲ
508 4440 540 4494 τδ
559 4437 638 4509 μέλος
657 4439 713 4510 ἔχει
731 4436 898 4507 πρόσθεσιν·
918 4439 1034 4493 καὶτὸν
1048 4436 1193 4506 Πίνδαρον
1208 4436 1279 4492 οὕτω
1294 4436 1424 4507 νομίζειν,
1443 4437 1474 4493 δτ

209 4514 265 4583 ἔφη
284 4513 383 4568 θύσων
401 4531 438 4566 πο
462 4511 605 4583 ήσεο>θαι
623 4511 810 4584 διθύραμβον.
837 4544 867 4552 -
893 4517 935 4565 22.
955 4509 1009 4565 δτιι
1029 4509 1071 4565 δτι
1089 4511 1120 4563 οὐ
1140 4511 1164 4562 A
1189 4541 1220 4550 -
1245 4516 1287 4565 24,
1306 4512 1336 4563 τί
1352 4511 1385 4565 ού
1404 4513 1427 4564 Α

209 4590 253 4640 26.
272 4582 433 4653 πράξαντος
474 4586 528 4636 ust.
547 4583 596 4636 vit.
613 4582 692 4637 l‘ind.
706 4586 736 4636 et
749 4585 773 4634 A
788 4600 856 4637 corr.
874 4601 909 4636 m.
924 4601 964 4651 pr.
985 4613 1017 4622 -
1038 4587 1071 4635 26
1083 4600 1122 4651 sq.
1137 4581 1171 4636 cf.
1188 4581 1273 4635 schol.
1289 4583 1326 4635 ad
1341 4582 1372 4637 0.
1388 4602 1415 4634 τι
1427 4589 1486 4651 148,

210 4656 287 4712 Stzb.
303 4656 328 4710 d.
344 4655 370 4709 b.
386 4655 438 4709 Ak.
455 4660 523 4708 1895
542 4673 569 4723 p.
585 4659 617 4707 23
628 4671 668 4722 sq.
691 4685 720 4692 —
742 4660 783 4708 29.
805 4653 934 4707 ultimum
953 4672 970 4707 ει
991 4653 1162 4724 ophthegma
1181 4652 1319 4723 excerpsit
1335 4653 1412 4707 stob.
1427 4654 1485 4708 flor.

209 4733 298 4796 80,1;
317 4747 342 4782 v.
358 4728 390 4781 fr.
406 4732 467 4780 209.
499 4725 576 4779 Idem
590 4723 726 4778 Stobaeus
744 4742 779 4779 ex
796 4725 921 4795 pleniore
940 4674 1105 4780 οοδΙεολίοτιο
1122 4724 1392 4795 apophthegmatum
1406 4725 1488 4779 affert

208 4800 268 4854 flor.
285 4804 326 4867 11,
342 4804 357 4851 3
372 4798 502 4867 (18He.):
521 4797 553 4851 fr.
569 4801 630 4864 206,
648 4796 706 4851 flor.
722 4802 764 4865 94,
779 4803 826 4852 22:
846 4797 878 4851 fr.
894 4803 953 4865 214,
973 4797 1031 4852 flor.
1048 4802 1107 4861 111,
1124 4802 1169 4852 12:
1188 4796 1221 4851 fr.
1235 4802 1296 4864 234,
1315 4796 1373 4850 flor.
1386 4802 1445 4864 126,
1456 4802 1485 4850 2ι

208 4870 243 4925 fr.
260 4876 324 4939 160,
343 4870 402 4924 flor.
416 4876 460 4936 43,
477 4874 535 4923 112.
