3406 5378
297 291 362 354 302
774 295 920 344 rrnnaar
940 295 1103 346 ariniara,

298 460 427 536 denique
447 460 577 520 dissidiis
591 460 713 518 Adrasti
732 464 764 520 et
777 460 952 536 Amphiarai
973 461 1095 519 dissidia
1114 459 1258 520 Theronis
1277 463 1308 519 et
1326 459 1464 518 Hieronis
1485 459 1584 537 signi-

299 549 381 608 ficari
405 550 488 627 dixit,
512 569 547 608 ea
570 549 667 627 magis
690 550 841 628 ingeniose
865 550 1034 627 excogitata
1058 569 1147 625 quam
1167 548 1371 625 probabilibus
1390 550 1585 627 argumentis

297 637 473 697 confirmata
491 657 553 698 esse
573 639 677 697 sentio.
693 639 794 697 —De
814 638 893 696 ludis
911 638 1028 714 Pythiis
1047 638 1194 712 Sicyoniis
1213 638 1298 698 docte
1318 658 1413 715 nuper
1427 659 1582 697 commen·

298 729 381 785 tatus
411 732 457 787 est
487 727 649 805 Luebbert,
679 728 742 786 Ind.
771 727 837 786 lect.
866 728 960 786 Bonn.
991 721 1142 806 1883l843
1174 728 1227 787 hos
1257 732 1359 787 autem
1388 728 1476 788 ludos
1507 747 1582 786 cum

298 816 465 876 (tisthenes
488 821 634 893 tyrannus
659 816 847 893 instituisset,
870 819 960 892 poeta
985 817 1023 874 ad
1046 817 1208 875 Adrastum
1232 820 1385 876 auctorem
1408 817 1581 893 mythicum

298 906 425 964 rettulit.
447 938 486 946 -
507 906 612 964 thrruli
631 925 758 981 pompae
781 905 912 964 Chromii
932 905 987 963 bac
1007 905 1064 965 oda
1082 898 1320 987 illustratae.(v.
1335 901 1367 987 4)
1386 907 1581 982 triumphum

298 995 465 1053 Romanum
495 995 627 1053 conferre
659 995 756 1072 iuvat,
786 1000 822 1053 ut
852 995 904 1071 qui
935 1015 970 1053 er
1001 994 1166 1053 imitatione
1196 994 1326 1055 Graecae
1356 997 1582 1056 comissationis

299 1088 388 1142 natus
416 1103 478 1143 esse
502 1084 653 1158 videatur3
682 1084 841 1160 utriusque
865 1086 966 1143 autem
990 1084 1045 1143 boe
1069 1103 1189 1160 quoque
1212 1104 1367 1144 commune
1391 1085 1462 1158 fuit,
1495 1086 1582 1161 quod

298 1192 439 1249 pompam
467 1172 656 1250 magnificam
684 1173 791 1249 epulae
819 1172 957 1249 publicae
985 1177 1016 1231 et
1043 1173 1123 1232 laeta
1151 1175 1303 1249 symposia
1331 1167 1372 1255 (v.
1392 1168 1441 1254 51)
1471 1194 1581 1250 seque·

297 1262 416 1322 bantur.
948 1284 952 1293 ·
1136 1314 1144 1328 .

387 1352 421 1409 ln
454 1351 605 1426 prooemio
638 1352 739 1411 Musas
771 1354 861 1426 poeta
893 1351 1016 1428 invitat,
1049 1355 1085 1409 ut
1114 1369 1214 1411 secum
1244 1351 1347 1409 urbem
1370 1351 1498 1410 Aetnam
1535 1353 1581 1410 in-

298 1444 391 1518 trent,
424 1440 476 1499 ubi
509 1439 682 1498 Chromium
715 1441 870 1517 victorem,
904 1441 955 1517 qui
989 1442 1049 1498 iam
1079 1441 1291 1516 triumphalem
1321 1459 1441 1498 currum
1473 1460 1579 1500 ascen·

297 1529 386 1606 derit,
419 1530 529 1605 hymno
562 1530 689 1604 epinicio
722 1533 828 1587 ornent
860 1522 984 1610 (1-10).
1030 1530 1142 1588 Mentio
1175 1529 1314 1588 ludorum
1346 1530 1480 1605 Adrasti,
1505 1531 1577 1606 qui·

297 1618 353 1676 bus
377 1617 535 1677 Chromius
563 1636 702 1677 eoronam
730 1622 892 1695 meruerat,
924 1638 1026 1677 ansam
1055 1623 1161 1694 poetae
1189 1618 1313 1695 praebet
1339 1619 1480 1676 narrandi
1509 1620 1579 1678 fata

297 1707 418 1766 Adrasti
449 1708 572 1783 eiusque
602 1708 702 1785 generi
734 1707 909 1782 Amphiarai
941 1700 1084 1788 (ιο-27).
1137 1709 1201 1766 Iam
1231 1708 1407 1783 Amphiarai
1439 1709 1513 1786 fuga
1546 1714 1579 1767 et

297 1797 422 1854 interitu
451 1799 617 1855 commotus
641 1797 742 1856 lovem
769 1799 921 1873 precatur,
952 1812 995 1855 ne'
1016 1797 1143 1856 similem
1171 1798 1202 1855 in
1230 1797 1344 1857 cladem
1372 1797 1470 1856 Aetna
1501 1798 1579 1856 urbs

295 1885 418 1963 eiusque
443 1886 556 1944 strenui
585 1886 663 1946 cives
686 1885 841 1945 incurrant
864 1877 1012 1967 (ae-33),
1043 1886 1121 1945 inter
1149 1906 1225 1963 quos
1253 1886 1425 1945 (bromium
1448 1887 1578 1966 pudore,

295 1974 461 2051 prudentia,
485 1973 593 2032 bellica
616 1974 704 2033 laude
728 1975 856 2033 eminere
882 1974 988 2034 laudat
1011 1968 1156 2056 (34-43),
1194 1975 1333 2035 Siccam
1357 1994 1375 2034 a
1398 1975 1511 2035 fabulis
1536 1977 1578 2035 ad

295 2083 357 2122 rem
376 2066 563 2140 praesentem
582 2063 733 2141 ingeniose
753 2063 897 2140 rediisset,
913 2064 943 2122 in
962 2065 1081 2142 epilogo
1100 2064 1239 2123 carminis
1254 2065 1426 2124 Chromium
1446 2065 1579 2142 dignum

295 2171 358 2212 esse
387 2152 552 2229 praedicat,
583 2152 635 2227 qui
664 2153 749 2212 lauro
777 2155 865 2229 parta
888 2153 919 2211 in
943 2172 1046 2212 serena
1075 2157 1227 2213 senectute
1255 2155 1387 2231 fruatur,
1418 2159 1449 2212 et
1478 2160 1580 2213 semet

296 2242 394 2317 ipsum
413 2243 594 2317 chorumque
611 2241 730 2318 excitat,
748 2242 869 2301 utrina
887 2262 923 2301 ex
942 2243 1091 2320 argenteis
1109 2243 1227 2321 phialis,
1243 2262 1319 2319 quas
1334 2243 1384 2301 ille
1403 2244 1577 2319 praemium

295 2332 450 2407 acceperit,
473 2330 607 2389 bibentes
630 2331 758 2390 virtutes
781 2331 902 2390 victoris
926 2330 1101 2408 triumphali
1125 2332 1211 2391 modo
1236 2331 1396 2391 illustrent.

841 2484 885 2550 De
908 2486 1030 2551 metris.

384 2598 509 2658 Carmen
539 2598 844 2675 praestantissimum,
874 2598 955 2674 quod
983 2602 1020 2657 ut
1050 2598 1080 2655 in
1110 2617 1221 2674 pompa
1243 2599 1281 2656 ad
1311 2599 1491 2675 hospitalem
1521 2601 1577 2660 do·

296 2706 377 2746 mum
402 2688 523 2748 victoris
547 2687 732 2746 instituenda
755 2687 878 2746 citharis
896 2686 1039 2764 tibiisque
1058 2687 1262 2746 occinentibus
1281 2690 1462 2764 cantaretur,
1481 2688 1577 2748 desti-

295 2781 400 2836 natum
424 2777 484 2834 fuit
506 2768 568 2856 (vv.
589 2787 665 2834 1-3.
686 2768 730 2857 8),
754 2776 792 2834 ad
816 2795 948 2836 severam
971 2780 1002 2835 et
1025 2777 1181 2853 antiquam
1205 2795 1340 2835 normam
1363 2777 1577 2856 dactylo-epi·

296 2865 463 2926 triticorum
484 2865 639 2924 modorum
658 2865 856 2941 compositum
875 2868 927 2925 est.
965 2866 1070 2942 Epodo
1090 2865 1170 2943 quod
1189 2870 1278 2943 caret,
1300 2867 1365 2926 eins
1388 2885 1479 2926 causa
1503 2868 1576 2928 inde

296 2955 457 3031 repetenda
480 2958 533 3030 est,
557 2954 637 3030 quod
660 2954 747 3030 epodi
770 2957 870 3030 partes
894 2955 994 3014 nullae
1016 2959 1101 3014 erant
1119 2955 1245 3015 carmini
1263 2956 1294 3014 in
1313 2975 1424 3032 pompa
1443 2975 1461 3014 a
1480 2957 1576 3017 choro

295 3044 450 3121 gradiente
483 3042 646 3113 cantand03
676 3042 712 3100 cf.
736 3043 806 3102 Prol
839 3061 876 3100 nx
905 3046 936 3102 et
963 3063 1025 3122 arg.
1048 3044 1081 3106 P.
1105 3063 1157 3103 111.
1202 3045 1367 3104 Metrorum
1397 3045 1504 3105 divisio
1537 3052 1578 3106 ut

295 3133 432 3209 passibus
463 3131 626 3207 gradientis
656 3131 738 3191 chori
768 3133 1055 3210 accommodaretur,
1086 3136 1184 3193 totum
1212 3135 1267 3195 boo
1291 3153 1408 3193 carmen
1433 3135 1578 3195 similiter

295 3227 386 3298 atque
415 3221 548 3281 carmina
578 3219 612 3280 0.
632 3239 694 3278 vnr.
723 3221 755 3280 P.
775 3239 818 3278 x11
841 3221 872 3279 in
895 3222 1031 3297 dipodias
1060 3223 1251 3282 dividendum
1280 3228 1310 3281 et
1333 3224 1478 3300 tripudias
1502 3224 1576 3283 dae·

296 3311 403 3387 tylicas
431 3310 461 3368 in
492 3310 638 3368 ambitum
667 3309 805 3368 binarum
833 3310 1021 3386 dipodiarnm
1046 3312 1243 3371 extendendas
1267 3313 1444 3371 curavimus
1491 3314 1575 3372 Pau-

234 3438 237 3444 ,
296 3419 398 3458 sarum
421 3418 490 3458 vero
515 3399 575 3457 sive
599 3399 735 3457 inanium
763 3402 932 3476 temporum
960 3400 1043 3459 sedes
1066 3404 1097 3459 et
1119 3401 1250 3460 ambitus
1274 3402 1338 3478 ipso
1362 3405 1456 3461 metro
1480 3406 1576 3478 poeta

296 3488 439 3565 definivit,
463 3488 521 3546 nisi
545 3488 624 3564 quod
647 3489 790 3547 ultimum
814 3507 931 3547 versum
955 3508 973 3547 a
996 3490 1189 3565 praecedente
1217 3493 1320 3550 utrum
1351 3491 1434 3550 nullo
1458 3510 1496 3549 an
1521 3511 1575 3551 sex

296 3583 465 3653 temporum
479 3577 637 3638 intervallo
653 3578 833 3654 diremptum
852 3578 944 3636 fuisse
959 3581 1055 3655 putes,
1070 3578 1207 3638 dubitare
1221 3581 1330 3658 possis,
1353 3582 1388 3640 cf.
1404 3580 1482 3640 Prol.
1498 3599 1574 3640 nvn.

295 3667 380 3736 Quod
409 3668 511 3725 autem
539 3668 619 3725 solus
646 3667 773 3724 ultimus
797 3685 899 3726 versus
927 3668 1066 3742 strophae
1090 3667 1128 3726 ab
1152 3670 1289 3727 anaernsi
1317 3669 1435 3746 incipit,
1460 3669 1515 3727 hac
1539 3690 1574 3730 re

294 3757 427 3815 ordinem
450 3755 652 3831 rhythmicum
675 3755 713 3813 ad
736 3753 824 3813 finem
848 3755 979 3815 converti
1011 3756 1212 3834 significatum
1239 3761 1291 3817 est.
1339 3758 1474 3834 Denique
1504 3763 1574 3818 tota

294 3846 417 3920 stropha
436 3865 471 3904 er
490 3844 586 3903 tribus
605 3843 741 3920 partibus
760 3847 885 3921 constat,
909 3845 1025 3903 duabus
1044 3846 1268 3923 principalibus,
1292 3866 1419 3922 quarum
1438 3851 1572 3923 utraque

294 3955 328 3993 er
356 3933 433 3993 binis
463 3934 596 3993 versibus
624 3933 800 4009 aequalibus
828 3934 993 4010 composita
1021 3936 1067 3992 est
1094 3926 1154 4013 (vv.
1177 3946 1244 3993 1-—2
1268 3938 1300 3993 et
1324 3931 1420 4013 3-4),
1449 3940 1480 3994 et
1507 3956 1573 3995 una

293 4023 416 4098 epodioa
441 4017 481 4101 (v.
502 4017 541 4100 a),
565 4041 641 4098 quae
665 4022 807 4099 gravibus
830 4023 960 4098 epitritis
983 4041 1101 4082 carmen
1125 4024 1247 4083 clandit.

349 4177 554 4260 Κωμάσομιν
577 4175 654 4260 παρ’
679 4175 884 4252 ’Λπόλλωνος
908 4180 1121 4258 Σικυωνόθε,
1145 4183 1286 4263 Μοῖσαι,
1373 4185 1453 4264 Στρ.
1473 4180 1515 4243 α’.

348 4285 409 4347 τὰν
427 4288 619 4347 νεοκτίσταν
639 4283 671 4360 ἐς
691 4290 828 4365 Αἴτναν,
849 4282 922 4349 ἔνθ’
944 4283 1208 4369 ἀναπεπταμέναι
1228 4286 1344 4363 ξείνων
1368 4293 1515 4353 νενίκαν-

294 4446 336 4452 .-
372 4448 378 4450 ο
497 4447 505 4451 ,
1278 4419 1330 4459 ται
1354 4397 1473 4477 θύραι,
1555 4415 1572 4460 ὀ

365 4549 445 4583 viam
465 4550 568 4587 nacrro.
607 4532 689 4586 lusor.
711 4549 764 4588 om.
784 4532 846 4586 BD
867 4564 897 4571 -
919 4538 943 4587 λ.
964 4531 991 4595 ἐς
1010 4532 1052 4588 D:
1073 4533 1112 4596 εἰς
1131 4535 1158 4587 Β
1177 4566 1209 4574 -

366 4693 554 4728 conasnraau.
593 4694 617 4728 v.
636 4683 657 4729 1.
677 4673 745 4742 παρ’
766 4673 929 4737 ’Λπόλλωνος
948 4674 1124 4744 Σικυωνόθε,
1142 4693 1159 4729 a
1174 4676 1247 4729 ludis
1263 4677 1401 4747 Apollinis
1416 4677 1573 4749 Sicyoneis,

295 4745 323 4799 in
347 4744 447 4815 quibus
468 4745 613 4800 Chromiue
633 4746 751 4812 vicerat3
776 4746 809 4801 cf.
831 4744 902 4800 Prcl.
922 4765 967 4800 rer
987 4779 1019 4788 -
1045 4753 1070 4803 Ξ.
1094 4745 1267 4802 νενίκανται·
1293 4752 1404 4802 tantum
1424 4766 1570 4806 numerum
