3406 5378
247 312 310 375 126
720 309 869 361 erxnasu
886 309 1053 361 sermon.

338 478 462 537 Carmen
491 474 646 553 egregium
673 494 740 534 cum
772 476 804 533 in
836 475 962 551 privatis
993 475 1080 534 rehus
1110 477 1140 535 at
1170 475 1376 534 simultatibus
1407 477 1521 536 aulicae

247 569 328 627 vitae
351 569 499 641 versetur,
527 565 625 622 multa
652 563 743 623 habat
766 565 900 625 obscura.
946 563 1087 640 Inprimis
1110 564 1222 623 Ixionis
1245 565 1349 623 fabula
1373 567 1522 641 quomodo

245 677 312 716 cum
336 657 513 733 argumento
536 653 676 712 carminis
699 657 730 712 et
751 657 857 729 poetae
881 653 1005 713 consilio
1025 654 1191 731 cohaereat,
1211 653 1272 712 iam
1289 656 1404 713 veteres
1424 675 1522 732 gram-

247 746 372 805 maticos
392 743 574 821 quaesivisse
594 741 706 800 scholia
725 743 763 800 ad
782 763 808 802 r.
824 753 858 800 39
878 742 992 801 docent
1027 741 1068 800 Ut
1087 742 1166 801 enim
1184 743 1271 801 Locri
1295 743 1375 819 quod
1399 743 1522 803 Hieroni

245 835 377 894 debitam
400 832 531 910 gratiam
553 832 695 907 referunt,
718 834 797 890 recta
820 831 932 890 ixionis
955 834 1115 907 praecepto
1140 831 1276 890 oboedire
1301 832 1450 909 dicuntur,
1478 832 1522 890 ita

245 943 352 1000 parum
376 922 480 998 liquet,
504 939 557 979 cur
579 918 668 978 istius
689 921 808 997 scelera,
828 939 955 996 quorum
974 919 1062 979 Locri
1081 922 1160 979 certe
1179 920 1326 979 immunes
1345 925 1438 998 erant,
1459 925 1521 979 tam

244 1014 309 1072 fuse
332 1014 422 1088 poeta
445 1008 592 1069 tractarit.
625 1008 725 1084 Atque
750 1009 831 1085 quod
849 1011 964 1068 veteres
987 1009 1176 1087 grammatici
1195 1010 1385 1085 Bacchylidis
1409 1011 1519 1069 calum-

245 1102 311 1160 nias
334 1104 365 1159 at
388 1098 578 1158 dicacitatem
601 1098 684 1172 carpi
707 1098 823 1173 opinati
846 1100 925 1176 sunt,
949 1097 980 1156 id
1003 1117 1099 1172 neque
1118 1098 1218 1173 ipsum
1237 1099 1313 1157 satis
1333 1100 1521 1175 exploratum

246 1194 291 1249 ast
309 1208 405 1265 nequa
424 1188 463 1246 ad
482 1186 695 1264 digressionem
712 1187 803 1245 istam
821 1187 1028 1262 explicandam
1046 1188 1177 1245 multum
1196 1188 1286 1246 valet.
1315 1187 1401 1257 Quod
1420 1191 1521 1246 autam

246 1278 412 1338 Boeckhius
431 1275 718 1351 Hieronem-ipsum,
733 1276 814 1350 quod
832 1275 956 1334 fratrem
974 1275 1148 1350 Polyzelum
1165 1276 1280 1334 invidia
1293 1282 1522 1352 persequeretur

246 1371 277 1427 at
290 1368 490 1443 Damaratam,
509 1383 632 1423 uxorem
650 1364 762 1423 mortui
777 1363 906 1441 GeloniS,
926 1363 1155 1441 concupisceret,
1175 1365 1304 1443 imagine
1319 1365 1430 1424 Ixionis
1444 1368 1521 1424 tecte

246 1456 332 1535 tangi
358 1455 491 1532 putavit,
519 1453 550 1512 id
577 1470 698 1528 prorsus
726 1472 745 1511 a
772 1455 882 1511 natura
910 1453 1035 1513 encomii
1064 1456 1095 1511 et
1121 1454 1239 1529 reliqua
1267 1455 1352 1530 parte
1381 1455 1520 1514 carminis

246 1545 412 1620 abhorrere,
436 1545 624 1602 Hermannus
648 1560 747 1617 opusc.
767 1560 810 1600 vu
832 1552 881 1600 117
905 1546 935 1600 et
958 1541 1153 1620 huchbertus,
1178 1543 1222 1601 De
1246 1542 1369 1601 Pindari
1392 1543 1522 1603 carmina

246 1633 372 1709 Pythico
397 1632 534 1708 secundo,
557 1631 980 1706 Kiliae1880exposuernnt.
1018 1631 1077 1689 Sed
1098 1651 1135 1690 ne
1159 1631 1219 1689 illis
1239 1632 1368 1708 quidem,
1392 1633 1445 1708 qui
1469 1636 1523 1690 aut

245 1722 429 1781 Anaxilaum
447 1725 610 1796 tyrannum
628 1711 848 1801 (Hermannus)
863 1723 917 1778 aut
935 1719 1014 1779 cives
1033 1719 1191 1780 seditiosos
1210 1721 1414 1796 Syracusanos
1433 1714 1523 1799 (Mez-

247 1832 299 1890 ger
322 1811 353 1869 in
377 1811 483 1870 Philol.
503 1827 585 1867 xxxv
604 1819 656 1866 430
672 1799 733 1888 sa),
757 1812 812 1865 aut
834 1809 951 1883 plebem
970 1786 1142 1868 Thebanam
1163 1808 1360 1886 optimatibus
1383 1809 1524 1869 infestam

247 1893 352 1982 (Leop.
377 1898 512 1958 Schmidt
538 1897 623 1957 Pind.
646 1897 715 1955 Leh.
741 1907 791 1954 194
816 1889 868 1978 ss.)
898 1897 1009 1956 Ixionis
1040 1898 1170 1977 imagine
1200 1898 1335 1958 vellicari
1365 1900 1523 1976 putarunt,

247 2008 333 2047 suam
357 1988 535 2047 sententiam
558 1986 631 2046 satis
654 1985 780 2062 probare
803 1985 937 2064 contigit.
984 1986 1050 2056 Qua
1073 1988 1109 2046 de
1133 2006 1223 2047 causa
1246 1987 1321 2045 nihil
1345 2007 1400 2065 ego
1424 2007 1525 2047 recon-

248 2078 305 2137 diti
327 2077 358 2135 in
381 2077 435 2135 illa
458 2077 562 2135 fabula
585 2075 789 2152 quaerendum
812 2093 875 2134 esse
898 2079 983 2135 ratus
1007 2076 1183 2153 Pindarum,
1208 2077 1289 2153 quod
1312 2075 1448 2134 fabulam
1473 2077 1524 2136 ho·

247 2166 378 2226 minibus
401 2166 548 2224 miracula
572 2163 713 2222 audiendi
737 2163 833 2223 avidis
852 2167 971 2242 gratam
989 2169 1020 2223 et
1038 2165 1076 2223 ab
1095 2165 1163 2224 aliis
1182 2164 1315 2224 nondum
1334 2165 1524 2223 decantatam

248 2255 369 2333 longius
392 2257 566 2330 persecutus
589 2255 643 2330 est,
666 2255 825 2328 poetarum
847 2253 999 2312 communi
1021 2253 1085 2313 iure
1108 2272 1198 2313 usum
1221 2273 1284 2313 esse
1308 2254 1413 2312 sentio.

793 2407 837 2471 Da
860 2407 982 2472 matris.

339 2522 420 2582 Odaa
439 2521 529 2580 huius
548 2520 803 2598 splendidissimae
822 2521 965 2596 pleraque
984 2521 1050 2579 cola
1069 2523 1140 2579 sunt
1159 2520 1340 2599 logaoedica,
1361 2519 1405 2578 ita
1424 2523 1525 2579 tamen

248 2614 428 2689 temperata,
456 2614 492 2670 ut
519 2610 657 2669 anacrusi
685 2609 786 2669 crebro
814 2608 978 2684 praemissa
1001 2611 1032 2669 et
1055 2609 1195 2668 admixtis
1217 2609 1343 2685 pedihus
1366 2609 1525 2668 trochaicis

251 2701 508 2778 anapaesticisque
523 2699 701 2759 concitatior
714 2716 819 2757 cursus
833 2717 1025 2757 numerorum
1044 2698 1144 2758 factus
1162 2699 1210 2757 sit.
1239 2698 1297 2757 Pro
1312 2698 1394 2757 brevi
1409 2699 1526 2774 syllaba

249 2791 393 2850 iambicae
417 2788 554 2866 dipodiae
578 2807 681 2847 versus
700 2787 800 2863 quinti
818 2787 905 2862 epodi
924 2790 1028 2846 contra
1046 2806 1158 2846 morem
1177 2787 1276 2865 semel,
1295 2808 1323 2848 v.
1341 2797 1385 2865 45,
1404 2787 1525 2865 longam

249 2880 397 2956 positione
425 2877 573 2954 syllabam
599 2878 690 2952 poeta
713 2874 841 2936 admisit.
888 2876 1075 2951 Tetrapodiis
1098 2876 1246 2953 tripediae
1270 2877 1389 2936 crebrae
1413 2875 1525 2934 admix-

249 2973 298 3028 tae
323 2971 402 3044 sunt,
425 2986 521 3042 neque
546 2965 642 3023 solum
665 2965 696 3022 in
720 2964 776 3023 fine
800 2983 912 3042 versus,
935 2968 971 3023 ut
990 2968 1040 3024 str.
1062 2977 1084 3025 1.
1106 2977 1130 3023 2.
1151 2977 1174 3024 6.
1195 2985 1239 3041 ep.
1260 2977 1284 3043 2,
1311 2964 1361 3024 sed
1385 2965 1477 3024 etiam
1495 2965 1526 3022 in

249 3057 348 3116 media
375 3060 406 3115 et
433 3055 543 3113 initiali
569 3057 654 3130 parte
683 3072 798 3130 varsus3
827 3072 931 3113 aarum
958 3055 1122 3114 nonnullae
1150 3055 1262 3113 initiali
1290 3055 1407 3130 syllaba
1435 3054 1526 3132 longa

253 3146 371 3224 longius
394 3145 541 3220 producta
562 3135 628 3222 (atr.
648 3154 672 3202 5.
692 3154 716 3201 6.
736 3153 760 3200 8.
784 3163 830 3218 ep.
851 3133 880 3222 7)
899 3143 947 3218 rel
971 3143 1099 3203 iambica
1123 3144 1262 3203 anacrusi
1286 3147 1370 3202 extra
1394 3143 1527 3201 ordinem

250 3235 350 3311 posita
368 3226 436 3314 (str.
457 3245 480 3291 7.
505 3252 549 3307 ep.
570 3224 601 3313 6)
619 3232 763 3291 removeri
782 3235 921 3307 possunt,
945 3235 1060 3293 ceterae
1084 3237 1188 3291 utrum
1211 3233 1348 3292 ferendae
1373 3251 1411 3290 an
1435 3232 1526 3290 auda·

251 3324 380 3383 cion'hus
403 3321 541 3381 remediis
564 3321 714 3380 tollendae
738 3321 807 3398 sint,
831 3324 866 3379 ut
889 3321 919 3378 in
939 3322 1026 3397 epodi
1044 3322 1180 3381 versibus
1198 3323 1295 3398 primo
1315 3324 1345 3380 et
1363 3321 1452 3379 tertio
1472 3321 1527 3378 hac

251 3412 404 3473 scansione

675 3516 747 3542 ..υυ
774 3534 791 3543 -
818 3507 889 3543 uh.
908 3535 926 3544 -
952 3517 1025 3544 υ.·.υ
1051 3518 1069 3544 υ
1097 3536 1113 3544 -

676 3583 710 3632 νιν
729 3606 747 3632 υ
765 3606 801 3632 ..U
818 3606 836 3632 υ
853 3583 889 3632 ¹.ss
908 3623 925 3631 -
952 3606 971 3632 υ
997 3611 1015 3632 Δ
1041 3607 1060 3633 υ
1087 3624 1104 3633 .-

252 3679 390 3756 aquidem
413 3678 443 3736 in
467 3678 565 3737 medio
588 3677 734 3753 relinquo.
1297 3721 1299 3729 .

341 3769 467 3826 Carmen
495 3767 643 3843 quomodo
667 3769 823 3826 cantatum
846 3784 908 3825 esse
933 3766 1113 3840 iudicemus,
1136 3785 1170 3824 ax
1194 3763 1440 3839 interpretatione
1464 3784 1528 3823 ver·

253 3876 341 3917 suum
365 3868 467 3916 (tt—71
492 3858 610 3932 pendat.
655 3856 778 3914 Veteres
806 3854 885 3913 enim
913 3855 1102 3932 grammatici
1125 3854 1288 3912 Pindarum
1313 3854 1372 3912 dno
1396 3854 1529 3912 carmina

253 3947 367 4005 misisse
398 3948 583 4022 statuerunt,
616 3946 671 4004 hoc
694 3962 811 4003 carmen
835 3943 1009 4022 epinicium,
1040 3944 1121 4020 quod
1144 3947 1179 4001 ut
1202 3944 1313 4001 faceret
1335 3942 1467 4001 mercede
1491 3941 1528 4000 ab

252 4036 381 4095 Hierone
412 4034 576 4094 conductus
606 4032 725 4110 fuisset,
758 4035 788 4092 et
811 4032 940 4092 alterum
971 4032 1172 4109 hyporchema
1195 4023 1419 4111 (Καστόρειον),
1449 4031 1528 4106 quod

253 4125 348 4203 gratis
367 4124 536 4182 addidisset.
570 4121 682 4181 Contra
700 4121 868 4181 Boeckhius
887 4125 918 4180 et
937 4121 1054 4181 Gratius
1074 4115 1124 4202 (de
1144 4121 1325 4181 Graecorum
1344 4123 1480 4178 veterum
1498 4139 1529 4177 re

252 4214 367 4273 musica
390 4233 417 4288 p.
434 4205 539 4292 63-5)
559 4210 735 4270 Castoreum
757 4210 833 4269 illud
856 4229 974 4269 carmen
997 4202 1038 4291 (r.
1059 4204 1107 4291 69)
1132 4210 1169 4268 ab
1192 4210 1247 4268 boc
1271 4213 1373 4268 nostro
1398 4208 1528 4267 carmina

254 4304 405 4362 diversum
428 4301 521 4359 l'uisse
545 4303 665 4378 negant,
684 4300 762 4358 unde
782 4318 859 4374 quae
879 4299 914 4357 de
933 4299 1015 4358 illius
1035 4303 1127 4358 cantu
1145 4302 1235 4374 pcata
1254 4318 1300 4357 vv.
1321 4309 1424 4356 lla—71
1446 4316 1529 4373 prae·

256 4392 357 4468 cipiat,
381 4389 496 4448 adhoc
521 4392 656 4448 nostrum
674 4408 796 4448 carmen
821 4388 983 4464 epinicium
1006 4388 1151 4447 trahenda
1178 4387 1247 4445 sint.
1294 4386 1428 4456 Quonim
1452 4385 1529 4445 viro-

254 4500 321 4538 rum
343 4480 368 4537 si
387 4497 457 4538 vera
477 4481 522 4537 ast
541 4478 698 4554 sententia,
721 4477 1000 4554 hyparchemnticus
1024 4477 1129 4537 modus
1149 4477 1240 4534 huius
1263 4475 1384 4551 epinicii
1407 4475 1475 4551 fuit,
1495 4480 1531 4531 ut

254 4569 383 4628 Hierone
407 4567 515 4627 fidibus
539 4568 717 4644 succinente,
741 4569 876 4626 cantores
900 4570 1035 4626 cantasse
1055 4566 1205 4641 simulque
1224 4565 1331 4624 chorus
1351 4563 1530 4639 tripudiasse

255 4657 383 4734 putandi
406 4657 474 4716 sint.
516 4659 653 4716 Alterum
678 4656 842 4733 quaeritur,
865 4659 968 4715 utrum
990 4655 1108 4732 publice
1128 4675 1167 4714 an
1185 4655 1265 4711 intra
1283 4652 1412 4728 parietes
1431 4651 1531 4727 regiae
1568 4708 1572 4717 ,

255 4749 342 4807 aulae
370 4765 488 4806 carmen
516 4750 670 4807 cantatum
698 4745 746 4806 sit.
791 4745 892 4820 Atque
921 4750 983 4804 tam
1012 4745 1147 4821 privatae
1171 4762 1217 4802 res
1240 4743 1269 4800 in
1295 4762 1329 4802 eo
1353 4743 1531 4816 tractantur,
