3406 5378
611 397 837 448 FRAGMENTA.

481 774 500 799 ὲ
571 796 587 804 -
661 777 899 804 ,ιω-υκ-

433 950 574 1033 Χάριτάς
597 949 625 1014 τ’
649 948 870 1033 Ἀφροδισίων
893 949 1040 1032 ἐρώτων,

308 1059 396 1141 ὄφρα
420 1060 484 1121 σὺν
508 1058 657 1144 Χειμάρῳ
681 1058 817 1141 μεθύων
837 1055 1006 1139 Ἀγάθωνί
1026 1079 1059 1120 τε
1082 1056 1193 1139 βάλλω

308 1166 469 1246 κότταβον

715 1302 748 1356 X.

621 1411 841 1477 οΡΗΝοΙ.
901 1365 904 1369 ’

596 1545 665 1602 129.
697 1545 759 1602 130
788 1535 868 1623 [95].

156 2290 248 2351 Τοῖσι
273 2286 390 2370 λάμπει
414 2282 474 2369 μὲν
496 2285 594 2370 μένος
617 2285 729 2352 ἀελίου
754 2287 814 2350 τὰν
839 2284 959 2350 ἐνθάδε
983 2286 1086 2349 νύκτα
1110 2284 1212 2365 κάτω,
1291 2289 1370 2369 Στρ.

151 2394 399 2476 φοινικορόδοις
422 2390 448 2457 τ’
477 2390 527 2456 ἐνὶ
551 2393 744 2476 λειμώνεσσι
767 2393 947 2477 προάστιον
970 2392 1081 2456 αὐτῶν

151 2498 204 2563 καί
229 2497 353 2585 λιβάνῳ
377 2499 515 2584 σκιαρὸν
539 2497 592 2563 καλ
616 2497 768 2584 χρυσέοις
790 2511 928 2585 καρποῖς
951 2501 1117 2584 βεβριθός.

152 2604 205 2669 καί
230 2603 280 2670 τοὶ
303 2602 363 2690 μὲν
385 2606 498 2682 ἵπποις
521 2609 716 2689 γυμνασίοις
740 2628 788 2688 τε,
812 2604 863 2670 τοί
886 2602 922 2669 δὲ
945 2616 1092 2686 πεσσοῖς,

116 2711 203 2776 στολ
226 2709 262 2777 δὲ
286 2715 504 2797 φορμίγγεσσι
528 2710 716 2795 τέρπονται,
740 2714 828 2797 παρὰ
853 2713 888 2775 δε
912 2728 1030 2796 σφισιν
1052 2711 1147 2776 εὐαν-

208 2822 273 2904 θὴς
297 2820 381 2895 άπας
404 2816 544 2884 τέθαλεν
567 2821 677 2902 όλβος·

151 2926 237 3010 όδμδι
260 2924 288 2989 δ’
318 2925 436 3011 ε’ρατὸν
458 2927 539 2990 κατὰ
562 2937 672 3011 χῶρον
694 2926 846 2991 κίδναται

154 3030 218 3097 αίεὶ
240 3034 310 3098 θύα
333 3033 524 3116 μιγνύντων
546 3031 628 3118 πυρί
652 3038 830 3119 τηλεφανεῖ
849 3044 989 3098 παντοῖιι
1012 3039 1102 3098 θεῶν
1126 3030 1177 3096 ἐπὶ
1200 3035 1331 3115 βωμοῖς.

642 3144 658 3178 ἡ
809 3144 825 3178 ss

726 3185 742 3219 *

151 3244 273 3311 ’Ένθεν
297 3248 355 3310 τὸν
378 3247 514 3331 ἄπειρον
539 3245 730 3331 ἐρεύγονται
753 3249 871 3311 σκότον
1211 3243 1372 3331 Ἀντιστρ.

154 3351 293 3439 βληχροὶ
316 3354 481 3437 δνοφερᾶς
505 3353 624 3428 νυκτὸς
646 3356 790 3437 ποταμοί
811 3405 817 3416 .
842 3402 849 3416 .
874 3405 880 3415 .
905 3402 912 3416 .

103 3564 154 3631 εἴη
174 3568 229 3618 κτλ.
266 3564 344 3616 Idem
363 3563 524 3630 xn1561B3
551 3563 632 3618 scolii
655 3581 715 3618 esse
738 3580 833 3618 versus
858 3563 999 3619 sententia
1022 3565 1051 3617 el
1074 3562 1181 3618 numeri
1201 3566 1323 3635 arguunt
1341 3596 1374 3604 -

101 3642 124 3689 1.
145 3636 207 3689 fort.
228 3634 376 3702 έρῶντι-
397 3641 421 3689 2.
440 3636 565 3705 ἀριθμοῦ
585 3638 634 3688 aul
653 3635 810 3689 eiciendum
829 3640 879 3690 aut
901 3635 930 3688 in
954 3633 1044 3703 έάρων
1063 3635 1118 3702 (vel
1137 3634 1181 3690 έτέ
1181 3637 1230 3704 ων)
1249 3636 1374 3705 ἀριθμοῦ

99 3706 145 3760 vel
164 3706 303 3774 νεοθαλής
321 3705 587 3760 οωσιιδεωδοωλ
544 3710 594 3760 est.

172 3777 215 3830 F.r
236 3783 294 3831 128.
332 3778 433 3832 Athen.
452 3797 470 3830 x
488 3778 586 3833 4211)·
606 3778 659 3831 Διὸ
677 3776 772 3831 καλ
742 3798 778 3831 τα
797 3776 893 3831 σκολιὰ
912 3776 1071 3847 καλούμενα
1089 3776 1155 3847 μέλη
1174 3786 1231 3832 τῶν
1249 3775 1374 3867 ἀρχαίων

100 3858 223 3916 ποιητῶν
242 3848 332 3917 πλήρη
352 3856 399 3916 (sc.
398 3848 618 3975 κοττάβου)
586 3846 657 3903 ἐστι’
677 3846 792 3918 λέγωδ’
814 3843 875 3903 οἷον
894 3849 939 3902 καλ
962 3847 1103 3917 Πίνδαρος
1120 3846 1269 3917 πεποίηκε·
1289 3847 1373 3917 Χάρι-

100 3941 151 3983 τας
165 3924 268 3973 κτλ-
237 3918 446 4010 -χειμαμολρῳ
459 3936 492 3973 (ιο
523 3919 660 3990 ,Χιμάρω
674 3919 814 3991 Bergk-
782 3938 858 3975 -τε
872 3919 977 3988 Bergk:
997 3919 1027 3973 δὲ
1042 3919 1169 3973 coddoe
1140 3920 1277 3992 -βάλλοο
1292 3920 1374 3974 metri

101 4007 187 4045 causa
206 3990 319 4061 scripsi:
340 3989 414 4063 βάλοι
429 3976 523 4060 ’,οοδδ
542 3996 617 4064 καλῷ
635 3976 735 4061 Bergk

172 4063 248 4116 Inter
267 4061 355 4117 aeolia
373 4064 518 4131 praeterea
538 4048 683 4117 referenda
702 4079 761 4116 esse
780 4062 877 4117 vident
865 4067 912 4117 tur
929 4063 960 4117 fr.
983 4067 1042 4116 187
1063 4067 1120 4115 21.ss

172 4134 215 4188 Fr.
232 4139 291 4187 129.
320 4132 392 4188 Plut.
408 4151 482 4188 cons.
498 4135 534 4187 ad
548 4135 639 4223 Apoll.
655 4150 693 4190 σο·
713 4131 820 4204 λέγεται
839 4134 878 4188 δὲ
890 4134 944 4188 ὑπὸ
963 4133 1014 4204 μὲν
1032 4141 1082 4187 τοῦ
1101 4137 1213 4202 μελικοῦ
1229 4130 1375 4201 Πινδάρου

101 4206 180 4259 ταυτὶ
198 4206 262 4273 περὶ
280 4214 336 4260 τῶν
355 4206 476 4278 εὐσεβῶν
495 4206 525 4261 ἐν
544 4203 629 4279 ἅδον
653 4213 767 4260 τοῖσι.
815 4208 1014 4294 βωμοῑς-
1034 4205 1078 4259 l'r.
1099 4211 1149 4259 119
1169 4206 1199 4258 et
1219 4210 1268 4257 130
1287 4203 1375 4257 libere

100 4276 194 4330 reddit
221 4276 294 4331 Plut.
320 4277 353 4330 de
382 4277 490 4331 occulte
508 4262 563 4331 viv
583 4286 725 4333 κενοῖσι
753 4250 876 4346 λάμπει
904 4274 1003 4347 μένος
1030 4273 1198 4331 ἀελίου
1165 4296 1228 4330 ταν
1247 4273 1376 4330 ἐνθάδε

101 4348 207 4401 νύκτα
226 4347 314 4402 κάτω
333 4346 595 4416 φοινικορόδιαὶ
613 4367 646 4402 τε
666 4353 838 4417 λειμῶνες,
856 4349 911 4401 καί
929 4356 1039 4402 τοῖσιν
1058 4346 1220 4435 ἀκάρπων
1238 4344 1299 4416 μὲν
1317 4347 1375 4401 άν-

101 4423 219 4487 θηρῶν
242 4420 298 4473 καλ
322 4417 473 4474 σκυθίων
493 4419 643 4486 δένδρων
663 4420 787 4473 ἄνθεσι
809 4419 955 4487 τεθηλὸς
977 4417 1217 4473 ἀναπεπταται
1241 4417 1376 4485 πεδίον,

101 4491 158 4543 καὶ
177 4487 324 4582 ποταμοί
342 4509 433 4554 τινες
452 4490 682 4545 άκλυστοικαλ
696 4495 783 4545 λεῖοι
798 4489 997 4559 διαρρέουσι
1011 4491 1068 4544 καλ
1082 4488 1295 4575 διατριβὰς”
1279 4503 1375 4560 έχου-

101 4579 155 4616 σιν
175 4561 209 4616 έν
228 4561 375 4631 μνήμαις
393 4562 449 4615 καλ
468 4560 581 4631 λόγοις
599 4571 663 4616 τῶν
682 4560 872 4632 γεγονότων
890 4563 947 4615 καλ
967 4560 1072 4615 ὄντων
1090 4559 1377 4653 παραπέμποντες

101 4629 177 4701 (πέρι
190 4631 337 4701 τέρποντες
351 4649 401 4686 em
414 4633 592 4700 Herwerden1
607 4635 731 4696 αὐτούς
750 4634 807 4686 καλ
825 4630 992 4696 συνόντες.
1012 4632 1080 4700 ἡδὲ
1099 4630 1192 4701 τρίτη
1212 4642 1277 4687 τῶν
1296 4633 1375 4686 άνο-

102 4706 180 4767 σιως
200 4702 411 4793 βεβιωκότων
431 4705 488 4757 καλ
506 4704 714 4792 παρανόμων
733 4701 812 4766 ὁδός
831 4703 932 4772 έστιν,
953 4704 1000 4767 είς
1020 4702 1137 4776 ἔρεβός
1155 4702 1375 4775 τικαλβάρα-

100 4779 189 4844 θρον
208 4776 344 4829 ὠθοῦσα
363 4774 421 4837 τὰς
439 4774 562 4844 φυγάς,
583 4776 686 4830 ἔνθεν
705 4775 800 4829 τὸν
783 4794 925 4842 απειρον
945 4774 1146 4845 ἐρεύγονται
1162 4772 1285 4829 σκότον
1299 4776 1375 4846 βλη-

102 4844 671 4917 χρολδνοφερᾶςνυκτδςποταμοί,
686 4844 868 4917 δεχόμενοι
887 4846 1373 4918 καλάποκρύπτοντεςάγνοίᾳ
