3406 5378
823 1139 966 1193 onrun.
985 1137 1021 1192 1'.

315 1300 756 1386 ΑΓΗΣΙΔΑΜῼ,
794 1300 1045 1385 nosrta
1082 1296 1536 1383 ΕΠΙΖΕΦΥΡΙΩι

789 1496 889 1545 ΠΑΙΔΙ
912 1495 1058 1545 ΠΤΚΤΗι.

834 1796 1011 1865 strophae.

834 1904 871 1966 Ψ.
888 1932 907 1956 υ
933 1910 965 1954 -v‘

379 3658 577 3736 Agesidamns
605 3659 793 3719 Archestrati
822 3659 903 3717 filius
933 3660 1046 3718 Locrus
1077 3658 1292 3734 Epizephyrius
1322 3659 1463 3736 pugilatu
1492 3676 1569 3734 puer

291 3745 336 3806 Ol.
355 3750 395 3806 74
411 3772 452 3794 =
468 3750 532 3807 484
551 3767 577 3806 a.
593 3748 659 3807 Chr.
678 3749 709 3807 in
730 3748 849 3808 scholiis
863 3747 1028 3824 Vaticanis
1047 3745 1093 3806 01.
1111 3750 1150 3808 76
1171 3773 1212 3794 --
1233 3750 1297 3807 476
1318 3766 1344 3806 a.
1360 3747 1426 3807 Chr.
1446 3747 1478 3806 in
1495 3746 1568 3805 Am-

288 3836 436 3896 brosianis
460 3829 517 3917 (A)
540 3837 644 3896 vicisse
668 3837 848 3913 perhibetur.
895 3836 972 3896 Utra
993 3836 1118 3897 traditio
1141 3855 1212 3895 vera
1240 3837 1280 3896 sit
1306 3840 1385 3896 certe
1409 3835 1569 3894 diiudicari

289 3946 349 3986 non
372 3928 480 4004 potest,
504 3926 592 3985 altari
616 3929 717 3985 autem
741 3930 772 3986 et
795 3926 890 3986 maior
912 3925 984 3985 fides
1008 3926 1116 3985 codicis
1134 3925 1325 3986 Ambrosiani
1344 3927 1428 3984 favet
1453 3928 1483 3984 et
1503 3925 1568 3983 lau-

290 4016 372 4074 datio
395 4015 519 4074 bellicae
543 4015 666 4075 virtutis
689 4016 852 4076 Locrorum
871 4035 897 4075 v.
915 4027 948 4074 15
966 4017 1056 4092 facta,
1076 4034 1153 4091 quae
1177 4015 1203 4073 si
1227 4016 1264 4074 ad
1283 4014 1425 4074 Anaxilai
1447 4014 1570 4091 tyramri

290 4123 374 4163 arma
389 4123 407 4162 a
421 4104 524 4163 Locris
541 4103 652 4163 reiecto
667 4095 719 4183 (cf.
734 4105 766 4165 P.
782 4124 803 4161 ιι
820 4096 868 4185 19)
882 4106 1007 4182 spectet,
1026 4105 1082 4163 hoo
1105 4123 1223 4163 cannen
1247 4108 1316 4180 post
1339 4123 1451 4163 annum
1471 4098 1566 4179 477s¹6

292 4194 438 4269 scriptum
466 4193 506 4251 sit
532 4212 649 4253 necesse
678 4197 730 4253 est.
778 4193 968 4269 Quamquam
995 4194 1073 4252 onim
1104 4193 1183 4252 inter
1209 4193 1366 4253 victoriam
1394 4192 1568 4271 Agesidami

290 4284 321 4340 et
339 4282 531 4358 praeconium
550 4282 614 4340 eius
632 4283 688 4343 hoc
707 4283 837 4342 carmine
856 4283 970 4342 fuctum
990 4283 1181 4358 aliquantum
1204 4283 1347 4358 temporis
1370 4282 1569 4357 interlapsum

291 4390 354 4431 esse
378 4391 413 4430 ex
437 4370 523 4429 initio
547 4372 686 4430 carminis
711 4372 816 4449 elucet,
840 4376 940 4431 tamon
963 4372 1092 4430 immane
1116 4376 1162 4431 cst
1185 4374 1317 4431 statuere
1337 4371 1416 4429 ludis
1435 4369 1569 4446 Olympi·

291 4460 333 4520 cis
356 4459 479 4519 tertium
502 4460 707 4537 redeuntibuS,
738 4461 756 4519 i.
781 4482 805 4520 e.
830 4464 896 4520 octo
925 4461 1010 4519 annis
1034 4465 1194 4537 postquam
1217 4466 1306 4537 parta
1329 4461 1380 4537 sit,
1412 4459 1569 4519 victoriam

292 4549 494 4626 praedicatam
522 4568 593 4609 esse.
640 4549 750 4620 Quodsi
776 4570 802 4609 a.
823 4553 886 4610 476
910 4550 965 4609 hoc
988 4570 1107 4609 carmon
1130 4551 1245 4610 factum
1268 4553 1326 4627 est,
1355 4569 1414 4609 non
1437 4550 1526 4626 longo
1551 4568 1569 4607 a

291 4644 424 4716 tempore
443 4639 608 4698 carminum
628 4637 662 4698 0.
677 4658 711 4697 111
726 4643 757 4699 et
772 4638 805 4699 Ο.
820 4658 840 4717 ι,
860 4658 937 4715 quae
960 4640 990 4697 in
1015 4639 1106 4699 simili
1130 4640 1253 4699 materie
1277 4641 1443 4716 versantur,
1467 4637 1569 4696 distat.

291 4730 355 4789 Hoo
384 4734 485 4788 autem
512 4728 585 4787 bene
614 4729 644 4787 in
672 4731 768 4788 artem
799 4728 922 4787 Pindari
955 4729 1098 4806 quadrat,
1127 4748 1216 4804 quem
1244 4729 1275 4786 in
1303 4728 1484 4789 carminibus
1512 4727 1568 4787 sub
