<?xml version="1.0" encoding="UTF-8"?>
<!DOCTYPE html PUBLIC "-//W3C//DTD XHTML 1.0 Transitional//EN"
    "http://www.w3.org/TR/xhtml1/DTD/xhtml1-transitional.dtd">
<html xmlns="http://www.w3.org/1999/xhtml" xml:lang="en" lang="en">
 <head>
  <title>
</title>
<meta http-equiv="Content-Type" content="text/html;charset=utf-8" />
  <meta name='ocr-system' content='tesseract 3.04.00' />
  <meta name='ocr-capabilities' content='ocr_page ocr_carea ocr_par ocr_line ocrx_word'/>
</head>
<body>
  <div class='ocr_page' id='page_1' title='image "./pindaricarminap00pindgoog_0166.png"; bbox 0 0 3406 5378; ppageno 0'>
   <div class='ocr_carea' id='block_1_1' title="bbox 727 1298 910 1351">
    <p class='ocr_par' dir='ltr' id='par_1_1' title="bbox 727 1298 910 1351">
     <span class='ocr_line' id='line_1_1' title="bbox 727 1298 910 1351; baseline -0.011 -2"><span class='ocrx_word' id='word_1_1' title='bbox 727 1298 869 1351; x_wconf 80' lang='grc' dir='ltr'><strong>ΟΛΤΜΠ.</strong></span> <span class='ocrx_word' id='word_1_2' title='bbox 888 1299 910 1347; x_wconf 88' lang='grc' dir='ltr'>Β</span> 
     </span>
    </p>
   </div>
   <div class='ocr_carea' id='block_1_2' title="bbox 422 1458 1238 1543">
    <p class='ocr_par' dir='ltr' id='par_1_2' title="bbox 422 1458 1238 1543">
     <span class='ocr_line' id='line_1_2' title="bbox 422 1458 1238 1543; baseline 0 0"><span class='ocrx_word' id='word_1_3' title='bbox 422 1458 688 1543; x_wconf 84' lang='grc' dir='ltr'>ΘΗΡΩΝΙ</span> <span class='ocrx_word' id='word_1_4' title='bbox 721 1458 1238 1543; x_wconf 67' lang='grc' dir='ltr'><strong>ΑΚΡΑΓΑΝΤΙΝΩι</strong></span> 
     </span>
    </p>
   </div>
   <div class='ocr_carea' id='block_1_3' title="bbox 756 1654 898 1706">
    <p class='ocr_par' dir='ltr' id='par_1_3' title="bbox 756 1654 898 1706">
     <span class='ocr_line' id='line_1_3' title="bbox 756 1654 898 1706; baseline 0.021 -3"><span class='ocrx_word' id='word_1_5' title='bbox 756 1654 898 1706; x_wconf 78' lang='grc' dir='ltr'><strong>ΑΡΜΑΤΙ.</strong></span> 
     </span>
    </p>
   </div>
   <div class='ocr_carea' id='block_1_4' title="bbox 738 1953 914 2024">
    <p class='ocr_par' dir='ltr' id='par_1_4' title="bbox 738 1953 914 2024">
     <span class='ocr_line' id='line_1_4' title="bbox 738 1953 914 2024; baseline 0.006 -17"><span class='ocrx_word' id='word_1_6' title='bbox 738 1953 914 2024; x_wconf 74' lang='lat' dir='ltr'><strong>strophae.</strong></span> 
     </span>
    </p>
   </div>
   <div class='ocr_carea' id='block_1_5' title="bbox 186 3716 1465 4952">
    <p class='ocr_par' dir='ltr' id='par_1_5' title="bbox 186 3716 1465 4952">
     <span class='ocr_line' id='line_1_5' title="bbox 276 3716 1465 3796; baseline 0.003 -20"><span class='ocrx_word' id='word_1_7' title='bbox 276 3717 373 3778; x_wconf 83' lang='lat' dir='ltr'><strong>Thero</strong></span> <span class='ocrx_word' id='word_1_8' title='bbox 406 3717 592 3778; x_wconf 88' lang='lat' dir='ltr'><strong>Aenesidemi</strong></span> <span class='ocrx_word' id='word_1_9' title='bbox 629 3716 710 3775; x_wconf 88' lang='lat' dir='ltr'><strong>filius</strong></span> <span class='ocrx_word' id='word_1_10' title='bbox 747 3717 976 3796; x_wconf 81' lang='lat' dir='ltr'><strong>Agrigentinus,</strong></span> <span class='ocrx_word' id='word_1_11' title='bbox 1014 3718 1099 3776; x_wconf 87' lang='lat' dir='ltr'><strong>ouius</strong></span> <span class='ocrx_word' id='word_1_12' title='bbox 1135 3718 1293 3778; x_wconf 83' lang='lat' dir='ltr'><strong>victoriam</strong></span> <span class='ocrx_word' id='word_1_13' title='bbox 1329 3719 1465 3779; x_wconf 79' lang='lat' dir='ltr'><strong>curulem</strong></span> 
     </span>
     <span class='ocr_line' id='line_1_6' title="bbox 189 3805 1463 3887; baseline 0.001 -22"><span class='ocrx_word' id='word_1_14' title='bbox 189 3805 376 3883; x_wconf 79' lang='lat' dir='ltr'><strong>Olympicum</strong></span> <span class='ocrx_word' id='word_1_15' title='bbox 400 3807 548 3865; x_wconf 81' lang='lat' dir='ltr'><strong>Pindarus</strong></span> <span class='ocrx_word' id='word_1_16' title='bbox 571 3806 687 3885; x_wconf 87' lang='lat' dir='ltr'><strong>duabus</strong></span> <span class='ocrx_word' id='word_1_17' title='bbox 712 3806 776 3866; x_wconf 90' lang='lat' dir='ltr'><strong>odis</strong></span> <span class='ocrx_word' id='word_1_18' title='bbox 802 3805 878 3866; x_wconf 85' lang='lat'>0.11</span> <span class='ocrx_word' id='word_1_19' title='bbox 901 3811 932 3865; x_wconf 89' lang='lat' dir='ltr'><strong>et</strong></span> <span class='ocrx_word' id='word_1_20' title='bbox 954 3825 988 3863; x_wconf 90' lang='lat'><strong>111</strong></span> <span class='ocrx_word' id='word_1_21' title='bbox 1011 3808 1177 3885; x_wconf 83' lang='lat' dir='ltr'><strong>praedicat,</strong></span> <span class='ocrx_word' id='word_1_22' title='bbox 1205 3811 1352 3883; x_wconf 85' lang='lat' dir='ltr'><strong>tyrannus</strong></span> <span class='ocrx_word' id='word_1_23' title='bbox 1375 3809 1463 3887; x_wconf 79' lang='lat' dir='ltr'><strong>Agri·</strong></span> 
     </span>
     <span class='ocr_line' id='line_1_7' title="bbox 188 3895 1463 3973; baseline 0.002 -19"><span class='ocrx_word' id='word_1_24' title='bbox 188 3896 379 3972; x_wconf 83' lang='lat' dir='ltr'><strong>gentinorum</strong></span> <span class='ocrx_word' id='word_1_25' title='bbox 407 3896 473 3955; x_wconf 87' lang='lat' dir='ltr'><strong>fuit.</strong></span> <span class='ocrx_word' id='word_1_26' title='bbox 520 3896 621 3972; x_wconf 86' lang='lat' dir='ltr'><strong>Atque</strong></span> <span class='ocrx_word' id='word_1_27' title='bbox 649 3896 757 3970; x_wconf 87' lang='lat' dir='ltr'><strong>prioris</strong></span> <span class='ocrx_word' id='word_1_28' title='bbox 784 3895 857 3955; x_wconf 91' lang='lat' dir='ltr'><strong>odae</strong></span> <span class='ocrx_word' id='word_1_29' title='bbox 886 3899 1098 3973; x_wconf 77' lang='lat' dir='ltr'><strong>argumentum</strong></span> <span class='ocrx_word' id='word_1_30' title='bbox 1126 3916 1194 3955; x_wconf 88' lang='lat' dir='ltr'><strong>cum</strong></span> <span class='ocrx_word' id='word_1_31' title='bbox 1221 3896 1313 3971; x_wconf 82' lang='lat' dir='ltr'><strong>stirpe</strong></span> <span class='ocrx_word' id='word_1_32' title='bbox 1342 3900 1372 3956; x_wconf 89' lang='lat' dir='ltr'><strong>et</strong></span> <span class='ocrx_word' id='word_1_33' title='bbox 1399 3898 1463 3956; x_wconf 87' lang='lat' dir='ltr'><strong>fato</strong></span> 
     </span>
     <span class='ocr_line' id='line_1_8' title="bbox 187 3984 1463 4063; baseline -0.001 -18"><span class='ocrx_word' id='word_1_34' title='bbox 187 3984 309 4045; x_wconf 78' lang='lat' dir='ltr'><strong>viatoris</strong></span> <span class='ocrx_word' id='word_1_35' title='bbox 333 3985 406 4045; x_wconf 89' lang='lat' dir='ltr'><strong>adeo</strong></span> <span class='ocrx_word' id='word_1_36' title='bbox 430 3985 580 4063; x_wconf 75' lang='lat' dir='ltr'>cohaeret,</span> <span class='ocrx_word' id='word_1_37' title='bbox 604 3988 640 4043; x_wconf 95' lang='lat' dir='ltr'><strong>ut</strong></span> <span class='ocrx_word' id='word_1_38' title='bbox 662 3985 697 4042; x_wconf 92' lang='lat' dir='ltr'><strong>de</strong></span> <span class='ocrx_word' id='word_1_39' title='bbox 722 3985 759 4042; x_wconf 92' lang='lat' dir='ltr'><strong>iis</strong></span> <span class='ocrx_word' id='word_1_40' title='bbox 782 3984 875 4043; x_wconf 90' lang='lat' dir='ltr'><strong>etiam</strong></span> <span class='ocrx_word' id='word_1_41' title='bbox 902 3988 971 4059; x_wconf 84' lang='lat' dir='ltr'><strong>post</strong></span> <span class='ocrx_word' id='word_1_42' title='bbox 998 3985 1181 4044; x_wconf 82' lang='lat' dir='ltr'><strong>succinctam</strong></span> <span class='ocrx_word' id='word_1_43' title='bbox 1204 3986 1371 4044; x_wconf 79' lang='lat' dir='ltr'><strong>stemmatis</strong></span> <span class='ocrx_word' id='word_1_44' title='bbox 1393 3986 1463 4044; x_wconf 83' lang='lat' dir='ltr'><strong>Em·</strong></span> 
     </span>
     <span class='ocr_line' id='line_1_9' title="bbox 187 4073 1461 4151; baseline 0.002 -19"><span class='ocrx_word' id='word_1_45' title='bbox 187 4073 374 4133; x_wconf 84' lang='lat' dir='ltr'><strong>menidamm</strong></span> <span class='ocrx_word' id='word_1_46' title='bbox 397 4075 631 4151; x_wconf 76' lang='lat' dir='ltr'><strong>enarrationem,</strong></span> <span class='ocrx_word' id='word_1_47' title='bbox 656 4092 748 4149; x_wconf 92' lang='lat' dir='ltr'><strong>quam</strong></span> <span class='ocrx_word' id='word_1_48' title='bbox 771 4073 802 4130; x_wconf 93' lang='lat' dir='ltr'><strong>in</strong></span> <span class='ocrx_word' id='word_1_49' title='bbox 825 4073 904 4132; x_wconf 88' lang='lat' dir='ltr'><strong>Prol.</strong></span> <span class='ocrx_word' id='word_1_50' title='bbox 923 4093 952 4149; x_wconf 86' lang='lat' dir='ltr'><strong>p.</strong></span> <span class='ocrx_word' id='word_1_51' title='bbox 972 4092 1045 4131; x_wconf 80' lang='lat' dir='ltr'><strong>cmx</strong></span> <span class='ocrx_word' id='word_1_52' title='bbox 1068 4074 1294 4151; x_wconf 75' lang='lat' dir='ltr'><strong>proposuimuS‚</strong></span> <span class='ocrx_word' id='word_1_53' title='bbox 1319 4075 1374 4134; x_wconf 88' lang='lat' dir='ltr'><strong>hoo</strong></span> <span class='ocrx_word' id='word_1_54' title='bbox 1396 4075 1461 4134; x_wconf 89' lang='lat' dir='ltr'><strong>loeo</strong></span> 
     </span>
     <span class='ocr_line' id='line_1_10' title="bbox 189 4160 1460 4240; baseline 0 -20"><span class='ocrx_word' id='word_1_55' title='bbox 189 4162 261 4220; x_wconf 89' lang='lat' dir='ltr'><strong>mihi</strong></span> <span class='ocrx_word' id='word_1_56' title='bbox 290 4163 475 4223; x_wconf 84' lang='lat' dir='ltr'><strong>enucleatius</strong></span> <span class='ocrx_word' id='word_1_57' title='bbox 502 4163 699 4240; x_wconf 85' lang='lat' dir='ltr'><strong>praefandum</strong></span> <span class='ocrx_word' id='word_1_58' title='bbox 723 4162 770 4221; x_wconf 86' lang='lat' dir='ltr'><strong>sit.</strong></span> <span class='ocrx_word' id='word_1_59' title='bbox 818 4160 971 4221; x_wconf 87' lang='lat' dir='ltr'><strong>Oriundus</strong></span> <span class='ocrx_word' id='word_1_60' title='bbox 994 4162 1089 4240; x_wconf 84' lang='lat' dir='ltr'><strong>igitur</strong></span> <span class='ocrx_word' id='word_1_61' title='bbox 1112 4166 1177 4222; x_wconf 88' lang='lat' dir='ltr'><strong>erat</strong></span> <span class='ocrx_word' id='word_1_62' title='bbox 1200 4162 1296 4222; x_wconf 85' lang='lat' dir='ltr'><strong>Thero</strong></span> <span class='ocrx_word' id='word_1_63' title='bbox 1320 4183 1356 4221; x_wconf 86' lang='lat' dir='ltr'><strong>ex</strong></span> <span class='ocrx_word' id='word_1_64' title='bbox 1378 4163 1460 4222; x_wconf 91' lang='lat' dir='ltr'><strong>uobi-</strong></span> 
     </span>
     <span class='ocr_line' id='line_1_11' title="bbox 188 4244 1462 4332; baseline 0.003 -25"><span class='ocrx_word' id='word_1_65' title='bbox 188 4249 302 4308; x_wconf 88' lang='lat' dir='ltr'><strong>lissima</strong></span> <span class='ocrx_word' id='word_1_66' title='bbox 324 4254 412 4328; x_wconf 84' lang='lat' dir='ltr'><strong>gente</strong></span> <span class='ocrx_word' id='word_1_67' title='bbox 435 4253 680 4312; x_wconf 84' lang='lat' dir='ltr'><strong>Emmenidarum</strong></span> <span class='ocrx_word' id='word_1_68' title='bbox 708 4244 757 4332; x_wconf 89' lang='lat'><strong>(0.</strong></span> <span class='ocrx_word' id='word_1_69' title='bbox 781 4244 1054 4331; x_wconf 58' lang='lat' dir='ltr'>11138.,P.V14),</span> <span class='ocrx_word' id='word_1_70' title='bbox 1083 4252 1135 4327; x_wconf 93' lang='lat' dir='ltr'><strong>qui</strong></span> <span class='ocrx_word' id='word_1_71' title='bbox 1163 4251 1259 4330; x_wconf 86' lang='lat' dir='ltr'><strong>magis</strong></span> <span class='ocrx_word' id='word_1_72' title='bbox 1289 4252 1462 4311; x_wconf 85' lang='lat' dir='ltr'><strong>fabularum</strong></span> 
     </span>
     <span class='ocr_line' id='line_1_12' title="bbox 188 4338 1460 4418; baseline 0.002 -21"><span class='ocrx_word' id='word_1_73' title='bbox 188 4338 350 4398; x_wconf 85' lang='lat' dir='ltr'><strong>ambitione</strong></span> <span class='ocrx_word' id='word_1_74' title='bbox 375 4359 466 4415; x_wconf 91' lang='lat' dir='ltr'><strong>quam</strong></span> <span class='ocrx_word' id='word_1_75' title='bbox 488 4341 631 4400; x_wconf 86' lang='lat' dir='ltr'><strong>historica</strong></span> <span class='ocrx_word' id='word_1_76' title='bbox 653 4340 709 4399; x_wconf 90' lang='lat' dir='ltr'><strong>fide</strong></span> <span class='ocrx_word' id='word_1_77' title='bbox 733 4339 817 4399; x_wconf 82' lang='lat' dir='ltr'><strong>ducti</strong></span> <span class='ocrx_word' id='word_1_78' title='bbox 840 4340 986 4418; x_wconf 82' lang='lat' dir='ltr'><strong>originem</strong></span> <span class='ocrx_word' id='word_1_79' title='bbox 1013 4359 1099 4399; x_wconf 89' lang='lat' dir='ltr'><strong>suam</strong></span> <span class='ocrx_word' id='word_1_80' title='bbox 1123 4360 1141 4398; x_wconf 90' lang='lat' dir='ltr'><strong>a</strong></span> <span class='ocrx_word' id='word_1_81' title='bbox 1164 4340 1248 4418; x_wconf 83' lang='lat' dir='ltr'><strong>regia</strong></span> <span class='ocrx_word' id='word_1_82' title='bbox 1270 4341 1362 4417; x_wconf 77' lang='lat' dir='ltr'><strong>stirpe</strong></span> <span class='ocrx_word' id='word_1_83' title='bbox 1386 4340 1460 4400; x_wconf 84' lang='lat' dir='ltr'><strong>The·</strong></span> 
     </span>
     <span class='ocr_line' id='line_1_13' title="bbox 187 4427 1464 4507; baseline 0.003 -22"><span class='ocrx_word' id='word_1_84' title='bbox 187 4427 266 4486; x_wconf 91' lang='lat' dir='ltr'><strong>bana</strong></span> <span class='ocrx_word' id='word_1_85' title='bbox 293 4428 509 4507; x_wconf 85' lang='lat' dir='ltr'><strong>repetiverunt,</strong></span> <span class='ocrx_word' id='word_1_86' title='bbox 541 4429 620 4487; x_wconf 91' lang='lat' dir='ltr'><strong>unde</strong></span> <span class='ocrx_word' id='word_1_87' title='bbox 648 4427 777 4487; x_wconf 80' lang='lat' dir='ltr'><strong>Cadmus</strong></span> <span class='ocrx_word' id='word_1_88' title='bbox 804 4428 897 4489; x_wconf 87' lang='lat' dir='ltr'><strong>Laius</strong></span> <span class='ocrx_word' id='word_1_89' title='bbox 926 4427 1058 4504; x_wconf 86' lang='lat' dir='ltr'><strong>Oedipus</strong></span> <span class='ocrx_word' id='word_1_90' title='bbox 1090 4429 1247 4505; x_wconf 78' lang='lat' dir='ltr'><strong>Polynices</strong></span> <span class='ocrx_word' id='word_1_91' title='bbox 1279 4429 1464 4489; x_wconf 85' lang='lat' dir='ltr'><strong>Thersander</strong></span> 
     </span>
     <span class='ocr_line' id='line_1_14' title="bbox 187 4514 1462 4598; baseline 0.003 -24"><span class='ocrx_word' id='word_1_92' title='bbox 187 4517 265 4575; x_wconf 87' lang='lat' dir='ltr'><strong>inter</strong></span> <span class='ocrx_word' id='word_1_93' title='bbox 295 4517 422 4577; x_wconf 91' lang='lat' dir='ltr'><strong>maiores</strong></span> <span class='ocrx_word' id='word_1_94' title='bbox 445 4518 589 4578; x_wconf 84' lang='lat' dir='ltr'><strong>Theronis</strong></span> <span class='ocrx_word' id='word_1_95' title='bbox 611 4518 783 4576; x_wconf 85' lang='lat' dir='ltr'><strong>referuntur</strong></span> <span class='ocrx_word' id='word_1_96' title='bbox 808 4524 869 4597; x_wconf 59' lang='lat' dir='ltr'><strong>(vv.</strong></span> <span class='ocrx_word' id='word_1_97' title='bbox 893 4528 935 4576; x_wconf 76' lang='lat'><strong>25.</strong></span> <span class='ocrx_word' id='word_1_98' title='bbox 960 4514 1088 4597; x_wconf 74' lang='lat'>42-50).</span> <span class='ocrx_word' id='word_1_99' title='bbox 1122 4518 1188 4577; x_wconf 91' lang='lat' dir='ltr'><strong>Iam</strong></span> <span class='ocrx_word' id='word_1_100' title='bbox 1216 4519 1329 4577; x_wconf 88' lang='lat' dir='ltr'><strong>attritis</strong></span> <span class='ocrx_word' id='word_1_101' title='bbox 1357 4539 1462 4598; x_wconf 83' lang='lat' dir='ltr'><strong>regum</strong></span> 
     </span>
     <span class='ocr_line' id='line_1_15' title="bbox 187 4606 1464 4685; baseline 0.003 -22"><span class='ocrx_word' id='word_1_102' title='bbox 187 4606 396 4666; x_wconf 84' lang='lat' dir='ltr'><strong>Thebanorum</strong></span> <span class='ocrx_word' id='word_1_103' title='bbox 429 4612 460 4665; x_wconf 90' lang='lat' dir='ltr'><strong>et</strong></span> <span class='ocrx_word' id='word_1_104' title='bbox 490 4607 672 4685; x_wconf 81' lang='lat' dir='ltr'><strong>Argivorum</strong></span> <span class='ocrx_word' id='word_1_105' title='bbox 705 4607 811 4682; x_wconf 91' lang='lat' dir='ltr'><strong>opibus</strong></span> <span class='ocrx_word' id='word_1_106' title='bbox 843 4625 912 4665; x_wconf 87' lang='lat' dir='ltr'><strong>oum</strong></span> <span class='ocrx_word' id='word_1_107' title='bbox 943 4606 1095 4683; x_wconf 87' lang='lat' dir='ltr'><strong>Polynieis</strong></span> <span class='ocrx_word' id='word_1_108' title='bbox 1126 4608 1284 4685; x_wconf 84' lang='lat' dir='ltr'><strong>progenies</strong></span> <span class='ocrx_word' id='word_1_109' title='bbox 1316 4608 1464 4667; x_wconf 83' lang='lat' dir='ltr'><strong>Lacedae·</strong></span> 
     </span>
     <span class='ocr_line' id='line_1_16' title="bbox 186 4695 1462 4773; baseline 0.002 -20"><span class='ocrx_word' id='word_1_110' title='bbox 186 4715 304 4754; x_wconf 91' lang='lat' dir='ltr'><strong>monem</strong></span> <span class='ocrx_word' id='word_1_111' title='bbox 327 4696 528 4772; x_wconf 77' lang='lat' dir='ltr'><strong>concessisset,</strong></span> <span class='ocrx_word' id='word_1_112' title='bbox 551 4695 682 4755; x_wconf 79' lang='lat' dir='ltr'><strong>Eteoelis</strong></span> <span class='ocrx_word' id='word_1_113' title='bbox 704 4715 799 4771; x_wconf 31' lang='lat' dir='ltr'><strong>nepos.</strong></span> <span class='ocrx_word' id='word_1_114' title='bbox 819 4696 954 4754; x_wconf 88' lang='lat' dir='ltr'><strong>Athenas</strong></span> <span class='ocrx_word' id='word_1_115' title='bbox 977 4696 1045 4754; x_wconf 85' lang='lat' dir='ltr'><strong>exul</strong></span> <span class='ocrx_word' id='word_1_116' title='bbox 1068 4696 1211 4773; x_wconf 83' lang='lat' dir='ltr'><strong>venisset,</strong></span> <span class='ocrx_word' id='word_1_117' title='bbox 1240 4716 1302 4755; x_wconf 88' lang='lat' dir='ltr'><strong>una</strong></span> <span class='ocrx_word' id='word_1_118' title='bbox 1325 4716 1394 4756; x_wconf 87' lang='lat' dir='ltr'><strong>aum</strong></span> <span class='ocrx_word' id='word_1_119' title='bbox 1416 4697 1462 4773; x_wconf 84' lang='lat' dir='ltr'><strong>iis,</strong></span> 
     </span>
     <span class='ocr_line' id='line_1_17' title="bbox 187 4784 1462 4863; baseline 0 -20"><span class='ocrx_word' id='word_1_120' title='bbox 187 4785 240 4860; x_wconf 93' lang='lat' dir='ltr'><strong>qui</strong></span> <span class='ocrx_word' id='word_1_121' title='bbox 267 4784 489 4844; x_wconf 85' lang='lat' dir='ltr'><strong>Lacedaemone</strong></span> <span class='ocrx_word' id='word_1_122' title='bbox 512 4784 602 4862; x_wconf 79' lang='lat' dir='ltr'><strong>Argis</strong></span> <span class='ocrx_word' id='word_1_123' title='bbox 629 4784 755 4844; x_wconf 85' lang='lat' dir='ltr'><strong>Athonis</strong></span> <span class='ocrx_word' id='word_1_124' title='bbox 783 4788 866 4843; x_wconf 73' lang='lat' dir='ltr'><strong>hans</strong></span> <span class='ocrx_word' id='word_1_125' title='bbox 896 4804 977 4843; x_wconf 91' lang='lat' dir='ltr'><strong>mare</strong></span> <span class='ocrx_word' id='word_1_126' title='bbox 1004 4784 1212 4863; x_wconf 81' lang='lat' dir='ltr'><strong>migraverunt</strong></span> <span class='ocrx_word' id='word_1_127' title='bbox 1235 4790 1266 4845; x_wconf 87' lang='lat' dir='ltr'><strong>et</strong></span> <span class='ocrx_word' id='word_1_128' title='bbox 1294 4786 1324 4844; x_wconf 92' lang='lat' dir='ltr'><strong>in</strong></span> <span class='ocrx_word' id='word_1_129' title='bbox 1348 4786 1462 4845; x_wconf 87' lang='lat' dir='ltr'><strong>insulas</strong></span> 
     </span>
     <span class='ocr_line' id='line_1_18' title="bbox 187 4872 1461 4952; baseline 0.002 -20"><span class='ocrx_word' id='word_1_130' title='bbox 187 4874 315 4933; x_wconf 81' lang='lat' dir='ltr'><strong>&#39;theram</strong></span> <span class='ocrx_word' id='word_1_131' title='bbox 337 4873 536 4948; x_wconf 88' lang='lat' dir='ltr'><strong>Rhodumque</strong></span> <span class='ocrx_word' id='word_1_132' title='bbox 560 4872 691 4932; x_wconf 84' lang='lat' dir='ltr'><strong>colonias</strong></span> <span class='ocrx_word' id='word_1_133' title='bbox 715 4874 908 4952; x_wconf 84' lang='lat' dir='ltr'><strong>deduxerunt,</strong></span> <span class='ocrx_word' id='word_1_134' title='bbox 931 4873 1059 4934; x_wconf 90' lang='lat' dir='ltr'><strong>maiores</strong></span> <span class='ocrx_word' id='word_1_135' title='bbox 1077 4874 1324 4935; x_wconf 80' lang='lat' dir='ltr'><strong>Emmenidarum</strong></span> <span class='ocrx_word' id='word_1_136' title='bbox 1342 4894 1461 4951; x_wconf 86' lang='lat' dir='ltr'><strong>quoque</strong></span> 
     </span>
    </p>
   </div>
   <div class='ocr_carea' id='block_1_6' title="bbox 0 0 1708 5378">
    <p class='ocr_par' dir='ltr' id='par_1_6' title="bbox 0 0 1708 5378">
     <span class='ocr_line' id='line_1_19' title="bbox 0 0 1708 5378; baseline 0 4"><span class='ocrx_word' id='word_1_137' title='bbox 0 0 1708 5378; x_wconf 95' lang='lat' dir='ltr'><strong> </strong></span> 
     </span>
    </p>
   </div>
  </div>
 </body>
</html>
