3406 5378
209 334 274 397 ‘224
680 334 827 385 prunam
845 324 1012 387 acrorem.

207 503 357 581 tragicum
386 503 482 581 magis
514 522 604 579 quam
634 501 767 580 tragicus
796 501 923 577 lyricum
952 500 1088 559 imitatus
1118 518 1181 560 esse
1211 499 1363 577 videatur,
1393 503 1424 558 et
1451 500 1481 557 in

208 612 320 651 annum
344 595 420 668 458,
446 611 505 668 quo
530 591 662 650 Thebani
693 611 761 651 cum
784 590 1026 650 Lacedaemoniis
1050 590 1166 649 foedere
1191 590 1249 649 icto
1274 609 1357 647 arma
1380 590 1482 647 iunxe-

208 685 291 759 rant,
320 682 386 739 laus
409 680 558 739 amicitiae
582 680 705 756 Pyladis
728 680 888 740 Phocensis
912 684 942 739 et
961 677 1084 739 Orestae
1108 679 1234 738 Laconis
1258 672 1299 757 (v.
1320 672 1367 757 16)
1392 698 1483 754 quam

208 771 335 829 maxime
368 770 505 846 quadrat.
551 769 593 826 At
624 770 720 827 altera
750 789 785 827 ex
815 772 899 844 parte
922 768 1049 828 victoria
1072 768 1255 842 Thrasydaei
1284 768 1380 826 stadio
1405 787 1482 825 com·
1568 803 1571 810 -

207 863 315 935 parata
334 877 397 918 esse
416 861 517 934 aperte
536 879 563 916 v.
582 870 616 916 49
636 859 754 934 dieitur,
775 860 806 915 et
825 857 1033 932 Thrasydaeus
1056 857 1128 934 ipse,
1152 877 1219 915 cum
1243 857 1273 914 in
1297 858 1363 915 foco
1388 857 1482 932 patris

210 967 350 1008 coronam
374 948 545 1023 deposuisse
568 959 649 1006 v.14
672 948 799 1023 dicatur,
829 946 961 1005 nondum
984 947 1030 1004 sui
1055 946 1129 1004 iuris
1152 949 1218 1003 tum
1240 946 1332 1004 titisse
1356 946 1482 1021 videtur,

209 1057 269 1113 qua
287 1040 415 1113 utraque
433 1037 550 1096 ratione
565 1036 626 1094 iam
639 1056 833 1113 commoveor,
852 1039 889 1094 ut
904 1036 967 1111 ipse
981 1056 1028 1093 me
1042 1035 1189 1112 corrigam
1204 1038 1235 1093 et
1249 1055 1317 1093 cum
1331 1035 1481 1111 plerisque

209 1126 423 1202 interpretibus
445 1127 501 1185 hoc
524 1125 652 1185 carmine
676 1126 805 1202 priorem
823 1124 981 1184 victoriam
1000 1124 1196 1200 Thrasydaei,
1220 1144 1245 1183 a.
1266 1127 1330 1183 478
1354 1127 1482 1200 partam,

209 1215 354 1274 illustram¹
378 1215 492 1274 ducam.
531 1215 603 1273 Inde
627 1218 742 1291 patrem
766 1214 950 1290 Thrasydaei
972 1213 1031 1290 bis,
1056 1212 1212 1289 Olympiae
1235 1233 1334 1290 curru,
1358 1213 1482 1288 Delphis

209 1305 315 1382 stadio,
338 1304 435 1362 filium
458 1305 548 1363 semel
570 1303 717 1379 Pythiade
740 1305 780 1361 ‘28
805 1328 847 1350 =
872 1305 936 1361 478
961 1322 987 1360 a.
1007 1302 1074 1360 Chr.
1098 1302 1195 1361 stadio
1218 1303 1323 1362 vicisse
1347 1302 1482 1360 versibus

208 1405 314 1452 46—50
338 1393 498 1471 significari
527 1393 671 1452 existimo.
718 1392 782 1451 Hoc
805 1412 874 1452 vero
903 1394 938 1449 ut
965 1391 1025 1449 iam
1054 1396 1186 1449 statuam
1209 1412 1268 1449 nou
1292 1393 1388 1450 solum
1417 1392 1482 1466 ipsa

208 1483 299 1542 verba
321 1485 427 1558 poetae
451 1485 571 1540 tantum
593 1502 652 1541 non
674 1482 822 1558 flagitant,
846 1481 1010 1539 sedetiam
1034 1481 1127 1539 totius
1151 1481 1290 1540 carminis
1314 1481 1403 1556 color,
1429 1481 1481 1537 im-

207 1570 311 1647 primis
343 1571 515 1647 importuna
545 1571 688 1649 digressio
718 1570 838 1628 fabulae
871 1564 1018 1651 (lt—37¹),
1047 1571 1287 1644 metaphorarum
1312 1569 1482 1645 frequentia

208 1654 353 1741 (38-40),
372 1661 487 1719 dicendi
508 1660 632 1719 audacia
652 1653 712 1733 (vv.
730 1672 753 1717 1.
773 1671 815 1717 ⁶26.
835 1656 883 1737 35)
904 1659 1064 1717 iuvenilem
1082 1660 1228 1718 terrorem
1247 1659 1338 1717 animi
1357 1659 1481 1733 prodere

207 1750 354 1809 videntur.
392 1748 477 1819 Quod
496 1753 597 1807 autem
615 1749 754 1824 politicas
772 1748 903 1807 rationes
922 1748 1039 1826 attinet,
1064 1748 1223 1823 optimates
1243 1748 1384 1824 Thebani,
1404 1748 1483 1805 inter

209 1858 285 1914 quos
304 1839 529 1915 Thrasydaeum
548 1838 638 1895 fuisse
663 1858 697 1896 ex
720 1837 852 1896 versibus
876 1849 980 1895 50—55
1005 1840 1138 1914 apparet,
1162 1838 1253 1895 etiam
1276 1842 1344 1912 post
1367 1837 1481 1895 cladem

209 1928 415 1986 Plataeensem
434 1931 465 1985 et
484 1926 650 1986 Pausaniae
669 1927 700 1984 in
720 1926 875 1985 Thebanos
894 1927 1044 1985 infensum
1068 1927 1201 1984 animum
1220 1927 1315 2003 magis
1335 1927 1372 1984 ad
1391 1925 1481 1983 Lace-

209 2016 381 2075 daemonios
400 2036 490 2092 quarn
509 2016 547 2074 ad
561 2016 756 2075 Athenienses
774 2016 932 2075 inclinasse
946 2018 977 2074 et
991 2035 1009 2072 a
1023 2016 1139 2074 foedere
1155 2035 1222 2073 cum
1239 2015 1483 2074 Lacedaemoniis

208 2106 339 2165 ineundo
362 2105 583 2164 restitutionem
607 2125 728 2163 suarum
751 2125 842 2181 opum
865 2122 997 2181 sperasse
1020 2105 1083 2164 reri
1106 2105 1187 2162 haud
1210 2104 1352 2163 dissimile
1376 2108 1429 2162 est.

299 2194 423 2253 tlarmen
447 2214 482 2253 ex
506 2194 603 2252 tribus
627 2194 763 2270 partibus
787 2198 912 2254 constat.
948 2194 982 2251 ln
1001 2194 1098 2269 prima
1121 2197 1215 2270 parte,
1239 2214 1315 2269 quae
1338 2193 1482 2269 prooemii

210 2285 273 2344 vice
293 2284 432 2362 fungitur
446 2288 476 2342 et
490 2284 618 2359 primam
636 2283 792 2342 triadicam
810 2284 981 2359 pericopam
1000 2283 1193 2358 amplectitur
1207 2276 1330 2364 (1—16),
1345 2283 1483 2341 heroinas

209 2374 365 2432 Thebanus
384 2377 473 2449 poeta
491 2376 642 2450 convocat,
662 2377 698 2431 ut
716 2373 770 2431 sub
784 2392 940 2448 vesperum
955 2372 985 2429 in
1000 2374 1104 2430 fanum
1118 2372 1280 2430 Ismenium
1295 2372 1482 2448 conveniant,

208 2462 259 2520 ubi
289 2482 356 2521 eum
387 2462 519 2538 tripodes
549 2462 633 2520 aurei
663 2462 832 2538 antiquitus
862 2461 990 2537 depositi
1020 2463 1130 2537 essent,
1158 2461 1250 2519 etiam
1274 2462 1482 2537 Thrasydaeus

208 2571 295 2611 suam
318 2571 465 2628 coronam,
489 2552 519 2608 in
543 2570 647 2626 campo
667 2544 796 2626 Oy'rrhae
816 2552 1008 2626 reportatam,
1032 2550 1223 2625 depositurus
1243 2550 1335 2609 fuisse
1353 2550 1481 2610 videtur.

209 2640 349 2719 Cyrrhae,
373 2660 449 2717 quae
474 2641 545 2700 olim
568 2660 638 2716 pars
661 2640 744 2717 regni
768 2640 899 2715 Pyladae
923 2642 996 2717 erat,
1019 2639 1169 2698 mentione
1194 2639 1303 2698 iniecta
1321 2642 1411 2714 poeta
1430 2640 1481 2697 ad-

209 2731 337 2805 ducitur,
361 2735 397 2789 ut
419 2730 450 2787 in
474 2729 603 2788 secunda
626 2733 711 2804 parte
735 2729 873 2788 carminis
894 2722 1183 2808 (17-3t)fabulam
1205 2728 1240 2786 de
1261 2728 1363 2788 Oreste
1387 2748 1481 2804 puero

210 2819 341 2879 cruentis
356 2818 610 2894 Clytaemnestrae
630 2817 767 2876 manibus
786 2838 839 2894 per
853 2818 1013 2876 Arsinoam
1031 2817 1177 2876 nutricem
1191 2816 1345 2876 subtracto
1360 2822 1398 2896 et,
1413 2838 1481 2877 cum

209 2909 240 2966 in
267 2907 397 2984 patriam
425 2907 574 2983 rediisset,
603 2907 872 2982 Clytaemnestram
900 2906 1138 2984 Aegisthumque
1169 2907 1337 2966 trucidante
1367 2907 1481 2982 prolixe

209 3001 320 3073 narrat,
340 2996 418 3055 unde
438 2994 620 3055 Cassandrae
639 2995 725 3054 triste
743 2997 849 3073 fatum,
869 2995 1041 3073 Iphigeniae
1065 2996 1214 3054 nefastam
1237 2995 1482 3073 immolationem,

209 3104 315 3145 causas
334 3084 420 3160 impii
437 3084 589 3160 parricidii
609 3084 863 3160 Clytaemnestrae
881 3085 1001 3144 fabulae
1021 3083 1135 3144 Orestis
1154 3084 1328 3144 immisceat.
1360 3085 1406 3143 Ab
1425 3085 1481 3144 hac

209 3174 391 3252 digressione
414 3174 452 3231 ad
475 3192 584 3232 munus
608 3173 664 3232 sibi
688 3174 854 3252 irrogatum
881 3192 1020 3233 reversus.
1041 3166 1189 3254 (ὃὸ-42),
1219 3173 1250 3231 in
1279 3173 1368 3232 tertia
1396 3177 1481 3250 parte

209 3263 347 3324 carminis
367 3255 502 3343 (ta—64)
521 3263 704 3338 Thrasydaei
724 3263 847 3340 eiusque
870 3263 965 3338 patris
984 3262 1125 3322 victorias
1148 3262 1282 3321 illustrat
1305 3267 1336 3322 et
1358 3263 1482 3338 pudoris

209 3352 364 3428 civilisque
383 3352 546 3410 modestiae
565 3353 685 3428 famam,
705 3371 765 3428 qua
783 3352 881 3411 maius
903 3352 1015 3411 bonum
1035 3371 1053 3409 a
1070 3352 1245 3427 parentibus
1268 3352 1369 3410 liberis
1393 3353 1481 3411 relin·
1561 3404 1564 3409 ,

210 3442 262 3519 qui
285 3460 371 3517 posse
394 3444 493 3519 negat,
517 3441 658 3517 exemplis
682 3442 767 3518 Iolai,
789 3442 887 3500 herois
911 3441 1052 3517 Thebani,
1077 3444 1107 3499 et
1126 3440 1258 3501 Castoris
1281 3441 1481 3518 Pollucisque,

208 3533 332 3591 heroum
356 3530 584 3608 Laconieorum,
607 3530 712 3589 eximie
735 3530 876 3590 illustrat.

299 3620 409 3679 Totum
436 3639 555 3679 carmen
578 3638 597 3677 a
619 3619 745 3679 victoria
773 3619 899 3697 Pythice
927 3619 957 3677 in
985 3618 1114 3679 secunda
1142 3622 1172 3677 et
1199 3619 1374 3696 longissima
1396 3623 1482 3694 parte

209 3711 282 3769 adeo
310 3709 452 3786 deflectit,
480 3713 516 3767 ut
542 3709 634 3767 fuisse
663 3728 720 3767 non
751 3708 879 3787 mireriS,
903 3709 954 3785 qui
978 3708 1118 3767 interiore
1141 3707 1271 3783 quodam
1294 3708 1414 3767 vinculo
1439 3709 1482 3767 di·

209 3799 389 3878 gressionem
412 3799 503 3856 istam
526 3818 594 3858 cum
617 3816 708 3857 eausa
730 3797 852 3857 victoris
875 3816 1016 3856 conexam
1039 3797 1131 3854 fuisse
1155 3797 1357 3871 opinarentur.
1396 3796 1482 3867 Quod

209 3894 312 3948 autem
340 3890 430 3964 poeta
460 3888 522 3962 ipse
546 3906 564 3945 a
586 3890 668 3946 recta
694 3886 745 3946 ria
772 3906 802 3945 se
831 3887 992 3946 declinasse
1023 3886 1096 3945 dicit
1125 3878 1269 3966 (aa—40),
1299 3887 1355 3944 hoc
1386 3887 1482 3964 magis

208 3979 289 4057 leges
316 3977 414 4035 iustae
443 3976 666 4052 compositionis
694 3976 845 4054 neglectas
872 3981 1007 4054 excusat,
1036 3994 1127 4051 quam
1155 3974 1230 4032 nihil
1254 3975 1366 4034 vinculi
1390 3975 1482 4034 inter·

209 4067 310 4127 cedere
329 4066 438 4144 arguit.
477 4064 541 4134 Quo
565 4085 633 4124 cum
656 4065 786 4142 accedat,
810 4066 890 4141 quod
914 4065 942 4122 in
968 4069 1100 4123 extrema
1122 4067 1207 4140 parte
1231 4068 1320 4138 poeta
1340 4084 1399 4123 non
1418 4068 1482 4124 tarn

208 4157 353 4214 virtutem
372 4159 403 4214 et
420 4154 547 4232 gloriam
567 4155 736 4233 gymnicam
755 4154 860 4213 demus
878 4154 1009 4213 victricis
1028 4153 1134 4210 laudat
1153 4172 1243 4228 quam
1262 4154 1482 4213 affectationem

209 4244 377 4320 tyrannidis
396 4244 557 4319 dissuadet,
581 4243 687 4302 merito
706 4264 752 4301 me
772 4243 868 4302 iudice
888 4243 1056 4302 Boeckhius
1075 4244 1138 4299 lata
1157 4242 1262 4300 domus
1282 4243 1481 4320 eligarehicae

209 4333 392 4408 Thrasydaei
416 4335 446 4390 et
471 4333 569 4410 gentis
595 4333 694 4410 regiae
717 4326 950 4410 Agamemnonis
976 4332 1101 4391 obscura
1129 4329 1259 4406 quadarn
1285 4332 1482 4390 similitudine

209 4423 369 4481 coniuncta
391 4421 483 4479 fuisse
506 4422 676 4496 suspicatus
700 4425 753 4479 eet
798 4421 902 4497 Neque
931 4421 1032 4480 deerat
1059 4439 1163 4496 causa,
1191 4439 1244 4479 cur
1267 4421 1380 4479 nobiles
1403 4422 1482 4481 cives

209 4511 367 4569 Thebanos
389 4512 479 4586 poeta
507 4510 545 4567 ad
572 4510 749 4569 modestiam
776 4511 994 4587 cohortaretur,
1023 4509 1141 4586 quaudo
1171 4509 1251 4584 apud
1279 4510 1482 4585 Thucydidem

209 4619 245 4658 111
268 4612 301 4659 (32
326 4599 458 4659 Thebani
482 4599 539 4675 ipsi
563 4599 598 4658 de
622 4599 803 4675 reipublicae
827 4602 909 4657 statu
933 4599 988 4658 hoc
1011 4599 1098 4658 modo
1122 4603 1302 4674 queruntur:
1331 4598 1401 4677 ὅπερ
1424 4597 1483 4658 ἐστὶ

210 4688 312 4767 νόμοις
343 4685 396 4765 μὲν
425 4686 474 4747 καὶ
505 4693 543 4770 τῷ
573 4687 801 4772 σωφρονεστάτῳ
828 4685 1057 4753 ἐναντιώτατον,
1087 4685 1231 4766 ἐγγυτάτω
1263 4685 1294 4745 di
1324 4688 1482 4767 τυράννου,

211 4779 366 4838 δυναστεία
389 4775 495 4857 ὀλίγων
519 4775 636 4857 ἀνδρῶν
660 4770 716 4855 εἶχε
739 4774 773 4835 τὰ
795 4776 957 4856 πράγματα.
