3406 5378
739 417 870 468 PYTHIA
888 419 922 470 11.

248 579 345 662 μέλος
367 576 450 664 ὑπὲρ
473 584 590 655 πολιάς
613 578 691 656 ἁλὸς
705 621 719 628 -
735 580 904 663 πέμπεται·

249 689 285 750 τὸ
311 690 531 773 Καστόρει-ον
554 685 588 751 δ’
614 686 650 751 έν
673 688 865 751 Αἰολίδεσσι
889 688 1041 772 χορ-δαῖς
1063 692 1173 753 θέλων

199 811 231 857 το
251 796 403 879 ἀθριγσον
425 794 524 879 χάριν
546 791 601 858 ἕπ-
624 795 792 858 τακτύπου

249 904 435 986 φόρμιγγος
457 900 643 985 ἀντόμενος.

248 1006 348 1090 γένοι’
377 1000 447 1085 οἷος
470 1006 540 1072 ἐσσὶ
564 1010 692 1092 μαθών.
737 1011 837 1086 καλός
858 1032 910 1073 τοι

292 1119 404 1181 πίθων
426 1116 516 1200 παρά
538 1118 669 1199 παισίν,
691 1114 755 1180 αίεὶ

248 1320 354 1406 καλός.
401 1329 419 1395 δ
443 1325 480 1394 δὲ
498 1327 729 1413 Ῥαδάμανθυς
751 1326 789 1395 εὖ
812 1329 992 1414 πέπραγεν,
1015 1330 1065 1393 ὅτι
1089 1342 1224 1415 φρενῶν
1269 1336 1349 1415 Στρ.
1374 1330 1394 1393 δ
1399 1328 1416 1394 ’.

248 1440 340 1520 ἔλαχε
363 1438 492 1522 καρπὸν
514 1435 601 1521 ἀμώ-

290 1568 408 1628 μητον,
432 1542 505 1609 οὐδ’
531 1542 687 1608 ἀπάταισι
709 1545 823 1628 θυμὸν
1418 1563 1468 1610 135

292 1649 442 1736 τέρπεται
465 1650 622 1732 ἔνδοθεν,

195 1775 226 1821 ιο
247 1750 300 1822 οἷα
323 1759 482 1842 ψιθύρων
504 1758 669 1842 παλάμαις
691 1756 777 1822 ἕπετ’
803 1755 882 1822 cci-el
905 1760 1044 1842 βροτῶν.

247 1867 373 1948 ίίμαχον
396 1865 499 1929 κακὸν
521 1864 720 1950 ἀμφοτέροις
743 1866 918 1948 διαβολιᾶν
939 1864 1135 1949 ὑποφάτιες,
1417 1883 1468 1929 140

263 2098 304 2147 68.
320 2093 458 2163 πέμπεται
472 2093 504 2148 τὸ
519 2092 698 2161 Καστόρειον,
719 2095 770 2148 σὺν
784 2092 812 2148 δ’
829 2093 901 2147 Alei.
921 2093 1051 2162 Hartung
1065 2124 1098 2132 -
1115 2098 1156 2146 69.
1171 2093 1264 2147 θέλων
1279 2093 1372 2147 codd:
1398 2092 1468 2147 διιὼν

191 2163 317 2229 Boeclrh,
336 2165 410 2234 quod
425 2182 495 2234 para
515 2165 606 2219 brasis
625 2165 740 2220 exhibet
760 2197 792 2204 —
814 2171 854 2219 71.
870 2166 1029 2234 ἀνιώμενος
1042 2165 1072 2218 D
1086 2197 1119 2203 -
1136 2170 1177 2218 7-3.
1193 2163 1279 2233 γένοι’
1297 2160 1356 2226 οἷος
1370 2163 1467 2218 Trici:

191 2234 269 2306 γένοι
287 2235 315 2289 δ’
337 2234 395 2298 οἶος
414 2238 454 2303 Β,
474 2185 567 2306 γάἀοιο
587 2234 615 2290 δ’
636 2233 694 2299 οἷος
710 2237 772 2303 01),
791 2244 874 2305 γενοῦ
894 2234 922 2289 δ’
942 2232 1000 2299 οἷος
1017 2233 1177 2303 Mingarelli
1197 2267 1229 2274 —
1251 2242 1292 2290 74.
1312 2234 1467 2305 ἀμωμήτοιο

192 2307 262 2361 coni.
282 2308 384 2360 Jacobs
404 2339 437 2346 -
458 2314 498 2362 75.
527 2310 614 2381 βροτώ
635 2307 704 2362 coni.
724 2306 863 2361 Heindorf
885 2339 920 2346 -
947 2313 988 2361 76.
1015 2309 1063 2360 δια
1083 2311 1162 2360 atsur
1188 2306 1281 2362 codd:
1308 2308 1467 2378 διαιβολιᾶν

191 2379 289 2503 Bhgd·
308 2411 342 2418 -
366 2378 521 2505 όιιιέροὲἱιες
543 2380 571 2434 Β
584 2363 607 2434 δ
613 2379 654 2434 D:
681 2378 854 2447 δποφαύτιες
879 2377 992 2431 Boeclrh
1011 2394 1061 2448 pro
1083 2376 1209 2447 abiliter,
1237 2378 1414 2447 ὑποφάτορες
1433 2394 1467 2432 ex

192 2467 305 2504 soors
325 2468 397 2505 conr.
436 2467 452 2504 ο
487 2467 554 2505 ο-

191 2593 230 2647 cis
250 2593 316 2646 navi
335 2592 464 2661 missum,
490 2593 521 2647 τὸ
547 2590 718 2661 Καστόρειον
744 2609 781 2646 sc.
801 2591 881 2662 μέλος
899 2608 1012 2646 carmen
1031 2590 1315 2660 hyporchematicum,
1335 2592 1372 2646 ad
1390 2593 1465 2661 quod

191 2664 291 2718 chorus
314 2664 495 2735 tripudiaret,
519 2682 537 2719 a
561 2663 675 2719 Castore
698 2665 809 2718 Lacone
827 2663 1039 2718 denominatum
1057 2662 1101 2731 (cf.
1121 2663 1142 2717 Ι.
1160 2682 1171 2715 ι
1191 2668 1237 2733 ιιι),
1263 2662 1293 2717 ἐν
1312 2665 1465 2719 Αἰολίδεσσι

192 2738 306 2805 χορδαῖς
316 2753 427 2791 carmen
437 2735 560 2790 Aeolicis
569 2735 660 2790 modis
675 2737 847 2791 cantandum
857 2735 901 2805 (cf.
913 2735 944 2789 0.
956 2754 966 2787 1
977 2736 1032 2804 ros).
1054 2733 1127 2787 Hinc
1136 2733 1256 2804 proiecti
1270 2735 1326 2788 duo
1341 2734 1466 2791 carmina

190 2807 343 2861 Pindarum
365 2807 474 2862 misisse
498 2810 605 2862 veteres
628 2807 806 2878 grammatici
829 2809 859 2861 et
880 2806 1055 2860 Hermaunus
1074 2822 1167 2876 opusc.
1182 2824 1221 2859 vu
1241 2821 1278 2861 iss
1297 2809 1464 2876 statuerunt,

189 2878 243 2931 hoc
261 2896 372 2933 carmen
391 2878 543 2949 epinicium
561 2880 688 2934 mercede
707 2880 888 2947 conductum,
912 2876 1032 2932 alterum
1050 2876 1326 2947 hyporchematicum
1345 2894 1363 2931 a
1380 2880 1465 2948 poeta

190 2949 279 3020 gratis
298 2949 401 3019 (χάριν)
420 2949 563 3015 additum,
586 2951 665 3004 cuius
688 2951 801 3005 initium
824 2949 912 3003 fuisse
935 2948 1033 3002 dicunt
1057 2949 1137 3011 σύνες
1156 2947 1171 3002 δ
1189 2968 1233 3002 τοι
1252 2946 1334 3018 λέγω,
1353 2948 1465 3014 ζαθέων

190 3021 273 3088 ἱερῶν
292 3022 419 3144 ὁμώνυμε
437 3020 525 3088 πάτερ
544 3021 587 3090 (fr.
608 3025 664 3092 roo).
702 3022 740 3076 At
758 3022 811 3076 hoc
829 3025 955 3075 nostrum
974 3036 1087 3074 carmen
1105 3022 1164 3074 tam
1183 3019 1334 3074 artificiose
1353 3022 1383 3073 et
1401 3019 1464 3074 dili·

189 3095 288 3160 genter
314 3095 408 3145 actum
427 3095 478 3157 est,
497 3096 529 3146 ut
548 3092 584 3147 ad
603 3092 761 3163 legendum,
780 3109 836 3146 non
855 3092 893 3146 ad
911 3091 1083 3146 cantandum
1102 3094 1131 3146 et
1149 3091 1310 3145 saltandum
1328 3089 1358 3144 id
1377 3090 1464 3145 desti·

189 3167 288 3216 natum
301 3163 388 3218 fuisse
400 3162 484 3233 plane
498 3163 684 3234 improbabile
695 3163 739 3219 sit.
759 3164 867 3218 Deinde
876 3163 984 3218 numeri
994 3166 1023 3218 et
1037 3162 1126 3217 oratio
1142 3162 1224 3216 huius
1239 3161 1370 3217 carminis
1379 3161 1464 3232 plane

190 3234 297 3289 Aeolici
317 3238 382 3288 sunt
400 3235 445 3304 (cf.
460 3233 571 3290 ἀυάταν
587 3255 613 3290 ι,
628 3253 654 3289 ιι
668 3238 697 3289 et
715 3235 746 3289 έν
765 3252 786 3290 ο.
803 3252 860 3290 aco.
875 3254 919 3291 ιι.
936 3253 959 3290 ιι
974 3237 1062 3303 etse),
1080 3239 1113 3288 ut
1126 3234 1272 3288 Aeolicum
1285 3234 1338 3288 hoc
1352 3251 1464 3290 carmen

189 3305 311 3360 Aeolicis
322 3305 424 3360 fidibus
434 3305 481 3359 vix
491 3306 595 3376 opponi
608 3306 739 3377 potuerit.
759 3306 885 3375 Denique
899 3306 1089 3377 hyporchema
1102 3305 1182 3373 illud,
1197 3306 1271 3374 quod
1285 3305 1463 3373 grammatici

188 3375 309 3432 afferunt
323 3377 366 3446 (fr.
383 3381 441 3447 ros),
460 3394 524 3431 cum
537 3378 686 3432 Hieronem
705 3378 782 3431 urbis
797 3379 905 3432 Aetnae
919 3378 1092 3432 conditorem
1111 3375 1243 3447 appellet,
1259 3393 1276 3430 a
1290 3377 1463 3447 temporibus

189 3447 272 3501 huius
292 3448 424 3504 carminis
450 3448 572 3502 alienum
591 3453 641 3504 est.
680 3448 741 3514 Qua
759 3451 794 3503 de
814 3466 901 3503 causa
919 3467 982 3502 cum
1000 3448 1142 3503 Boeckhio
1161 3448 1252 3517 magis
1271 3447 1301 3501 in
1320 3464 1383 3502 eam
1402 3466 1463 3503 sen-

187 3520 308 3573 tentiam
333 3519 452 3588 inclino,
479 3522 511 3573 ut
535 3537 590 3574 non
616 3520 671 3576 duo
697 3519 835 3589 carmina,
863 3521 912 3574 sed
937 3521 1063 3574 eiusdem
1088 3519 1170 3572 huius
1190 3518 1321 3573 carminis
1340 3520 1427 3573 verba
1445 3537 1463 3574 a

189 3591 310 3646 Pindaro
329 3592 407 3645 facta
426 3600 455 3645 et
473 3589 653 3646 saltationem
673 3592 788 3647 Hieroni
807 3591 910 3646 fidibus
930 3591 1069 3645 accinenti
1088 3590 1290 3644 instituendam
1309 3590 1463 3660 significari

188 3662 296 3716 ducam.
317 3662 423 3727 Quodsi
433 3663 475 3716 ita
485 3666 535 3730 est,
545 3662 628 3734 χάριν
638 3667 757 3734 apparet
765 3681 821 3717 non
832 3663 1037 3733 appositionem
1048 3679 1108 3715 esse
1117 3661 1238 3716 nominis
1248 3662 1279 3715 τὸ
1290 3659 1463 3730 Καστόρειον

189 3752 278 3802 neque
303 3749 416 3788 carmen
485 3733 522 3788 tis
541 3734 658 3789 missum
681 3735 848 3805 significare,
872 3735 921 3788 sed
945 3751 1008 3787 curn
1031 3734 1183 3802 ἀντόμενος
1201 3734 1237 3786 ad
1257 3750 1384 3787 normam
1402 3751 1462 3788 ver-

190 3806 289 3858 borum
308 3805 393 3860 eundi
412 3808 438 3873 (e
452 3848 457 3858 .
473 3806 504 3860 0.
519 3825 536 3858 x
551 3809 588 3875 ss)
608 3806 833 3877 coniungendum
852 3822 912 3859 esse
935 3805 1008 3858 hanc
1027 3805 1056 3858 in
1075 3804 1255 3859 seutentiam:
1280 3804 1461 3859 saltationem

188 3876 350 3931 Castoream
368 3876 490 3931 Aeolicis
513 3878 617 3931 fidibus
640 3879 746 3932 factam
770 3879 879 3947 specta,
898 3881 1009 3946 gratam
1028 3876 1250 3946 heptachordum
1267 3875 1462 3945 phormingem

188 3949 370 4018 prehendens.
389 3981 424 3989 -
444 3955 485 4003 ιδ.
505 3948 593 4018 γένοι’
615 3947 673 4013 οἷος
691 3949 746 4004 ἐσσὶ
767 3950 881 4019 μαθών
901 3951 1015 4017 praesta
1030 3948 1172 4013 totalem,
1192 3947 1305 4015 qualern
1324 3965 1341 4000 a
1359 3951 1462 4002 natura

186 4024 214 4072 tc
233 4020 340 4074 frictum
358 4036 418 4074 esse
439 4021 613 4091 cognoverim
638 4021 759 4091 primum
781 4021 870 4092 igitur
893 4020 1017 4073 omnium
1040 4036 1119 4087 cura,
1139 4018 1214 4086 quod
1237 4018 1374 4088 Delphica
1399 4035 1460 4073 sen·

188 4091 279 4144 tentia
298 4096 390 4160 γνῶθι
408 4090 526 4146 σεαυτόν
544 4092 691 4162 praecipit,
711 4096 742 4145 ut
760 4095 787 4145 te
803 4092 895 4161 ipsum
909 4107 1070 4159 cognoscas,
1089 4107 1123 4144 ne
1143 4088 1281 4158 quidquid
1300 4089 1460 4145 adulatores

186 4163 221 4215 de
246 4165 274 4215 te
300 4162 411 4230 tuisque
437 4163 621 4217 facultatibus
648 4163 825 4233 praedicant,
851 4162 981 4216 credulus
1008 4161 1107 4215 audias
1132 4192 1164 4200 -
1188 4157 1272 4223 καλός
1290 4180 1334 4215 τοι
1351 4164 1459 4215 πιθών·

186 4233 300 4302 respicit
315 4232 437 4286 Galenus
452 4234 487 4288 de
501 4252 553 4288 usu
572 4239 642 4304 part.
658 4254 669 4287 1
683 4252 721 4290 ss:
740 4232 824 4296 καλός
842 4253 883 4287 τοι
903 4232 1026 4302 πίθηκος
1043 4232 1121 4301 παρὰ
1139 4233 1238 4287 παισίν
1257 4230 1321 4301 αἰεί,
1337 4230 1406 4302 φησί
1419 4253 1462 4297 τις

186 4313 240 4357 τῶν
263 4309 403 4370 παλαιῶν,
428 4305 646 4375 ἀναμιμνήσκων
669 4306 741 4374 ἡμᾶς
764 4305 800 4369 ὥς
819 4305 893 4360 ἐστιν
912 4305 1028 4375 ἀθορμα
1047 4308 1155 4373 γελοῖον
1173 4301 1331 4370 παιζόντων
1348 4307 1460 4360 παίδων

185 4384 266 4429 τοῦτο
294 4375 325 4428 τὸ
354 4379 431 4448 ζῷον.
478 4377 518 4430 De
546 4381 655 4431 contem
676 4382 706 4432 tu
740 4377 838 4432 simias
866 4378 937 4430 conf.
961 4376 1102 4446 Aristoph.
1126 4376 1197 4429 Rau.
1222 4393 1274 4430 roeo
1306 4374 1461 4448 βωμολόγοι
1488 4431 1490 4434 ⁴

186 4445 378 4516 δημοπίθιγιιοι
391 4479 427 4487 ·-
442 4446 525 4511 καλός
540 4492 545 4501 .
558 4492 579 4502 ..
597 4397 691 4512 sutdi-
711 4449 815 4504 iterata
828 4449 881 4501 hac
896 4448 1099 4503 acclamatione
1116 4447 1208 4501 lusum
1222 4465 1372 4517 puerorum
1385 4448 1461 4503 ludit

186 4518 273 4572 stulte
300 4521 411 4587 turpem
436 4519 556 4573 bestiam
583 4519 797 4575 blandientium.
836 4520 971 4575 Similiter
995 4518 1229 4573 acclamationem
1254 4517 1350 4587 καλός,
1376 4519 1460 4582 καλός

185 4590 290 4643 iterant
308 4589 472 4643 Theocritus
490 4610 539 4643 vur
558 4607 592 4653 sa,
620 4591 690 4645 Bion
708 4612 719 4644 1
737 4610 771 4661 ιι,
800 4591 988 4645 Callimachus
1008 4591 1095 4661 epigr.
1110 4608 1136 4645 ao
1155 4624 1190 4630 -
1209 4597 1250 4645 73.
1278 4591 1458 4645 Rhadaman-

185 4664 257 4729 tum,
281 4661 330 4730 qui
354 4661 429 4730 quod
455 4678 551 4716 severo
570 4661 675 4716 iudicio
694 4663 789 4718 omnia
807 4663 947 4732 expendat
965 4680 1072 4716 summo
1091 4662 1195 4716 honore
1213 4663 1324 4731 floreat,
1344 4662 1458 4717 Hieroni

186 4732 222 4784 ad
241 4733 439 4786 aemulandum
457 4733 591 4819 proponit
609 4766 641 4774 -
662 4740 703 4788 76.
728 4732 907 4804 ἀμφοτέροις·
933 4733 1031 4788 schol:
1055 4735 1103 4787 καλ
1125 4738 1163 4787 τῶ
1183 4733 1391 4806 διαβαλλομένῳ
1410 4735 1459 4787 καὶ

185 4807 222 4875 τῷ
241 4804 310 4872 πρὸς
330 4802 362 4858 δν
381 4806 580 4876 διαβαλλοοσιν
599 4836 631 4844 -
651 4807 806 4878 διαβολιᾶν,
825 4806 963 4874 producta
980 4805 1073 4859 vocali
1091 4791 1170 4859 finali
1187 4803 1404 4874 praepositionis
1421 4805 1457 4858 ad

186 4890 350 4929 concursum
364 4875 492 4930 brevium
506 4875 679 4944 syllabarum
693 4877 848 4946 vitandum,
864 4880 896 4930 ut
909 4876 1032 4948 Theogn.
1042 4892 1082 4932 oss
1096 4874 1224 4949 διᾶβολίγ
1239 4907 1272 4915 -
1287 4874 1457 4944 ὑποφάτιες·
