3406 5378
210 339 275 403 390
769 343 918 395 PINDARI

209 505 241 566 ἐν
265 501 329 591 ᾠδῇ
352 506 429 593 κόμη
449 529 477 568 τε
496 516 588 592 χρυσῇ
606 506 656 568 καί
674 508 775 589 λύραις
795 501 877 588 (fort.
898 501 986 593 λύρᾳ)
1005 507 1215 587 κοσμήσαντες,
1236 508 1368 581 κύκνοις
1390 505 1504 588 ἔποχον

209 595 252 668 είς
275 592 420 658 Ἑλικῶνα
443 595 605 676 πέμπουσι,
629 597 769 670 Μούσαις
793 597 902 677 Χοίρισί
928 619 957 657 τε
985 593 1060 676 ὁμοῦ
1087 599 1329 678 συμχορεύσοντα,
1360 632 1407 639 —-
1431 598 1503 658 Huc

209 686 340 763 pertinet
363 687 454 746 etiam
477 687 639 746 Menander
661 687 746 746 Rhet.
762 708 805 766 gr.
820 706 855 745 111
870 698 921 746 437
947 687 1009 764 Sp.:
1033 684 1181 767 προύλαβε
1205 685 1237 748 δὲ
1260 686 1312 748 καὶ
1336 687 1503 768 Πίνδαρος

210 773 325 853 δμνους
347 775 473 855 μράφων
496 774 538 848 εἰς
561 774 612 836 τὸν
637 773 710 836 θεὸν
734 772 835 849 ἀξίους
858 784 910 854 τῆς
933 773 1048 837 ἐκείνου
1070 777 1169 857 λύρας.

774 947 949 1034 mm}

324 1194 328 1202 '
423 1183 603 1247 Δωδωναῖε
627 1180 857 1265 μεγάσ-θευες,
881 1180 1096 1265 ἀριστύτεχνα
1118 1181 1228 1266 πάτερ.

301 1472 397 1533 Schol.
422 1472 460 1532 ad
485 1473 574 1549 Soph.
594 1472 698 1531 Treeh.
721 1483 787 1531 17⁶2:
811 1469 979 1551 Εὐριπίδης
1003 1475 1078 1549 τρεῖς
1100 1469 1250 1550 μεμονέναι
1277 1470 1377 1548 φησίν
1401 1471 1502 1547 αὐτούς

212 1553 418 1643 (Πελειάδας),
447 1561 478 1621 οί
503 1558 534 1620 δὲ
563 1560 617 1621 δύο
645 1558 695 1619 καὶ
722 1558 777 1637 τήν
801 1556 854 1639 μὲν
878 1559 920 1632 είς
944 1560 1066 1638 Λιβύην
1089 1556 1250 1637 ἀφικέσθαι
1276 1559 1432 1641 Θήβηθεν
1457 1563 1501 1636 είς

209 1648 240 1709 τὸ
266 1658 318 1708 τοῦ
339 1645 497 1729 ’Ἀμμωυος
521 1647 712 1731 χρηστήριον,
740 1647 793 1727 τήν
818 1646 892 1727 (dd)
915 1647 981 1729 περί
1004 1647 1058 1726 τήν
1082 1647 1251 1727 Δωδώνην,
1274 1646 1314 1721 ὡς
1338 1649 1391 1712 καὶ
1417 1652 1500 1712 Πίν-

210 1738 299 1819 δαρος
323 1741 462 1801 Παιᾶσιν.

774 1839 920 1924 nffl.

300 1952 397 2012 Strab.
421 1971 463 2012 vn
488 1963 555 2012 328:
587 1950 711 2033 πότερον
742 1947 773 2011 δὲ
805 1950 859 2032 χρή
887 1949 979 2031 λέγειν
1008 1947 1166 2029 Ἐλλούς,
1199 1948 1239 2024 ὥς
1271 1951 1451 2032 Πίνδαρος,
1479 1952 1501 2035 ἣ

211 2042 354 2119 Σελλούς,
382 2038 422 2113 ὡς
449 2039 631 2102 ὑπονοοῦσιν
659 2034 729 2121 παρ’
751 2037 869 2126 Ὁμήρῳ
897 2046 1030 2119 κεῖσθαι,
1054 2036 1072 2118 ἡ
1096 2038 1197 2120 γραφή
1220 2038 1391 2120 ἀμφίβολος
1418 2035 1501 2104 οὖσα

211 2129 265 2191 οὐκ
292 2129 326 2214 ε’ήι
355 2131 593 2210 διισχυρίζεσθαι.
640 2130 736 2191 Schol.
760 2130 847 2191 Hom.
871 2133 905 2189 Π
925 2142 1003 2211 234.v
1030 2131 1079 2189 Et.
1103 2131 1142 2189 Μ.
1168 2142 1231 2210 709,
1255 2142 1303 2190 38:
1335 2131 1499 2215 Πίνδαρος

208 2215 308 2281 Ἑλλοί
327 2218 415 2299 χωρίς
438 2229 490 2280 τοῦ
514 2223 539 2279 σ.

775 2321 921 2406 mm}

302 2433 400 2496 Strab.
424 2452 467 2494 vu
491 2443 556 2493 328:
581 2433 612 2494 οί
631 2433 765 2513 τραγικοί
791 2454 820 2492 τε
847 2431 896 2493 καί
920 2433 1073 2513 Πίνδαρος
1098 2433 1328 2512 Θεσπρωτίδα
1357 2434 1501 2513 εἰρήκασι

209 2521 264 2600 τήν
288 2521 449 2600 Δωδώνην.

743 2623 922 2739 σφω

421 2820 663 2870 υἱ-υυ-υ-
735 2861 752 2869 ..

428 3018 469 3078 Τι’
491 3012 519 3077 δ’
549 3017 659 3078 ἔλπεαι
683 3018 806 3097 σοφίαν
830 3054 843 3062 -
868 3016 981 3099 ἔμμεν,
1006 3007 1026 3100 ᾇ
1049 3012 1078 3078 τ’
1104 3014 1218 3097 ὀλίγον

424 3120 507 3205 ἀνήρ
533 3116 613 3204 ὑπὲρ
638 3119 760 3204 ἀνδρὸς
784 3120 903 3204 ίσχύεις

424 3228 463 3292 οὐ
487 3228 550 3309 γὰρ
574 3225 646 3292 ἐσθ’
675 3227 763 3304 ὅπως
785 3227 824 3291 τά
846 3233 939 3292 θεῶν
961 3228 1156 3313 βουλεύματ’
1184 3228 1317 3314 ε’ρευνιί-

467 3351 516 3398 σει
540 3333 659 3421 βροτέμ
682 3339 794 3418 φρενί·
817 3341 959 3410 θνα-τᾶς
983 3333 1015 3399 δ’
1040 3335 1104 3400 ἀπὸ
1127 3339 1249 3421 ματρὸς
1272 3340 1347 3420 ἔφυ.

773 3517 918 3593 ww

299 3625 396 3686 Schol.
419 3626 516 3701 Apoll.
541 3625 634 3685 Rhod.
659 3645 669 3684 1
696 3638 776 3685 1086:
805 3518 908 3702 εἵδηφε
936 3622 967 3684 δὲ
995 3623 1029 3684 τὰ
1057 3624 1203 3707 περὶτῶν
1227 3623 1384 3688 ἀλκυόνων
1407 3630 1490 3709 παρὰ

211 3713 367 3794 Πινδάρου
390 3711 422 3773 ἕκ
446 3713 597 3773 Παιάνων.
636 3712 762 3793 εὐλόγως
785 3711 816 3773 δὲ
841 3711 932 3774 ὄσσαν
956 3707 1017 3774 είπε
1041 3713 1094 3791 τήν
1118 3713 1263 3787 ἀλκυόνος
1281 3717 1403 3794 φωνήν·
1430 3717 1490 3779 ὑπὸ

210 3802 265 3884 γὰρ
280 3798 375 3883 Ἥρας
398 3795 437 3882 ήν
460 3800 676 3881 ἀπεσταλμένη,
700 3803 739 3874 ὥς
763 3820 837 3880 φησι
861 3803 1018 3884 Πίνδαρος.

280 4007 322 4063 Fr.
343 4013 384 4061 57.
423 4007 475 4061 Dio
495 4007 589 4076 Chrys.
610 4024 647 4061 or.
668 4027 706 4061 κει
725 4026 763 4077 υτ,
786 4028 811 4079 p.
831 4026 870 4063 416
889 4010 934 4065 R.:
959 4008 1024 4063 οὐδὲ
1044 4014 1123 4072 θεοῖς
1141 4018 1210 4063 πᾶσι
1230 4010 1352 4065 δυνατὸν
1373 4008 1389 4079 ἦ
1408 4011 1488 4086 μόνῳ

208 4080 296 4152 τούτῳ
311 4079 411 4150 σχεδὸν
426 4077 458 4133 ὃν
472 4078 548 4133 τισίνυ
564 4083 652 4142 καλῶς
666 4081 784 4149 ποιητής
796 4089 946 4148 προσεῖπεν
961 4079 1064 4148 ἕτερος
1086 4084 1267 4136 Δωδωναῖε
1287 4087 1342 4136 κτλ.
1369 4082 1487 4139 Pindari

142 4160 152 4184 ⁶
208 4168 310 4206 nomen
329 4150 410 4205 addit
427 4150 502 4204 Plut.
522 4150 616 4205 Praec.
638 4151 704 4220 reip.
724 4169 781 4221 ger.
802 4170 839 4207 ιιι
864 4151 928 4206 ὁδε
952 4152 1093 4216 πολιτικὸς
1116 4152 1362 4223 ἀριστοτέχνας
1385 4175 1427 4217 τις
1447 4153 1487 4210 δον

209 4222 281 4276 κατὰ
302 4220 445 4289 Πίνδαρον
465 4222 513 4274 καλ
532 4223 699 4291 δημιουργὸς
719 4221 849 4293 εὐνομίας
867 4225 915 4276 καί
934 4220 1023 4290 δίκας,
1042 4224 1119 4277 Idem
1138 4224 1178 4277 De
1198 4241 1248 4279 ser.
1268 4242 1342 4280 num.
1360 4225 1438 4280 vind.
1459 4246 1485 4284 ιε

209 4295 257 4346 καί
278 4291 420 4360 Πίνδαρος
439 4292 626 4362 ἐμαρτύρησεν
645 4292 893 4365 ἀριστοτέχναν
913 4295 1140 4363 ἀνακαλούμενος
1158 4295 1207 4350 τὸν
1226 4295 1349 4365 ἄρχοντα
1368 4298 1416 4351 καλ
1436 4299 1484 4351 κύ-

210 4385 271 4432 ριον
290 4365 424 4417 ἁπάντων
442 4364 527 4430 θεόν,
546 4365 582 4427 ὡς
601 4365 635 4434 δή
656 4367 735 4434 δίκης
754 4365 821 4421 ὄντα
841 4363 1018 4434 δημιουργόν.
1050 4366 1215 4435 Respicinnt
1232 4366 1305 4420 Plut.
1327 4368 1360 4421 de
1381 4368 1435 4422 fec.
1456 4369 1485 4422 in

209 4435 267 4490 orb.
284 4435 339 4488 lun.
357 4452 389 4501 τι,
410 4434 472 4488 ndv.
489 4434 572 4489 Stoic.
589 4452 621 4504 ιι,
641 4435 952 4506 Quaest.symp.1n‚n‚
972 4435 1057 4491 Clem.
1073 4438 1150 4492 Alex.
1167 4438 1265 4493 Strom.
1283 4458 1299 4492 v
1315 4455 1361 4503 nn,
1381 4438 1484 4495 Eueeb.

209 4506 279 4559 Prae
302 4551 306 4559 .
327 4524 367 4559 ev.
388 4525 436 4558 σαι
455 4522 495 4559 ου»
514 4506 551 4573 Β,
572 4506 707 4577 Epiphen.
728 4508 790 4562 adv.
810 4508 885 4562 haer.
904 4525 939 4576 ει,
959 4525 990 4562 ιο.

280 4525 323 4630 δύο,
344 4583 385 4631 61.
424 4576 500 4632 seon.
521 4577 804 4648 E‹.·,l.pl1ye.111‚e:
833 4577 979 4646 Πινδάρου
1005 4579 1146 4634 παιάνων·
1175 4577 1206 4634 τί
1232 4578 1262 4633 δ’
1284 4580 1401 4634 ἔλπεαι
1428 4586 1485 4637 κτλ.

209 4648 314 4702 Eadem
338 4650 386 4702 σεδ
411 4647 503 4702 σείουσι
527 4649 637 4719 integre
662 4650 782 4705 efferunt
801 4649 885 4703 Clem.
905 4651 982 4706 Alex.
1002 4651 1101 4706 Strom.
1122 4672 1139 4705 v
1157 4668 1196 4706 nze
1215 4654 1245 4706 et
1263 4651 1363 4707 Euseb.
1383 4652 1484 4724 Praep.

209 4737 249 4775 ev.
266 4740 314 4774 xm
330 4737 369 4775 σεε
383 4720 405 4772 Β
421 4752 453 4759 -
471 4728 493 4774 l.
511 4720 594 4789 ἔμμεν
609 4721 709 4791 Bergk,
725 4722 840 4791 ἔμμεναι
854 4721 975 4789 Boeekh‚
991 4717 1063 4776 εἶναι
1078 4722 1163 4794 vulgo
1178 4755 1211 4763 -
1227 4718 1285 4777 ἆτ’
1303 4721 1397 4793 ὀλίγον
1410 4726 1484 4780 coni.

209 4778 1485 4867 nmssmmmmem-mmmmfflwwmm.
