3406 5378
524 370 572 422 111.
599 370 648 419 Dr:
667 371 775 421 Ll'lllS
794 372 839 421 ΕΤ
859 372 1035 426 EPINICIIS.
1306 371 1418 425 LXXXI

135 530 209 597 Iam
244 530 272 596 si
305 536 379 596 octo
416 536 654 596 concertatores
689 532 755 596 sire
793 538 932 617 quatuor
968 533 1060 618 paria
1096 538 1204 611 erant,
1240 536 1416 619 aequitatis

136 638 222 705 ratio
253 638 435 723 postulasse
464 639 605 721 videtur,
636 644 673 701 ut
700 639 841 723 primum
869 640 932 703 dno
960 641 1070 725 priora
1097 641 1189 725 paria
1216 646 1250 705 et
1279 641 1419 705 uictores

136 744 257 809 horum
295 745 432 810 duorum
473 745 600 829 parium
638 750 816 829 certarent,
860 747 974 811 deinde
1011 748 1074 811 duo
1112 748 1214 812 altera
1257 748 1348 831 paria
1384 753 1418 812 et

137 852 280 917 victores
309 852 426 916 horum
453 852 594 937 parium,
622 852 661 915 ad
689 858 868 917 extremum
897 854 953 937 qui
982 876 1021 919 ex
1044 854 1170 918 dnobus
1199 854 1361 939 prioribus
1386 859 1419 918 et

139 959 266 1025 dnobus
290 959 401 1025 alteris
423 960 556 1044 paribus
580 958 719 1023 victores
743 960 957 1025 discesserant
981 961 1066 1026 inter
1089 983 1123 1026 se
1147 963 1185 1025 de
1207 984 1419 1026 1111111111]-

139 1067 303 1154 fligerent3
339 1067 385 1132 sic
422 1072 555 1152 septena
587 1066 763 1131 certamina
795 1068 1002 1149 exstiterunt,
1040 1074 1072 1131 et
1106 1069 1160 1151 qui
1194 1069 1234 1132 ad
1266 1067 1417 1132 ultimum

138 1172 246 1238 victor
268 1172 415 1257 decessit,
437 1178 487 1237 ter
508 1173 544 1236 in
566 1195 697 1237 arenam
720 1173 936 1238 descenderat.
981 1173 1103 1238 Verum
1125 1174 1154 1238 si
1178 1196 1244 1239 non
1267 1174 1418 1259 religiose

138 1279 176 1344 in
198 1302 233 1344 re
253 1279 376 1345 ludicra
394 1278 567 1364 aequitatis
587 1279 675 1364 leges
695 1281 960 1364 observabantur,
983 1280 1045 1344 hoc
1064 1302 1192 1364 quoque
1211 1279 1282 1344 fieri
1301 1279 1419 1363 potuit,

139 1391 178 1451 ut
205 1392 379 1471 postquam
408 1386 539 1471 quinam
567 1408 605 1448 ex
631 1386 756 1450 duobus
780 1386 893 1472 primis
917 1386 1050 1471 paribus
1074 1386 1236 1451 dexterior
1259 1390 1346 1451 esset
1368 1408 1420 1450 ex-

138 1493 302 1578 ploratum
326 1498 404 1576 erat,
427 1493 561 1557 tertium
585 1514 643 1576 par
667 1493 923 1558 committeretur
947 1499 979 1558 et
1003 1493 1116 1579 quiin
1140 1514 1178 1557 eo
1203 1493 1324 1557 vicerat
1343 1506 1416 1557 cum

134 1600 258 1665 victore
281 1599 339 1664 illo
363 1602 500 1664 duorum
525 1599 704 1685 primorum
726 1602 852 1685 parium
877 1605 1025 1685 certaret,
1047 1600 1161 1665 exinde
1185 1605 1337 1683 quartum
1359 1623 1418 1684 par

133 1707 394 1773 committeretur
415 1712 448 1772 11
467 1706 507 1771 ad
525 1712 705 1771 extremum
724 1707 828 1772 victor
848 1708 956 1792 quarti
975 1707 1062 1793 paris
1083 1729 1156 1771 cum
1175 1707 1298 1771 victore
1317 1706 1416 1771 trium

134 1813 282 1900 priorum
310 1814 438 1898 parium
466 1814 504 1878 de
534 1814 677 1898 praemio
706 1819 853 1879 certaret.
901 1814 954 1879 Sic
983 1813 1119 1878 totidem
1143 1810 1298 1900 (septem)
1321 1818 1418 1897 atquc

135 1921 172 1985 in
191 1921 356 2005 superiore
376 1920 519 1986 certandi
539 1920 634 1984 modo
655 1922 833 1986 certamina
851 1921 939 1985 facta
958 1925 1043 2004 sunt,
1063 1919 1118 1984 sed
1139 1920 1193 2004 qui
1214 1920 1254 1983 ad
1268 1919 1419 1983 ultimum

136 2027 242 2092 victor
265 2027 525 2109 renuntiabatur,
547 2050 614 2091 non
638 2034 688 2091 ter
712 2029 767 2092 sed
791 2033 905 2112 quater
928 2028 962 2091 in
986 2050 1116 2091 arenam
1140 2027 1356 2091 descenderat.

228 2132 286 2199 Sin
314 2134 420 2220 impar
447 2156 600 2198 numerus
629 2155 754 2219 eorum,
782 2136 836 2218 qui
865 2135 997 2198 nomina
1025 2134 1192 2219 dederant,
1222 2138 1306 2216 erat,
1335 2154 1418 2196 nnus

138 2240 196 2327 qui
214 2241 457 2326 relinquebatur
475 2241 615 2325 ἔφεδρος
635 2241 740 2305 dictus
759 2246 808 2304 est
833 2241 873 2304 ab
894 2263 941 2323 ec,
965 2241 1050 2324 quod
1070 2240 1186 2304 ceteris
1206 2239 1420 2304 insidiabatur

138 2351 173 2413 et
205 2349 337 2432 quinam
369 2349 474 2413 exitus
507 2348 653 2432 pricrnrn
686 2347 898 2411 certaminum
930 2346 1060 2410 futurus
1089 2351 1176 2410 esset
1203 2345 1419 2429 exspectabat.

139 2454 281 2520 Felicem
305 2455 374 2521 eius
399 2461 519 2520 sortem
543 2454 652 2538 fuisse,
676 2452 761 2536 quod
784 2452 912 2537 integer
935 2474 1008 2516 cum
1027 2452 1114 2515 fesso
1134 2456 1296 2516 certamen
1316 2450 1421 2532 iniret,

138 2583 207 2626 non
224 2561 330 2626 solum
346 2561 507 2626 Lucienus
527 2560 581 2624 1.1.
602 2559 692 2643 dixit,
711 2559 766 2623 sed
785 2559 884 2623 etiam
903 2564 1017 2624 auctor
1036 2558 1123 2621 tituli
1139 2556 1299 2641 Olympici
1313 2579 1344 2620 n.
1361 2558 1420 2621 146

139 2668 252 2753 (Arch.
272 2668 350 2733 Zeit.
374 2670 456 2734 1818
481 2693 509 2752 p.
529 2669 602 2755 91),
630 2688 694 2751 quo
718 2664 753 2730 P.
774 2664 942 2730 Cornelius
968 2665 1103 2729 Ariston
1126 2662 1294 2749 pancratio
1318 2662 1422 2726 victor

141 2774 191 2840 01.
210 2794 301 2842 ccvn
324 2796 390 2840 non
413 2776 563 2839 fortunae
594 2773 645 2838 vel
673 2773 771 2837 sortis
800 2773 970 2855 beneficio,
999 2772 1055 2836 sed
1078 2793 1208 2836 suarum
1232 2769 1350 2833 virium
1374 2790 1422 2832 ro-

139 2883 218 2947 bore
245 2905 279 2947 se
303 2882 417 2948 vicisse
441 2882 555 2947 iactat:

314 3034 440 3118 οὐγὰρ
465 3032 501 3096 ἐν
523 3032 657 3117 εὐτυχίῃ
680 3034 805 3118 κλήρου
829 3037 959 3114 στέφος,
982 3029 1055 3096 ἀλλ’
1077 3029 1248 3114 ἑφεὸρείης

359 3137 460 3226 χωρὶς
482 3137 537 3203 ἀπ’
561 3136 715 3222 Ἀλφειοῦ
738 3136 792 3202 καὶ
816 3139 899 3213 Διὸς
921 3135 1159 3221 ἠσπασάμην.1)

143 3309 250 3393 Atque
278 3307 331 3373 hic
358 3330 486 3393 quoque
515 3308 542 3371 si
571 3313 636 3372 tres
664 3307 846 3389 certabant,
875 3305 1011 3389 simplex
1040 3311 1072 3370 et
1101 3304 1206 3369 facilis
1232 3307 1302 3367 erat
1324 3304 1423 3386 rati03

142 3415 295 3480 nimirum
322 3415 461 3501 primum
487 3414 543 3498 qui
570 3414 703 3479 eandem
731 3412 873 3477 litteram
898 3412 1056 3476 duxerant
1078 3412 1164 3475 inter
1188 3432 1221 3475 se
1245 3410 1423 3493 certabant,

143 3522 255 3587 deinde
275 3522 330 3608 qui
350 3545 388 3586 ex
411 3522 462 3586 bis
482 3521 607 3585 duobus
627 3521 749 3585 vicerat
767 3542 839 3584 cnm
864 3519 1004 3603 ephedro
1023 3517 1305 3604 committebatur3
1326 3520 1423 3599 atque

144 3651 220 3695 sane
247 3635 318 3694 tum
344 3629 423 3694 felix
451 3650 521 3693 sors
550 3627 681 3712 ephedri
709 3631 793 3710 crat,
822 3630 858 3688 nt
886 3625 937 3690 cui
965 3624 1103 3711 integris
1126 3623 1250 3688 viribus
1279 3646 1352 3688 cum
1376 3644 1423 3704 eo,

145 3736 200 3821 qui
223 3736 442 3801 antecedentis
466 3734 653 3800 certaminis
677 3730 940 3798 contentionibus
964 3732 1029 3795 iam
1049 3754 1124 3795 snas
1143 3730 1225 3795 vires
1245 3729 1424 3811 attriverat,

144 3848 267 3908 certare
299 3842 483 3929 contigerit.
531 3838 593 3905 Sed
626 3839 789 3904 difficilior
822 3844 891 3902 erat
923 3860 1034 3920 causa,
1066 3836 1093 3900 si
1126 3836 1267 3921 quinque
1300 3839 1424 3917 septem

143 3972 259 4015 novem
288 3950 420 4015 nomina
447 3949 615 4031 dederant,
645 3947 696 4011 vel
720 3945 746 4010 si
771 3969 809 4009 ex
834 3945 974 4029 quinque
1000 3943 1145 4027 paribnS,
1176 3962 1259 4024 quae
1282 3940 1423 4025 primum

145 4057 317 4122 commissa
346 4062 450 4141 erant,
483 4056 624 4139 quinque
654 4053 792 4118 victores
821 4056 998 4117 evaserant.
1049 4048 1115 4114 Fac
1141 4069 1258 4112 novem
1286 4046 1420 4110 nomina

143 4164 307 4247 professos
330 4187 412 4247 esse3
440 4185 480 4227 ex
502 4162 553 4226 his
576 4160 717 4245 primum
741 4166 881 4244 quatuor
903 4157 995 4242 paria
1018 4161 1105 4221 sorte
1129 4155 1330 4238 factasunt,
1356 4152 1424 4236 qui-

235 4399 261 4463 1)
284 4393 351 4447 [nde
377 4394 495 4462 apparet
519 4409 580 4459 cur,
607 4390 631 4444 si
654 4389 717 4458 quis
742 4407 797 4442 non
824 4387 962 4458 ephedrns
986 4387 1060 4438 sorte
1084 4383 1188 4451 laetus,
1215 4381 1303 4436 nihilo
1328 4380 1420 4435 minus

144 4463 268 4533 palmam
286 4472 433 4531 meruerat,
453 4480 482 4516 se
501 4460 660 4530 ἀνέφεδρον
679 4463 708 4513 in
727 4459 810 4513 titulo
830 4457 978 4512 honorario
996 4455 1186 4526 praedicaret,
1205 4454 1286 4508 utin
1304 4452 1421 4523 inscrip-

144 4535 269 4590 tionibus
288 4534 442 4605 Olympicis
465 4553 491 4588 n.
508 4539 566 4587 146.
588 4538 646 4587 147.
668 4536 718 4585 148
742 4532 848 4584 tactum
871 4529 1006 4583 videmur.
1045 4528 1122 4581 Unus
1141 4527 1253 4581 obstare
1272 4525 1423 4579 videbatur

144 4606 245 4660 titulus
263 4625 290 4661 11.
301 4613 335 4660 28
353 4606 445 4676 (Arch.
461 4604 528 4658 Zeit.
545 4609 613 4657 1816
632 4623 658 4674 p.
670 4607 741 4671 223),
760 4619 815 4671 quo
835 4601 924 4655 victor
943 4617 972 4653 se
991 4600 1119 4653 iactabat
1138 4597 1292 4665 νικήσαντα
1310 4598 1423 4677 dederim

143 4678 345 4750 crayapctqrclv
369 4677 496 4745 ἔφεδρον.
534 4675 589 4729 Sed
612 4674 774 4729 felicissimo
798 4672 925 4728 acumine
944 4668 1424 4739 11111111111311,1111111118ἳὸ

166 4756 215 4804 ,91
235 4750 288 4804 hoc
307 4746 484 4803 obstaculum
503 4746 621 4800 removit
643 4746 718 4801 etin
738 4748 935 4816 argumentum
954 4742 1110 4797 contrariae
1130 4740 1170 4793 rei
1188 4739 1275 4793 vertit
1293 4737 1424 4791 lacunam

142 4768 249 4891 liupielis
270 4822 310 4875 sic
330 4819 457 4888 explens:
477 4816 665 4889 nayrodt[rov
684 4816 865 4889 dee'qedqov.

200 4922 326 4961 Piraeeus
340 4918 375 4959 ed.
390 4916 495 4957 Christ.
1201 4900 1215 4950 l'
