3406 5378
283 365 370 418 LXVI
788 366 1071 418 Pnonnoonnnn..

284 529 374 593 feriis
407 529 540 593 deorum
573 527 772 611 heroumque
810 528 927 592 adiecti
963 549 1033 592 esse
1066 527 1227 591 videntur.
1282 525 1391 612 Atque
1424 527 1569 611 primum

287 634 425 700 Doricae
449 635 608 718 civitates
636 639 673 698 ut
697 657 778 718 quae
803 634 962 720 gymnicis
986 632 1273 698 exercitationibus
1297 634 1436 698 maxime
1460 636 1570 700 stude

285 747 359 806 rent
377 748 410 807 et
429 741 519 806 feriis
538 742 672 805 deorum
691 740 855 826 splendide
870 741 1064 806 exornandis
1079 763 1239 806 summam
1254 762 1386 826 operam
1400 748 1569 827 navarent,

285 871 388 914 novos
411 849 505 913 ludos
528 848 699 912 instituere
723 853 912 934 coeperunt3
939 852 1054 933 postea
1082 853 1191 912 autem
1215 848 1314 913 etiam
1337 847 1467 914 Ionicae
1491 850 1569 914 civi-
1620 898 1627 911 .

285 961 370 1021 tates
396 978 468 1021 cum
493 955 575 1019 aliae
599 960 670 1018 tum
694 953 903 1020 Atheniensis
927 954 1070 1020 Doribus
1093 954 1236 1020 inferiis
1256 957 1389 1021 deorum
1408 956 1567 1042 augendis

286 1069 320 1128 et
344 1062 579 1149 amplificandis
604 1063 714 1126 cedere
737 1063 920 1127 uoluerunt.

372 1189 423 1253 Ex
451 1187 550 1252 variis
579 1187 819 1253 discriminibus
847 1188 1007 1272 ludorum,
1040 1211 1121 1272 quae
1149 1188 1269 1272 partim
1296 1188 1370 1253 inde
1399 1189 1439 1252 ab
1468 1188 1565 1254 initio

283 1296 429 1381 fuermrt,
455 1295 576 1381 partim
605 1299 788 1379 temporum
816 1296 952 1360 decursu
981 1300 1053 1360 orta
1076 1301 1166 1379 sunt,
1189 1295 1252 1359 duo
1275 1296 1338 1360 hoe
1361 1296 1432 1359 loco
1456 1296 1568 1360 adum·
1605 1379 1607 1382 Α

285 1404 380 1469 brare
404 1403 510 1467 risum
535 1408 594 1483 est,
616 1402 750 1466 tertium
777 1402 864 1466 infra
891 1402 1155 1467 examinabimus.
1201 1401 1347 1468 Primum
1371 1403 1412 1467 ad
1433 1407 1565 1487 tempus

283 1511 438 1596 pertinet,
470 1510 556 1593 quod
583 1509 669 1573 inter
696 1509 842 1595 singulos
870 1509 964 1573 ludos
992 1509 1244 1574 intericiebatun
1291 1509 1358 1574 Alii
1386 1510 1473 1575 enim
1495 1510 1566 1575 ludi

284 1623 377 1682 erant
400 1616 512 1699 annui,
536 1622 573 1680 ut
596 1616 706 1700 lolaii,
728 1616 784 1681 alii
808 1613 1240 1701 trieteriei1),ut1sthmiei
1264 1622 1297 1681 et
1321 1616 1484 1701 Nemeaei,
1508 1617 1565 1682 alii

288 1721 526 1809 penteteriei¹),
546 1729 582 1788 ut
596 1721 757 1807 Olympici
777 1728 809 1788 et
820 1722 942 1808 Pythii.
973 1722 1126 1788 Ordinem
1145 1728 1255 1789 autem
1274 1724 1474 1790 trieterieum
1488 1746 1565 1790 cum

283 1836 414 1895 vetusta
428 1836 612 1916 temporum
629 1830 832 1896 ordinatione
847 1836 880 1895 et
894 1852 1003 1894 mense
1018 1830 1202 1894 intercalari
1219 1831 1316 1896 tertio
1333 1853 1460 1916 quoque
1476 1853 1562 1896 anno

285 1937 363 2002 olim
378 1938 545 2003 duodecim
561 1938 726 2002 mensibus
742 1937 910 2001 lunaribus
930 1937 1005 2000 anni
1025 1936 1150 2001 adiecto
1170 1938 1340 2002 cohaerere
1358 1938 1424 2003 iam
1438 1942 1564 2003 veteres

283 2044 536 2130 chronographi,
570 2043 725 2109 Geminus
755 2046 774 2109 6
805 2048 839 2108 et
867 2044 1064 2110 Censorinus
1094 2045 1148 2128 18,
1180 2045 1297 2109 merito
1335 2043 1563 2131 statuerunt.²)

283 2151 405 2216 Idonea
428 2174 503 2216 vero
531 2151 670 2217 maxime
698 2153 738 2216 ad
765 2151 860 2215 ludos
885 2151 1053 2236 gymnicos
1080 2150 1245 2217 taciendos
1269 2152 1461 2216 videbantur
1484 2157 1564 2217 tem·

283 2279 364 2342 pora
387 2264 443 2322 aut
466 2259 590 2323 mediae
610 2259 758 2343 aestatis,
780 2258 940 2322 mensium
959 2256 1035 2321 Iulii
1054 2263 1088 2322 et
1106 2256 1263 2345 Augusti,
1287 2282 1350 2343 qua
1369 2263 1563 2343 tempestate

285 2364 436 2449 Olympia
468 2371 501 2430 et
534 2364 653 2450 Pythia
691 2371 764 2430 acta
801 2388 871 2429 esse
908 2370 1050 2448 constat,
1088 2371 1145 2429 aut
1176 2366 1275 2431 medii
1306 2367 1405 2451 veris,
1442 2367 1562 2432 mensis

285 2472 415 2556 Aprilis.
457 2472 567 2556 Atque
591 2472 619 2536 si
643 2476 871 2556 tempestatem
894 2472 970 2536 anni
994 2471 1101 2556 ipsam
1126 2478 1266 2558 spectas,
1288 2473 1373 2538 veris
1397 2496 1451 2539 aer
1469 2495 1563 2559 rege

283 2584 337 2643 tus
357 2580 463 2644 calore
483 2579 617 2644 aestatis
638 2579 743 2664 aptior
762 2579 875 2663 procul
890 2579 988 2643 dubio
1004 2584 1087 2664 erat3
1110 2580 1138 2643 si
1152 2579 1255 2644 nihilo
1270 2580 1377 2645 minus
1392 2580 1561 2665 Olympiae

283 2692 317 2750 ct
339 2687 541 2771 Delphorum
565 2693 598 2751 et
621 2685 762 2750 Nemeae
789 2686 973 2750 sacerdotes
997 2685 1122 2751 caelum
1146 2687 1304 2751 aestivum
1327 2688 1562 2772 praeferebant,

283 2793 402 2878 partim
425 2794 487 2859 hoc
511 2817 550 2859 ex
569 2793 796 2859 astronomicis
813 2792 995 2857 rationibus
1018 2793 1156 2877 annique
1176 2792 1291 2859 Graeci
1310 2795 1418 2877 initia,
1442 2794 1561 2879 partim

283 2923 321 2964 ex
345 2906 491 2984 tempore
513 2901 642 2984 messis,
666 2922 730 2983 qua
753 2899 896 2984 perfecta
915 2899 976 2964 diis
996 2901 1223 2985 operabantur,
1246 2901 1470 2986 explicandum
1490 2924 1561 2966 esse

282 3007 418 3071 videtur,
456 3008 628 3072 Praeterea
650 3012 682 3071 et
706 3006 825 3070 rationi
848 3012 882 3070 et
904 3006 977 3071 usui
1002 3013 1253 3073 consentaneum
1276 3031 1347 3073 esse
1365 3009 1501 3092 videtur,
1524 3015 1561 3073 ut

282 3113 375 3178 ludos
404 3114 535 3179 eosdem
563 3115 675 3178 eodem
703 3135 831 3198 quoque
855 3135 982 3198 semper
1005 3119 1151 3200 tempore
1175 3116 1251 3180 anni
1274 3116 1380 3181 factos
1404 3139 1472 3181 esse
1497 3138 1561 3181 ere·

283 3222 406 3286 (lamus.
457 3221 507 3284 Ab
540 3220 602 3286 hoc
635 3226 743 3285 autem
776 3220 887 3285 ordine
920 3221 1094 3287 Isthmicos
1125 3228 1158 3287 et
1185 3222 1365 3288 Nemeaeus
1393 3222 1486 3287 ludos
1514 3246 1561 3286 re

284 3328 418 3392 cessisse
443 3327 519 3392 olim
543 3329 704 3412 putabant
723 3325 880 3414 Scaligeri
900 3334 933 3393 et
952 3328 1092 3394 Corsinii
1113 3330 1342 3394 auctoritatem
1365 3330 1481 3412 secuti,
1506 3331 1561 3412 qui

283 3434 343 3498 hos
371 3435 464 3499 ludos
494 3435 626 3500 alternis
650 3435 776 3500 vicibus
804 3435 910 3500 hieme
938 3442 970 3500 et
998 3440 1121 3501 aestate
1153 3440 1242 3501 actos
1272 3457 1342 3499 esse
1365 3438 1559 3498 statuerunt.

284 3541 329 3605 At
348 3547 461 3607 nostra
480 3542 637 3607 memoria
655 3543 733 3607 haec
753 3542 919 3607 distinctio
941 3543 1151 3607 hibernorum
1170 3546 1203 3605 et
1217 3541 1414 3606 aestivorum
1429 3540 1560 3604 Isthmi·

286 3670 377 3713 orum
401 3655 434 3713 et
458 3648 655 3714 Nemeorum
679 3649 826 3714 acumine
851 3649 982 3736 Georgii
1008 3647 1130 3733 Ungeri
1149 3647 1282 3732 explosa
1305 3652 1368 3732 est,
1391 3647 1446 3732 qui
1470 3669 1560 3712 acen·

284 3756 448 3821 ratissima
462 3756 689 3840 disquisitione
705 3755 868 3820 Nemeaea
883 3778 1009 3839 semper
1029 3776 1137 3818 mense
1151 3753 1256 3839 Iunio,
1276 3754 1416 3820 Isthmia
1433 3777 1560 3838 semper

285 3885 394 3928 mense
418 3862 524 3949 Aprili
553 3868 626 3929 acta
654 3885 723 3928 esse
751 3863 855 3927 evicit.
902 3861 991 3926 Idem
1019 3861 1133 3926 turbas
1156 3860 1251 3946 istas,
1279 3885 1361 3946 quae
1385 3862 1425 3926 ad
1448 3863 1560 3927 distin-

286 3971 432 4057 guendos
456 3971 609 4035 hibernos
628 3975 662 4034 et
681 3969 821 4033 aestivos
840 3968 933 4032 ludos
953 3969 1123 4054 ducebant,
1146 3991 1184 4033 ex
1203 3992 1256 4054 eo,
1279 3970 1365 4055 quod
1383 3969 1561 4054 imperator

375 4238 401 4304 1)
421 4234 501 4287 Nach
528 4250 643 4288 unserer
670 4231 785 4287 Zithlart
812 4232 996 4289 bekanntlioh
1026 4235 1094 4290 ‘alle
1122 4235 1189 4289 zwei
1219 4237 1286 4290 oder
1314 4235 1369 4290 alle
1394 4235 1453 4291 rier
1475 4236 1560 4290 Jahre

283 4305 529 4359 wiederkehrende
547 4305 650 4359 Feste’.

375 4398 402 4459 2)
413 4392 580 4448 Censorinus
589 4394 607 4448 1.
614 4393 632 4448 l.
642 4393 825 4447 tetrasterida
833 4412 943 4464 quoque
952 4395 1011 4450 sive
1021 4397 1117 4451 orbem
1127 4400 1249 4465 quatuor
1258 4414 1394 4450 annorum
1405 4398 1441 4450 ad
1451 4414 1560 4450 menses

286 4464 495 4519 intercalandos
514 4464 682 4534 pertinuisse
702 4464 844 4534 opinatur:
861 4474 955 4536 pbstea
973 4471 1080 4539 coquito
1098 4487 1186 4522 errore
1206 4470 1375 4535 (trieterida)
1390 4471 1439 4523 leuc
1457 4477 1561 4536 ternpus

285 4539 464 4606 ‹lupliem·unt
485 4543 509 4590 et
528 4538 700 4591 tet-ruelerida
717 4539 839 4603 recenant
854 4583 859 4593 .
877 4583 881 4593 .
899 4583 903 4592 .
920 4557 1003 4608 perure
1021 4556 1093 4610 apen
1111 4547 1135 4593 et
1159 4542 1186 4592 in
1208 4539 1291 4593 Elide
1311 4542 1371 4594 Ioci
1392 4542 1516 4610 Olympio
1535 4546 1559 4591 cl

286 4609 389 4662 Rornae
409 4608 565 4676 Capitolino
588 4610 682 4677 quiuis
706 4626 808 4679 qrwqrce
826 4628 900 4664 arene
920 4613 1045 4665 reddente
1062 4613 1218 4666 celclnutur.
1256 4612 1310 4665 Sed
1331 4611 1382 4666 hoc
1401 4628 1480 4665 secus
1500 4626 1560 4664 esse

286 4682 315 4733 et
337 4679 533 4748 pentaeterida
557 4679 689 4733 lbriarum
708 4696 741 4734 ex
762 4698 802 4749 eo,
826 4682 901 4749 quod
921 4681 1023 4752 duplex
1043 4682 1223 4737 intervallum
1245 4683 1317 4737 inter
1336 4681 1460 4752 singulos
1479 4682 1560 4735 ludos

285 4750 456 4806 intercedere
481 4751 629 4819 voluerint,
656 4754 745 4806 ortum
773 4768 833 4807 esse
857 4752 912 4807 riri
936 4754 1036 4807 harum
1062 4771 1153 4810 rerum
1172 4753 1256 4824 periti
1275 4754 1389 4819 doeent3
1415 4773 1440 4807 r.
1458 4754 1559 4824 Unger,

285 4821 490 4894 Zeitrechnnng
509 4824 558 4878 der
576 4823 713 4878 Griechen
732 4841 759 4881 u.
778 4824 888 4895 llbnrer,
907 4824 936 4878 in
955 4825 1065 4881 Handb.
1082 4825 1391 4881 ‹1.ktass.nlt..1²raa
