3406 5378
517 376 567 429 111.
593 376 643 426 DE
661 374 771 426 LUDIS
790 376 836 425 ET
854 375 1030 428 EPINICIIS.
1344 372 1417 426 XCV

135 536 235 602 choro
255 537 411 603 victorem
430 537 574 602 canendo
589 536 773 621 praeivisse.
806 536 973 601 Interdum
990 543 1098 601 tamen
1114 536 1269 602 accidisse
1283 536 1418 620 videtur,

136 645 173 705 ut
196 646 294 726 poeta
316 642 382 706 iam
405 643 445 707 ad
469 644 552 708 hauc
575 665 727 728 pompam
751 644 913 728 peculiare
933 666 1061 709 carmen
1081 648 1299 729 componeret,
1322 666 1417 727 quem

133 748 168 811 in
195 770 366 813 numerum
394 749 538 814 carmina
562 748 598 814 0.
618 768 688 814 vin.
725 750 759 814 P.
778 769 823 814 v1.
842 768 891 814 vu
917 751 1064 834 equidem
1090 750 1209 832 refero,
1238 750 1293 815 alii
1317 749 1416 814 ctiam

139 853 174 918 0.
195 871 231 917 xl
255 855 457 920 referendum
481 878 551 920 esse
574 861 715 921 censent.

225 961 366 1026 Maiores
403 967 436 1025 et
473 962 706 1047 splendidiores
744 964 939 1029 festivitates
977 965 1081 1029 factae
1119 969 1195 1027 sunt
1228 966 1350 1030 victore
1383 965 1417 1027 in

135 1067 276 1152 patriam
309 1068 432 1133 reduce.
484 1068 632 1153 Namque
664 1092 730 1133 non
763 1071 868 1135 solum
900 1076 993 1156 pater
1025 1072 1094 1137 eius
1122 1076 1155 1135 et
1183 1071 1328 1157 cognati,
1361 1071 1417 1135 sed

136 1174 242 1239 omnis
262 1174 377 1239 civitas
396 1175 481 1240 laeta
500 1198 574 1240 eum
592 1177 779 1241 salutabant
793 1178 988 1263 domumque
1003 1179 1212 1243 deducebant.
1249 1176 1416 1243 Victoriae

137 1280 224 1345 enim
251 1279 356 1345 laudis
385 1274 489 1346 onmis
518 1282 632 1347 civitas
662 1306 795 1348 consors
823 1284 912 1348 facta
940 1290 1002 1369 est,
1030 1285 1114 1349 unde
1142 1291 1176 1349 et
1198 1284 1317 1365 victor,
1344 1306 1417 1349 cum

138 1387 394 1470 renuntiabatur,
416 1387 556 1471 patriam
580 1388 676 1452 simul
700 1391 918 1454 renuntiatam
942 1391 1055 1477 voluit,
1077 1397 1110 1456 et
1130 1390 1230 1456 Solon
1249 1390 1419 1476 legislator

139 1494 398 1579 sapientissimus
421 1493 669 1559 Atheniensium
695 1495 767 1581 lege
791 1496 911 1580 sanxit,
940 1503 977 1561 ut
1000 1498 1101 1581 siquis
1125 1498 1245 1562 civium
1268 1497 1419 1583 Olympia

138 1600 279 1686 vicisset,
297 1601 615 1686 quadringentamm,
634 1602 661 1666 si
677 1601 825 1687 Isthmia,
844 1609 973 1668 centum
992 1605 1219 1670 drachmarum
1237 1606 1418 1690 praemium

139 1730 179 1772 ex
203 1708 335 1794 publico
363 1709 487 1773 aerario
516 1709 683 1793 acciperet.
693 1708 717 1795 ¹)
767 1710 881 1793 ltaque
909 1711 1086 1776 scholiasta
1113 1713 1153 1775 ad
1181 1711 1215 1775 P.
1239 1730 1261 1774 v
1285 1714 1328 1776 35
1357 1711 1419 1776 vic·

139 1819 245 1879 torem
268 1837 360 1880 suam
383 1815 524 1899 patriam
548 1837 702 1880 coronare
727 1816 814 1901 dicit,
837 1822 870 1881 et
889 1817 1069 1902 Xenophon
1089 1839 1219 1882 mernor.
1240 1819 1364 1900 111l,l
1391 1818 1419 1882 si

139 1922 212 2006 quis
245 1921 430 1987 coronarios
460 1921 554 1985 ludos
584 1921 702 2006 obiret,
734 1944 800 1986 non
828 1922 933 1987 solum
963 1947 1054 1988 suam
1083 1926 1138 1989 sed
1166 1926 1264 1989 etiam
1294 1926 1418 2008 patriae

140 2028 278 2114 gloriam
302 2050 419 2114 angere
443 2028 621 2111 praedicat:
644 2035 747 2105 εἴτις
770 2031 883 2105 ἱκανὸς
906 2031 954 2095 ὢν
976 2034 1054 2106 τοὺς
1074 2035 1270 2115 στεφανίτας
1289 2031 1419 2113 ἀγῶνας

139 2145 237 2200 νικᾶν
263 2135 318 2200 καὶ
341 2136 398 2198 διὰ
420 2143 518 2199 τοῦτο
542 2135 641 2212 αὐτός
664 2160 697 2200 τε
721 2143 880 2221 τιμᾶσθαι
904 2135 958 2200 καὶ
983 2140 1043 2222 τὴν
1066 2140 1208 2223 πατρίδα
1232 2138 1268 2202 ἐν
1291 2147 1330 2222 τῇ
1349 2136 1419 2201 Ἑλ-

138 2242 213 2307 λάδι
240 2241 503 2327 εὐδοκιμωτέραν
525 2254 648 2325 ποιεῖν,
676 2244 720 2326 μὴ
743 2241 839 2307 θέλοι
862 2243 1098 2326 ἀγωνίζεσθαι,
1124 2247 1223 2308 ποῖόν
1246 2267 1320 2307 τινα
1345 2252 1420 2307 τοῦ-

140 2373 198 2415 τον
225 2353 369 2433 νομίζοις
397 2349 440 2414 ἂν
467 2351 526 2414 τὸν
549 2349 655 2433 ἄνδρα
679 2344 778 2427 sivan
824 2350 894 2424 Qua
917 2350 955 2413 de
980 2373 1173 2416 causacum
1198 2373 1309 2414 omncs
1334 2350 1420 2414 cives

139 2462 211 2521 turn
235 2456 372 2542 gentiles
396 2461 429 2520 et
453 2456 549 2520 amici
573 2455 729 2519 victorem
752 2456 940 2519 redeuntem
964 2462 996 2520 et
1020 2458 1047 2520 si
1072 2457 1162 2541 equis
1184 2457 1305 2521 vicerat
1325 2479 1421 2521 curru

139 2564 280 2649 patriam
307 2564 420 2627 urbem
449 2558 658 2648 intrantem²)
686 2561 803 2646 plausu
833 2562 1038 2646 excipiebant
1064 2569 1096 2626 et
1120 2568 1254 2627 ovantes
1279 2563 1319 2626 ad
1342 2568 1422 2626 tem-

139 2670 230 2754 plum
249 2671 300 2735 vel
319 2692 417 2754 aram,
436 2669 493 2733 ubi
509 2690 662 2734 coronam
677 2675 804 2752 partam
820 2668 1026 2753 depositurus
1041 2674 1121 2753 erat,
1139 2666 1421 2754 comitabantur.³)

141 2776 255 2861 Neque
282 2777 369 2840 intra
396 2776 529 2860 plausus
557 2781 590 2840 et
617 2774 867 2840 acclamationes
893 2774 941 2837 illi
965 2797 998 2839 se
1023 2775 1247 2858 continebant,
1275 2776 1331 2839 sed
1354 2797 1422 2839 car-

141 2884 230 2949 mina
256 2883 463 2949 concinentes
491 2882 625 2947 victoris
651 2882 806 2947 virtutem
829 2882 1059 2966 praedicabant
1083 2886 1116 2945 et
1138 2881 1229 2945 urbis
1254 2882 1345 2945 deam
1368 2904 1422 2966 pa-

140 2995 284 3075 tronam,
319 2995 357 3055 ut
392 2990 536 3075 propitia
573 2988 773 3054 victorialem
806 3010 961 3074 pompam
992 2989 1166 3074 acciperet,
1202 2989 1420 3071 precabantur

141 3094 193 3185 (Ο.
212 3115 243 3161 v.
275 3096 309 3162 P.
329 3094 411 3182 xli).
454 3096 624 3160 Praeterea
646 3096 767 3180 partim
790 3097 907 3179 victor,
931 3096 960 3159 si
984 3095 1099 3179 opibus
1123 3070 1279 3178 adirebht,
1301 3095 1421 3180 partim

139 3203 278 3289 gentiles
310 3204 379 3269 eius
413 3205 538 3268 lautum
570 3202 754 3267 convivium
782 3206 818 3265 ut
846 3201 880 3264 in
908 3202 980 3265 aliis
1010 3200 1201 3287 victorius),
1234 3202 1280 3265 sic
1308 3202 1341 3265 iu
1369 3202 1421 3265 his

130 3320 269 3395 'quoque
288 3311 447 3397 gymnicis
466 3331 622 3394 apparare
642 3308 791 3372 solebant
806 3307 856 3393 (0.
873 3325 891 3371 1.
919 3307 1054 3373 N.1.1x.
1083 3308 1117 3371 P.
1133 3305 1192 3393 xi).
1231 3308 1291 3372 His
1311 3314 1419 3372 autem

140 3417 176 3480 in
203 3417 373 3500 conviviis,
401 3417 457 3481 ubi
486 3415 586 3482 sacris
614 3414 740 3500 operati
768 3419 873 3496 erant,
901 3420 1104 3498 praesentem
1133 3413 1303 3477 victoriam
1331 3420 1364 3477 et
1392 3414 1419 3477 si

142 3546 222 3610 quas
256 3523 336 3588 alias
364 3530 439 3588 ante
467 3529 524 3587 aut
551 3523 621 3608 ipse
650 3527 707 3585 aut
735 3521 873 3607 gentiles
902 3521 971 3585 eius
999 3525 1243 3606 reportaverant
1270 3519 1421 3584 laudibus

142 3630 319 3695 efferebant
347 3635 380 3695 et
408 3632 524 3694 decora
550 3629 639 3693 urbis
663 3651 736 3693 cum
760 3627 917 3692 historica
939 3632 1009 3692 tum
1034 3628 1177 3712 mythice
1199 3627 1421 3711 praedicantes

142 3738 290 3821 publicas
314 3737 410 3801 ferias
435 3738 584 3822 agebant.
626 3735 698 3800 Hoc
722 3757 849 3819 quoque
874 3735 958 3799 haud
982 3757 1055 3798 raro
1080 3735 1282 3810 factumest,
1305 3735 1422 3797 utsub

144 3866 313 3929 vesperum
341 3844 437 3909 amici
465 3844 505 3908 ad
534 3845 665 3908 domum
694 3842 825 3906 victoris
854 3841 1063 3905 convenirent
1088 3847 1121 3902 et
1144 3846 1218 3904 ante
1242 3840 1329 3903 fores
1353 3839 1423 3903 eius

142 3951 282 4036 epinicia
304 3951 448 4016 carmina
470 3951 510 4015 ad
532 3952 637 4014 instar
660 3948 944 4034 epithalamiorum
968 3952 1136 4011 cantarent
1159 3946 1213 4031 (N.
1235 3964 1254 4008 1.
1292 3945 1316 4009 l.
1337 3948 1422 4029 vm).

142 4058 233 4123 Adeo
262 4063 370 4123 autem
399 4059 543 4122 studium
572 4056 741 4122 victoriam
769 4055 917 4139 epiniciis
944 4053 1129 4118 illustrandi
1157 4051 1357 4136 percrebuit,
1388 4057 1424 4115 ut

143 4166 277 4230 eandem
305 4164 476 4229 victoriam
503 4165 576 4249 plus
605 4162 704 4227 semel
733 4163 933 4227 celebrarent
956 4159 1050 4248 (0.11
1076 4165 1109 4224 ct
1133 4177 1178 4223 111.
1220 4159 1255 4224 P.
1275 4176 1310 4222 lv
1333 4157 1423 4247 etv)

234 4330 259 4394 1)
278 4325 351 4379 Plut.
367 4322 423 4377 Sol.
439 4328 481 4378 ⁶23.
515 4321 595 4392 Diog.
610 4340 620 4373 1
635 4327 677 4375 aa.

234 4403 260 4466 ⁹2)
278 4396 312 4451 N.
329 4415 356 4447 rr
371 4401 394 4448 4.
428 4395 481 4448 Dio
496 4392 571 4447 Cass.
588 4398 631 4461 63,
647 4399 689 4446 20.

233 4474 259 4535 3)
278 4467 383 4521 Eodem
411 4465 535 4535 pertinet
561 4465 636 4533 quod
664 4467 788 4517 statuarii
816 4462 930 4516 victoris
956 4461 1103 4533 Olympiae
1132 4461 1297 4532 erigendam
1320 4460 1422 4515 civitas

145 4537 262 4606 curavit,
280 4538 359 4591 cuins
377 4539 416 4590 rei
431 4537 589 4605 exemplum
603 4536 720 4606 praebet
734 4534 834 4588 titulus
850 4534 1012 4604 Olympicus
1032 4540 1135 4600 11229,
1155 4534 1237 4589 Arch.
1253 4533 1321 4587 Zeit.
1339 4539 1422 4587 1879:

145 4610 160 4665 ὑ
175 4613 262 4679 δῆμος
276 4609 290 4662 ὀ
303 4606 482 4676 Ἐρυθραίων
494 4605 648 4675 ’uaesana
662 4608 855 4675 Μητροδώρου
871 4607 1025 4672 νικήσαντα
1041 4605 1147 4673 ἄνδρας
1161 4606 1275 4675 πυγμὴν
1287 4604 1423 4674 Ὀλύμπια

145 4682 189 4744 δὶς
207 4684 256 4735 καὶ
274 4682 325 4750 τὴν
344 4679 485 4747 περίοδον.

234 4756 261 4822 4)
280 4752 381 4806 Confer
400 4751 480 4805 sodes
495 4749 622 4804 Platonis
642 4752 727 4818 atque
742 4747 934 4818 Xenophontis
954 4748 1097 4818 symposia
1112 4752 1141 4802 et
1155 4746 1301 4802 Plutarchi
1314 4750 1423 4814 quaest.

149 4840 228 4879 conv.
243 4830 304 4893 114,
319 4830 342 4881 1.
