3406 5378
822 1107 965 1159 curun.
983 1104 1043 1160 1r'.

524 1266 935 1352 ΞΕΝΟΦΩΝΤΙ
980 1269 1342 1355 ΚΟΡΙΝΘΙΩι

629 1462 898 1514 ΣΤΑΔΙΟΔΡΟΜΩι
925 1464 988 1514 KAJ
1014 1462 1237 1517 nunrsonai.

842 1763 1019 1834 strophae.

811 3488 1053 3570 Argumentum.

384 3618 548 3694 Xenophon
583 3618 717 3678 Thessali
751 3617 832 3676 filius
867 3616 1039 3678 Corinthius
1074 3618 1171 3678 stadio
1206 3622 1237 3678 et
1271 3618 1464 3696 quinquertio
1499 3619 1573 3679 vicit
1669 3654 1672 3659 ·

295 3707 341 3768 Ol.
361 3710 401 3768 69
423 3732 464 3754 =
484 3709 548 3767 464
568 3727 594 3766 a.
613 3707 693 3785 Chr,
721 3707 807 3766 cuius
835 3706 963 3783 duplicis
992 3707 1134 3766 victoriae
1162 3711 1281 3783 practer
1308 3709 1422 3768 scholia
1448 3707 1572 3767 Pindari

293 3798 443 3857 Diodorus
473 3815 504 3854 x1
536 3808 584 3874 70,
616 3796 779 3873 Dionysius
812 3795 908 3854 Helio.
937 3796 1051 3871 antiqu.
1079 3814 1111 3852 rx
1142 3807 1188 3873 61,
1221 3797 1387 3856 Pausanias
1416 3816 1448 3857 1v
1476 3808 1523 3876 24,
1555 3809 1571 3855 o

293 3890 385 3947 testes
409 3889 488 3945 sunt.
536 3885 688 3945 Oriundus
711 3885 761 3943 ille
785 3884 846 3942 fuit
868 3903 904 3943 ex
926 3883 1018 3943 nobili
1042 3887 1130 3963 gente
1155 3883 1427 3964 Oligaethidarum,
1455 3886 1486 3944 in
1510 3905 1572 3962 qua

293 3980 382 4055 genta
406 3974 545 4054 gymnica
569 3974 670 4034 studia
693 3973 780 4050 quasi
802 3972 984 4032 hereditaria
1004 3975 1102 4052 erant3
1126 3992 1195 4032 nam
1213 3975 1418 4050 Xenophontis
1437 3977 1468 4033 et
1485 3979 1573 4050 pater

294 4065 456 4124 Thessalus
485 4083 574 4123 cursu
598 4063 786 4139 Olympicum
810 4060 855 4122 Ol.
876 4072 909 4120 69
932 4062 1103 4138 multasque
1132 4063 1207 4122 alias
1230 4064 1372 4124 victorias
1394 4067 1572 4123 consecutus

295 4157 359 4212 erat
378 4145 419 4233 (r.
440 4145 569 4231 3540),
588 4156 619 4211 ct
637 4171 712 4210 arus
734 4151 919 4210 Ptoeodorus
941 4151 1065 4227 eiusque
1087 4153 1181 4211 frater
1204 4152 1342 4229 Terpsias
1366 4152 1478 4228 aliique
1501 4172 1572 4230 gon-

294 4242 363 4300 tiles
396 4240 512 4310 coronis
544 4241 741 4300 certaminum
772 4239 980 4318 gymnicorum
1012 4240 1086 4300 clari
1117 4241 1241 4300 fuerunt
1277 4234 1319 4322 (r.
1339 4253 1371 4300 41
1393 4261 1436 4317 sq.
1461 4251 1494 4300 98
1519 4234 1570 4322 ss).

295 4330 381 4388 Hanc
410 4348 480 4388 vero
510 4330 667 4389 victoriam
698 4326 886 4404 Olympicum
915 4347 942 4387 a.
966 4332 1030 4389 464
1060 4333 1245 4406 reportatam
1275 4334 1486 4407 praeterquam
1516 4331 1572 4389 hoo

294 4418 420 4494 epinicio
444 4417 592 4478 Pindarus
615 4418 705 4478 scolio
729 4417 919 4476 celeberrimo
943 4417 1116 4497 illustrarit,
1140 4419 1175 4478 dc
1200 4420 1490 4496 quovidesr.122.

381 4508 601 4585 Argumentum
625 4506 765 4566 carminis
789 4506 949 4565 admodum
972 4507 1090 4566 varium
1114 4511 1144 4567 et
1167 4508 1326 4584 multiplex
1348 4511 1407 4586 est,
1435 4508 1507 4584 quia
1537 4511 1574 4566 ut

294 4595 395 4657 omnia
413 4596 520 4655 decora
537 4615 606 4655 cum
624 4595 747 4656 victoris
766 4595 889 4671 eiusque
908 4596 1040 4656 familiae
1059 4601 1126 4656 tum
1143 4597 1227 4656 urbis
1243 4597 1379 4657 Corinthi
1395 4598 1571 4675 illustraret,

292 4689 384 4763 poeta
402 4685 459 4745 sihi
477 4683 642 4762 proposuit.
679 4685 784 4761 Neque
807 4684 912 4743 fabula
935 4705 1053 4746 carmen
1076 4689 1166 4765 caret,
1190 4687 1310 4765 egregie
1333 4686 1388 4744 illa
1411 4704 1479 4745 oum
1502 4706 1571 4745 con·
