3406 5378
207 306 273 370 310
679 306 828 357 crunam
845 304 1011 358 aermon.

1287 469 1368 547 Στρ.
1390 460 1440 528 α’.

262 581 400 641 Δαναοῦ
422 577 521 640 πόλιν
544 573 785 659 ἀγλαοθρόνων
809 596 842 637 τε
865 573 1068 654 πεντήκοντα
1091 581 1208 657 κορᾶν,
1232 571 1389 657 Χάριτες,

257 681 394 769 Ἄργος,
413 680 520 768 Ἥρας
543 682 636 765 δῶμα
658 676 840 766 θεοπρεπὲς
862 679 1006 764 ὑμνεῖτε·
1030 677 1184 765 φλέγεται
1207 676 1239 744 δ’
1265 678 1401 764 ἀρεταῖς

262 793 396 876 μυρίαις
419 791 526 875 ἔργων
549 785 704 873 θρασέων
727 787 846 853 ἕνεκεν.
1483 800 1501 848 5

262 895 371 981 μακρδι
393 891 454 981 μὲν
476 896 516 959 τδι
540 893 687 979 Περσέος
710 892 794 980 άμφί
818 894 987 970 Μεδοίσας
1012 895 1191 979 Γοργόνος·
1228 902 1229 905 ’

229 1004 370 1069 οπολλδι
393 1000 425 1067 δ’
447 1003 605 1090 Αίγύπτφ
627 1002 667 1066 τά
686 1000 878 1066 πατέπτιθεν
897 1002 979 1083 άστη
998 1011 1069 1077 ταῖς
1090 997 1237 1086 Ἐπάφου
1255 997 1440 1084 παλάμαις·

264 1108 336 1174 οὐδ’
358 1106 586 1194 Ὑπερμήστρα
608 1108 861 1193 παρεπλάγχθη,
884 1110 981 1191 μονό-
1464 1122 1502 1171 10

308 1226 419 1302 υαφος
441 1215 478 1280 έν
496 1220 620 1323 conlegi
645 1226 844 1300 κατασχοῖσα
867 1213 970 1299 ξίφος.

1285 1373 1369 1440 Ἀντ.
1391 1374 1438 1439 α’.

266 1483 435 1567 Διομήδεα
458 1481 489 1547 δ’
515 1485 682 1567 ἄμβροτον
705 1481 813 1560 ξανθά
835 1504 913 1546 ποτε
939 1484 1134 1558 Γλαυκῶπις
1156 1484 1255 1565 ἔθηκε
1278 1485 1374 1546 θεόν·

265 1601 342 1672 γαῖα
365 1587 396 1654 δ’
422 1589 458 1654 ἐν
484 1591 608 1673 Θήβαις
630 1588 789 1655 ὑπέδεκτο
812 1595 1062 1673 κεραυνωθεῖσα
1085 1589 1169 1664 Διὸς
1191 1587 1320 1672 βέλεσιν
1462 1608 1500 1654 15

264 1696 384 1779 μάντιν
409 1697 599 1778 Οίκλείδαν,
621 1695 776 1781 πολέμοιο
799 1694 909 1779 νέφος.

212 1842 399 1850 ——----.

284 1960 365 1995 vuius
383 1960 486 1996 suerro.
525 1942 607 1995 lnscr.
624 1958 676 1996 om.
692 1942 754 1996 BD
774 1974 806 1982 —
826 1947 850 1996 2.
870 1943 998 2011 ὑμνεῖται
1012 1942 1042 1996 D
1060 1975 1093 1981 -
1112 1947 1138 1996 4.
1158 1942 1249 2010 κακρδι
1263 1942 1293 1996 D
1313 1974 1344 1982 -
1365 1942 1499 2015 περσέας

214 2016 250 2082 l),
270 2012 354 2081 περιέ
364 2057 387 2070 ..
407 2014 434 2067 Β
454 2045 486 2052 -
507 2019 530 2066 5.
556 2014 590 2066 τὰ
609 2011 776 2067 uertentes
799 2011 871 2067 coni.
886 2013 1053 2080 Mommsen,
1072 2013 1244 2067 Boeokhium
1262 2012 1297 2066 τὰ
1316 2012 1498 2068 inserentem

214 2088 242 2138 et
261 2084 451 2141 Hermannum
471 2084 584 2139 ἔιτιθεν
603 2083 787 2154 corrigentem
807 2087 931 2139 secutus:
951 2084 1127 2156 κατῴκισθεν
1142 2085 1205 2139 BD
1220 2117 1253 2124 -
1268 2090 1293 2138 6.
1313 2085 1433 2154 ὑπερμή.
1450 2086 1497 2141 B:

214 2155 347 2225 ὑπερμνή.
374 2157 402 2211 D
425 2188 457 2196 —
482 2153 650 2225 μονάψαφος
674 2171 707 2209 ex
731 2154 844 2209 scholiis
871 2155 992 2210 Hecker:
1020 2151 1192 2224 μονόψαφον
1217 2155 1296 2210 codd.
1321 2188 1356 2195 —
1383 2160 1497 2230 κουλεῷ

214 2227 368 2282 Hermann:
388 2232 473 2299 κολεῷ
493 2228 555 2282 RD
573 2258 605 2266 —
627 2233 651 2282 8.
671 2223 745 2300 βέλεϊ
762 2227 791 2281 D
810 2259 845 2267 —

285 2423 473 2460 oouusnrmu.
511 2423 536 2458 v.
557 2411 580 2458 1.
609 2405 645 2459 ab
669 2404 832 2460 invocandis
857 2403 945 2458 Musis
964 2403 1023 2458 eive
1043 2403 1147 2459 Gratiis
1167 2403 1298 2458 carminis
1316 2403 1496 2476 principium

213 2478 298 2546 poeta
322 2475 398 2546 capit
415 2509 450 2516 —
470 2482 598 2529 Δαναοῦ·
623 2475 750 2530 fabulam
772 2475 864 2530 Danai
887 2474 1002 2545 eiusque
1026 2474 1152 2544 quinque
1174 2474 1234 2528 inte
1256 2475 1378 2530 filiarum
1402 2480 1496 2546 poeta

213 2548 271 2601 iarn
289 2546 426 2618 attigerat
448 2547 477 2600 P.
497 2567 524 2600 nr
543 2564 567 2602 οι
588 2579 621 2587 -
641 2547 774 2614 Χάριτες·
798 2546 910 2602 Gratias
929 2546 1080 2613 Pindarus,
1104 2550 1136 2599 ut
1185 2563 1294 2600 omerus
1317 2546 1427 2616 Musas,
1448 2547 1495 2602 in-

214 2621 297 2673 vocat
320 2622 464 2688 tamquam
487 2617 630 2699 praesides
653 2618 746 2689 poesis
769 2617 910 2686 ohoricae,
935 2616 964 2672 in
987 2635 1044 2687 qua
1062 2616 1149 2672 verba
1171 2619 1272 2688 poetae
1296 2634 1358 2671 cum
1376 2618 1495 2674 decoris

215 2689 338 2745 motibus
358 2688 517 2743 saltationis
536 2688 686 2744 coniuncta
701 2688 818 2756 iruerint,
838 2690 872 2744 of.
887 2690 917 2743 P.
932 2708 960 2742 rx
975 2706 987 2744 s
1001 2721 1035 2729 -
1050 2695 1075 2744 2.
1088 2685 1177 2756 Ἥρας
1195 2692 1285 2759 δῶμα·
1299 2686 1370 2758 Ἥρη
1383 2687 1494 2760 Ἀργείη

216 2762 272 2816 iam
295 2761 371 2832 apud
395 2761 545 2815 Homerum
563 2759 672 2816 11.1vs.
691 2781 708 2815 v
722 2779 761 2816 oos
781 2759 875 2829 audit,
900 2760 973 2814 uude
993 2759 1126 2814 Horatius
1146 2759 1174 2815 O.
1189 2781 1199 2814 1
1214 2777 1234 2829 r,
1249 2781 1273 2818 s:
1294 2763 1434 2831 plurimus
1461 2765 1496 2816 ιἰι

213 2835 332 2889 [arsonis
349 2834 449 2888 λιοιιοτι
467 2838 563 2901 optem
580 2833 650 2888 dicet
668 2851 680 2886 e
719 2835 744 2887 is
761 2837 852 2904 Argos
870 2834 989 2902 ditesque
1009 2832 1142 2903 Mycenes
1161 2866 1194 2872 -
1213 2834 1332 2900 ἀρεταῖς,
1354 2832 1495 2888 laudibus

213 2904 363 2970 virtutum,
388 2919 443 2957 uon
469 2902 559 2956 solum
584 2902 683 2957 virtuti
704 2921 749 2968 us3
776 2903 810 2958 cf.
830 2904 861 2957 0.
877 2923 926 2956 vm
944 2920 956 2957 e
975 2934 1008 2943 -
1028 2907 1053 2956 4.
1078 2903 1179 2957 deeora
1204 2903 1329 2972 mythice
1347 2904 1493 2974 Argornm

214 2977 350 3043 recenset,
370 2975 419 3028 sed
437 2992 500 3027 eum
519 2976 548 3027 et
566 2973 648 3043 plura
666 2978 695 3028 et
713 2972 841 3043 longiora
855 2975 921 3043 sint,
939 2992 996 3029 non
1015 2973 1103 3028 fusius
1122 2991 1156 3029 ea
1194 2973 1350 3042 ersequitur
1364 3007 1398 3014 —
1413 2976 1494 3044 ἀμφὶ

215 3044 370 3109 Μεδοίσας·
400 3045 526 3099 fabulam
552 3045 586 3098 de
612 3045 711 3099 Perseo
737 3046 883 3100 Medusam
908 3045 1086 3100 interimeres
1112 3045 1164 3099 Pin
1184 3062 1249 3098 arus
1275 3044 1334 3115 ipse
1360 3048 1495 3102 narravit

217 3118 243 3170 P.
260 3137 306 3185 ru,
322 3117 403 3199 plura
418 3115 500 3170 addit
512 3115 594 3169 Paus.
609 3135 630 3168 11
644 3133 678 3184 τι,
693 3133 705 3171 ε
720 3149 752 3156 -
771 3123 795 3171 ὁ.
814 3116 903 3171 πολλὰ
922 3115 950 3171 δ’
967 3117 1105 3190 Αἰγύπτῳ·
1125 3116 1160 3170 de
1179 3115 1296 3186 Epapho
1311 3115 1404 3170 Inonis
1419 3116 1494 3187 lilia,

216 3188 353 3259 Memphis
377 3187 552 3255 aliammque
571 3186 681 3240 urbium
701 3188 824 3269 Aegypti
843 3187 1000 3255 conditore,
1019 3187 1113 3242 omnia
1131 3190 1211 3253 nota,
1231 3186 1493 3258 cf.Prol.oxx1sq.

216 3290 249 3300 -
269 3265 293 3313 6.
313 3260 540 3329 Hypermnestra,
555 3275 627 3327 quae
645 3258 675 3312 in
694 3261 800 3341 optimo
819 3259 915 3313 codice
930 3257 1124 3329 Ὑπερμήστρα
1143 3258 1282 3328 scribitur,
1302 3260 1334 3311 ut
1352 3263 1494 3330 Κλυταιμ-

216 3332 304 3398 ήστρα
327 3329 402 3400 apud
425 3329 577 3383 Homerum
600 3331 630 3382 et
651 3332 773 3400 tragicos
797 3334 908 3402 poetas,
932 3333 1009 3385 recta
1032 3330 1066 3384 de
1084 3329 1132 3384 via
1150 3348 1206 3384 non
1225 3330 1369 3385 aberrasse
1392 3334 1493 3399 (παρε-

216 3401 361 3472 πλάγχθη,
380 3401 414 3456 of.
431 3399 462 3455 0.
477 3419 515 3453 vn
530 3405 567 3468 ιι)
591 3399 707 3467 dicitur,
731 3403 806 3470 quod
825 3402 886 3456 sola
904 3399 1090 3472 (μονίφαφος,
1109 3401 1144 3457 of.
1159 3402 1257 3456 Aesch.
1274 3402 1369 3472 Suppl.
1384 3406 1435 3469 aas)
1457 3420 1493 3457 ex

217 3471 423 3542 quinquaginta
441 3469 507 3525 liliis
526 3470 618 3527 Danai
636 3471 769 3526 maritum
786 3489 842 3527 non
860 3471 1010 3538 interfecit,
1029 3489 1102 3541 quae
1120 3472 1225 3541 fabula,
1245 3473 1280 3526 ab
1300 3472 1439 3542 Aeschylo
1462 3473 1494 3529 in

219 3560 331 3597 scenam
349 3543 494 3613 producta,
514 3542 638 3597 omnium
657 3547 716 3597 tum
735 3542 765 3597 iu
783 3559 830 3598 ore
848 3543 916 3612 fuit,
936 3543 970 3598 cf.
985 3543 1081 3598 Horat.
1097 3542 1125 3598 C.
1140 3563 1170 3595 ru
1186 3561 1219 3610 ιι,
1234 3561 1259 3598 es
1273 3562 1331 3598 τινα
1345 3545 1377 3598 δι
1395 3546 1495 3601 multis

214 3618 275 3682 thee
303 3616 427 3684 nuptiali
449 3615 536 3685 δι’ςιιο
555 3618 700 3684 pemmo
722 3616 778 3683 fuit
801 3617 833 3670 ιἰι
853 3621 994 3685 parentem
1016 3615 1156 3684 splendide
1178 3616 1296 3669 suendae
1319 3623 1344 3670 et
1362 3617 1394 3669 ιἰι
1412 3634 1494 3673 omne

216 3689 292 3756 υίτμο
311 3688 411 3741 nobilis
429 3704 522 3741 αιυοιιι
540 3717 574 3726 ·-
595 3693 618 3740 7.
645 3684 728 3741 θεόν·
755 3685 855 3741 schol:
881 3687 929 3740 sel
955 3685 1011 3740 lon
1036 3686 1100 3754 περὶ
1125 3685 1173 3739 τὸν
1197 3683 1306 3753 Ἀδρίαν
1333 3686 1493 3756 Διομήδεια

216 3765 299 3826 νῆσος
318 3756 392 3824 ίερά,
412 3756 444 3811 έν
462 3751 480 3827 ᾗ
498 3765 612 3826 τιμᾶται
631 3758 667 3819 ὡς
684 3755 765 3821 θεός·
785 3759 832 3812 καὶ
846 3756 956 3882 Ἴβυκος
974 3755 1045 3811 odra
1062 3800 1067 3811 .
1084 3799 1089 3810 .
1105 3757 1153 3810 ιιαλ
1172 3755 1305 3827 Πολέμων
1324 3757 1437 3824 ἱστορεῖ·
1461 3759 1493 3815 ἐν

215 3826 266 3897 μέν
285 3827 338 3898 γὰρ
355 3824 547 3898 Ἀργυρίπποις
565 3825 647 3897 ἅγιόν
666 3827 740 3883 ἐστιν
759 3830 846 3884 αὐτοῦ
881 3827 959 3897 ερόν·
983 3829 1031 3882 καί
1050 3823 1082 3882 έν
1100 3826 1287 3901 Μεταποντίῳ
1306 3828 1336 3884 δὲ
1357 3830 1405 3883 διὰ
1424 3835 1492 3886 πολ-

215 3904 263 3968 λῆς
282 3900 368 3954 αὐτὸν
387 3899 520 3966 αίρεσθαι
538 3907 619 3969 τιμῆς
637 3900 673 3962 ὡς
691 3898 771 3969 θεόν,
790 3901 837 3955 καί
857 3898 887 3954 ἐν
907 3897 1037 3967 Θουρίοις
1056 3897 1167 3964 είιιόνας
1186 3901 1273 3954 αὐτοῦ
1292 3901 1492 3968 καθιδρύσθαι

215 3973 251 4034 ὡς
269 3974 352 4024 θεοῦ·
373 3972 407 4026 cf.
423 3970 513 4026 Strab.
529 3990 546 4022 v
561 3986 608 4038 ers,
627 3970 701 4039 Lyco
721 3971 762 4026 hr.
777 3987 816 4026 seo
831 3974 860 4026 et
876 3971 1028 4040 Holzinger
1043 3987 1067 4025 a.
1082 3969 1109 4025 h.
1124 3969 1339 4038 l.,1n”1bbertde
1355 3972 1491 4026 Diomede

215 4043 297 4097 heroe
317 4060 366 4113 per
383 4041 496 4097 Italiam
515 4041 675 4096 inferiorem
716 4041 797 4097 'vinis
815 4042 968 4097 honoribus
987 4041 1075 4110 culto,
1094 4042 1209 4111 Bonnae
1229 4045 1355 4112 1889790,
1375 4044 1406 4097 R.
1421 4043 1490 4098 Hol·

215 4114 295 4178 lund,
322 4113 469 4169 Diomedes
496 4112 525 4166 in
548 4112 665 4181 Italian,
689 4131 781 4185 progr.
800 4114 891 4184 Leipz.
913 4119 989 4168 1895.
1027 4113 1124 4182 Neque
1147 4117 1242 4168 tamen
1262 4113 1414 4167 Pindarum
1437 4114 1491 4170 has

215 4185 339 4250 fabulas,
363 4188 395 4237 ut
418 4200 489 4252 quae
513 4184 667 4239 recentiore
691 4202 760 4239 aevo
779 4188 857 4239 ortae
876 4201 936 4239 esse
955 4184 1116 4251 rideantur,
1140 4183 1294 4255 respexisse
1317 4184 1490 4253 putaverim,

216 4256 300 4310 immo
316 4255 449 4324 facinora,
469 4272 541 4324 quae
556 4255 683 4311 Minerva
697 4260 726 4312 et
739 4257 843 4310 Iunone
862 4255 1064 4310 adiuvantibus
1082 4258 1181 4311 contra
1199 4256 1318 4310 Martem
1338 4256 1420 4310 deum
1439 4273 1490 4325 pa·

215 4327 302 4381 travit
315 4326 358 4395 (ll.
373 4347 389 4379 v
404 4334 530 4397 ers—eoo),
550 4344 584 4382 ea
598 4327 659 4382 sola
673 4330 786 4398 poetam
800 4326 936 4396 respicere
950 4327 1098 4396 probabile
1118 4330 1173 4394 est-3
1193 4327 1290 4382 eadem
1309 4327 1384 4381 enim
1403 4326 1491 4381 etiam

215 4398 347 4453 Horatius
375 4398 509 4468 respexit,
534 4417 597 4453 oum
621 4399 727 4453 diceret
746 4398 774 4451 C.
793 4416 803 4450 1
821 4414 842 4463 s,
861 4415 887 4452 rs
905 4415 954 4467 ope
972 4399 1100 4453 Palladis
1122 4400 1246 4469 Tydiden
1268 4416 1301 4453 ιιι
1357 4401 1362 4411 ’
1394 4416 1491 4478 parem

217 4502 247 4509 —
264 4467 388 4535 ξανθάν·
408 4469 442 4522 cf.
458 4470 490 4523 fr.
505 4486 531 4523 es
550 4468 663 4534 ξανθὰν
680 4467 813 4523 Ἀθάναν·
833 4467 886 4522 hoc
905 4468 1029 4538 epitheto
1048 4469 1203 4525 Minervam
1222 4471 1258 4525 ab
1278 4417 1491 4538 affieriptorc

215 4538 316 4622 ornari
327 4555 381 4592 non
401 4537 524 4605 memini,
544 4540 616 4593 unde
631 4539 746 4621 Pindari
766 4539 853 4593 menti
871 4539 952 4610 sigua
966 4540 1109 4631 Minervae
1129 4541 1208 4595 flavis
1228 4544 1264 4630 et!
1276 4559 1345 4595 aura
1359 4540 1382 4592 is
1402 4541 1491 4621 comis

215 4610 984 4770 lldtrdvllltfbttllt,tristatur
998 4613 1342 4754 balathaba
1355 4611 1490 4752 tellit:

215 4751 260 4817 sit,
280 4751 462 4807 celeberrima
480 4752 540 4806 eius
560 4752 673 4807 oracula
687 4755 801 4809 fuerunt
815 4788 848 4796 —
862 4759 993 4824 πολεμοιο
1009 4753 1105 4825 νέφος·
1126 4755 1228 4813 nubem
1242 4753 1333 4812 ventis
1349 4752 1488 4822 agitatam
