3406 5378
695 354 826 406 PYTHIA
847 355 905 409 v11.
1374 353 1437 418 189

165 519 277 598 utitur,
301 539 360 578 non
384 523 521 579 accurate
546 521 710 581 discernere
734 522 818 600 licet,
842 540 918 598 quas
940 521 1083 582 victorias
1105 523 1183 602 ipse,
1212 541 1287 601 quas
1315 523 1442 583 maiores

166 610 230 668 eius
254 609 354 686 adepti
378 609 446 668 sint.
492 609 537 669 De
560 613 706 688 tempore,
731 631 790 687 quo
813 612 886 671 haee
909 612 1020 687 Pythia
1042 613 1169 674 victoria
1192 616 1281 690 parta
1304 613 1356 691 sit,
1380 614 1438 672 iam

166 699 316 757 Boeckhio
340 699 475 757 suboluit
495 699 590 758 verbis
609 699 730 776 φθόνον
749 697 944 778 ἀμειβόμενον
963 699 997 759 τὰ
1016 701 1090 760 καλὰ
1109 699 1179 782 ἔργα
1198 704 1301 780 sugam
1324 703 1440 778 patriae

166 788 292 866 Megacli
316 790 463 847 testarum
489 789 631 867 suffragio
658 789 822 867 irrogatam
850 790 988 866 iudicari,
1019 792 1225 851 testimonium
1252 811 1321 850 vero
1350 793 1440 850 huius

167 877 208 934 rei
232 877 431 953 luculentum,
460 897 519 953 quo
544 897 631 953 aegre
654 878 701 936 vir
727 879 909 937 clarissimus
939 879 1072 957 carebat,
1101 881 1160 939 iam
1188 880 1274 939 nobis
1302 880 1440 956 suppedi-

167 969 264 1024 tatum
293 969 338 1025 est
360 966 531 1026 Aristotelis
560 966 634 1025 libro
664 965 731 1045 περὶ
756 960 925 1044 Ἀθηναίων
953 969 1099 1040 πολιτείας
1127 970 1263 1046 invento,
1292 970 1377 1028 euius
1405 991 1440 1028 ex

166 1074 189 1112 c.
209 1067 242 1112 an
261 1056 424 1133 Megaclem
451 1055 642 1131 Hippocratis
670 1055 766 1115 tilium
794 1077 829 1115 ex
857 1058 941 1117 demo
965 1058 1095 1133 Alopece
1123 1078 1201 1118 anno
1226 1054 1320 1137 larse
1346 1062 1439 1118 ostra-

166 1144 257 1202 cismo
285 1145 316 1201 in
344 1144 466 1203 exilium
493 1145 620 1204 eiectum
647 1164 710 1204 esse
734 1147 938 1222 comperimus.
983 1148 1084 1223 Atque
1112 1148 1168 1207 hac
1195 1148 1231 1207 de
1254 1168 1285 1206 re
1308 1149 1439 1224 primum

167 1232 282 1292 iuvenis
305 1233 419 1292 amicus
442 1234 585 1293 Rehmius
608 1255 654 1293 me
678 1236 869 1311 commonuit,
892 1238 998 1310 postea
1017 1255 1035 1294 a
1054 1236 1294 1314 Wilamowitzio,
1313 1238 1438 1298 Aristot.

166 1340 194 1382 u.
215 1322 321 1381 Athen.
346 1341 368 1379 11
392 1334 444 1380 323
468 1323 689 1381 accuratissime
712 1324 860 1400 disputari
883 1325 1018 1402 cognovi.
1059 1325 1131 1384 Inde
1156 1326 1216 1384 iam
1239 1329 1357 1385 constat
1378 1326 1438 1386 vic-

166 1411 274 1470 toriam
294 1411 442 1488 Pythiam,
467 1432 558 1487 quam
576 1412 631 1471 hoc
650 1431 768 1471 carmen
791 1415 913 1490 spectet,
937 1411 983 1472 01.
1004 1417 1054 1491 73,
1075 1416 1094 1472 3
1114 1414 1175 1473 sive
1195 1435 1221 1475 a.
1241 1418 1304 1474 486
1326 1435 1351 1473 a.
1371 1414 1437 1473 Chr.

166 1500 290 1575 Delphis
313 1504 496 1575 reportatam
519 1521 589 1561 esse.
628 1501 685 1560 Sed
709 1522 769 1577 qua
788 1501 934 1576 Pythiade
954 1502 984 1559 id
1002 1504 1116 1562 factum
1135 1504 1183 1581 sit,
1203 1524 1239 1562 nc
1258 1504 1300 1563 sic
1319 1503 1438 1580 quidem

166 1590 353 1664 exploratum
371 1593 425 1666 cst,
444 1590 685 1666 quandoquidem
699 1591 813 1650 codices
828 1591 1009 1650 scholiorum
1023 1591 1101 1651 inter
1114 1612 1253 1652 numeros
1269 1585 1315 1651 κε’
1333 1596 1364 1651 et
1382 1586 1439 1670 ον’

168 1680 197 1735 et
215 1672 266 1740 κς’
284 1683 316 1735 et
333 1672 388 1739 σις’
407 1679 558 1756 vacillant,
583 1680 660 1738 unde
683 1680 752 1739 lites
772 1684 896 1759 veteres,
919 1699 937 1738 a
960 1700 1020 1756 quo
1040 1682 1160 1740 tandem
1178 1700 1256 1741 anno
1277 1682 1438 1757 Pythiades

167 1771 338 1826 numeratae
362 1768 422 1825 sint
444 1762 486 1849 (v.
506 1769 622 1846 Proleg.
641 1761 782 1850 cxxxvi),
805 1790 841 1827 ue
865 1789 944 1828 nunc
968 1770 1088 1845 quidem
1111 1772 1292 1846 compositae
1316 1774 1394 1829 sunt.

253 1857 415 1915 Exorditur
437 1860 527 1933 poeta
550 1878 568 1916 a
591 1858 745 1933 splendore
768 1858 851 1916 urbis
871 1859 1056 1918 Athenarum
1079 1863 1111 1918 et
1132 1860 1230 1937 gentis
1249 1861 1436 1919 Alcmaeoni-

165 1945 270 2003 darum
299 1938 425 2025 (1—10).
471 1947 584 2004 Deinde
613 1948 716 2006 aiedem
744 1948 893 2023 Apollinis
921 1948 958 2005 ab
981 1949 1042 2007 illis
1070 1949 1293 2008 exaedificatam
1321 1953 1352 2007 et
1380 1949 1439 2008 vic·

165 2035 258 2092 terias
287 2035 456 2109 praeclaras
487 2056 505 2093 a
534 2036 666 2113 Megacle
702 2037 824 2112 eiusque
857 2037 1020 2095 maioribus
1050 2041 1218 2113 reportatas
1249 2057 1311 2097 esse
1347 2039 1439 2097 refert

165 2115 308 2204 (11--18).
344 2123 481 2200 Denique
501 2124 531 2181 in
550 2125 668 2202 epilogo
688 2145 782 2183 unum
806 2127 880 2183 illud
904 2127 1105 2203 conqueritur,
1129 2127 1210 2202 quod
1234 2127 1271 2186 ob
1294 2127 1439 2186 invidiam

166 2212 277 2271 civium
307 2213 422 2290 integra
450 2233 484 2271 ac
512 2213 600 2288 plena
629 2214 756 2273 felicitas
784 2215 954 2273 hominibus
983 2236 1040 2273 nou
1064 2234 1203 2274 concessa
1226 2216 1277 2293 sit,
1306 2221 1337 2274 et
1359 2235 1437 2274 nunc

164 2320 285 2377 quoquc
308 2302 386 2361 bono
410 2294 583 2382 (victoriae)
606 2304 720 2361 malum
744 2296 894 2383 (exilium)
918 2305 1112 2362 commixtum
1135 2305 1175 2363 sit
1198 2297 1341 2385 (lt-⁶22).

253 2390 453 2466 Optimutium
483 2391 641 2466 imperium
671 2411 739 2449 cum
763 2393 888 2450 Athenis
918 2397 1034 2450 mature
1064 2393 1094 2451 in
1121 2395 1266 2469 populare
1289 2394 1436 2471 vertisset,

164 2479 241 2538 cives
269 2480 364 2538 Attici
399 2480 482 2537 laudi
513 2499 613 2538 rerum
645 2483 764 2539 strenue
792 2486 945 2559 gestarum
972 2482 1068 2558 magis
1096 2502 1188 2558 quam
1214 2483 1354 2542 ludorum
1377 2483 1436 2543 vic·

164 2569 248 2627 toriis
272 2570 390 2628 studere
412 2574 582 2647 coeperunt,
604 2570 682 2627 unde
701 2570 830 2629 Pericles
848 2569 936 2629 rebus
955 2571 1077 2630 musicis
1095 2571 1197 2646 potius
1217 2591 1308 2648 quam
1327 2573 1436 2648 ignava

164 2660 194 2715 et
218 2658 286 2715 rudi
309 2658 459 2734 palaestra
482 2658 599 2734 plebem
622 2659 826 2717 delectandam
856 2662 887 2717 et
914 2659 1098 2718 educandam
1126 2650 1242 2719 censuit
1265 2654 1361 2741 (Plut
1384 2661 1436 2720 vit.

163 2746 336 2823 Pericl.11;
360 2748 396 2807 cl.
416 2748 519 2824 Enrip.
539 2748 574 2806 fr.
593 2740 668 2827 28⁶2).
714 2748 786 2806 Inde
817 2747 1049 2807 Atheniensibus
1079 2748 1226 2807 Pindarus
1256 2769 1310 2810 nec
1338 2751 1436 2808 multa

163 2855 216 2894 nec
235 2837 326 2912 longa
344 2837 472 2912 epinicia
490 2837 569 2895 fecit.
598 2837 697 2907 Quid?
716 2838 796 2914 quod
815 2857 849 2894 ex
869 2837 992 2916 duobus,
1011 2857 1088 2914 quae
1107 2838 1339 2898 Atheniensibus
1357 2858 1435 2898 ecm-

162 2925 275 3002 posuit,
304 2926 452 3002 epiniciis,
481 2927 512 2983 P.
533 2945 575 2984 vri
599 2931 630 2985 et
651 2926 689 2984 N.
708 2945 743 3004 11,
771 2927 854 3003 prius
882 2930 960 2986 certe
989 2948 1048 2987 non
1072 2928 1209 3005 Athenis,
1238 2929 1289 2987 sed
1312 2928 1436 3004 Delphis

162 3017 317 3072 cantatum
336 3020 388 3071 est.
422 3015 502 3073 idem
520 3018 622 3073 autem
641 3015 863 3075 celeberrimum
883 3017 1105 3092 dithyrambum
1124 3017 1241 3077 civitati
1260 3017 1435 3077 Atheniensi

162 3102 280 3178 scripsit
308 3104 357 3181 lfr.
378 3114 419 3162 το.
444 3115 485 3162 76.
511 3102 571 3184 77),
603 3108 785 3180 quapropter
808 3125 826 3163 a
850 3106 911 3164 suis
939 3106 1052 3165 civibus
1079 3108 1194 3166 mulcta
1221 3107 1303 3165 mille
1331 3106 1435 3166 drach-

162 3212 278 3249 marum
308 3193 446 3269 punituS,
476 3193 514 3250 ab
537 3193 769 3252 Atheniensibus
800 3194 891 3270 duplo
922 3196 1064 3255 maiorem
1093 3196 1258 3255 mercedem
1287 3197 1434 3273 accepisse

163 3282 265 3350 lertur.
310 3280 446 3357 Denique
475 3301 543 3339 eum
571 3302 624 3357 pro
652 3282 847 3360 Hippocrate,
875 3287 960 3358 patre
989 3286 1082 3343 nostri
1109 3285 1264 3363 MegacliS,
1294 3286 1434 3344 threnum

162 3370 360 3446 composuisse
385 3371 546 3429 scholiasta
568 3371 606 3428 ad
630 3371 662 3428 P.
682 3389 723 3430 vir
745 3382 776 3430 17
801 3373 960 3431 memoriae
984 3374 1091 3450 prodit,
1113 3374 1198 3432 cuius
1218 3378 1316 3433 tamen
1336 3375 1433 3432 threni

161 3459 246 3517 nulla
269 3461 328 3518 iam
352 3464 470 3518 exstant
492 3461 668 3538 fragmenta.

703 3615 748 3678 De
770 3615 892 3680 metris.

248 3727 344 3785 iletre
371 3728 462 3785 huius
488 3727 628 3785 carminis
656 3730 727 3785 sunt
756 3727 941 3804 logaoedica,
973 3728 1093 3787 insolita
1123 3730 1270 3788 brevitate
1294 3749 1433 3790 versuum

161 3816 374 3876 memorabilia.
416 3817 449 3873 In
474 3816 608 3875 versibus
631 3816 796 3876 dividendis
820 3836 887 3875 cum
911 3837 945 3874 ex
970 3818 1033 3893 ipso
1058 3819 1187 3876 carmine
1212 3823 1333 3895 propter
1356 3821 1433 3880 inso-

161 3904 283 3963 lentiam
310 3908 472 3965 metrorum
500 3910 530 3964 et
558 3906 699 3984 exiguum
726 3925 882 3965 numerum
911 3908 1101 3982 stropharum
1128 3911 1210 3966 certa
1239 3908 1348 3966 indicia
1371 3911 1432 3984 peti

160 3998 318 4071 nequeant,
343 3995 451 4054 veteris
474 3995 663 4054 colometriae
687 3996 822 4072 vestigiis
845 3996 893 4053 hic
916 3996 1013 4073 inagis
1033 4015 1124 4072 quarn
1142 3996 1217 4054 alius
1236 3997 1432 4056 insistendum

160 4101 222 4139 esse
250 4084 363 4157 putavi.
410 4085 492 4143 Adeo
520 4104 590 4143 vero
618 4084 648 4141 in
677 4084 732 4143 hoc
756 4085 885 4143 carmine
910 4086 948 4141 ad
971 4103 1162 4144 numerorum
1186 4086 1432 4161 aequabilitatem

159 4172 323 4231 revocando
352 4173 424 4230 mihi
448 4174 510 4249 ipse
534 4173 649 4230 diffisus
673 4192 751 4250 sum,
779 4176 815 4231 ut
839 4174 959 4249 punctis
983 4175 1060 4234 ictus
1083 4178 1113 4233 et
1136 4175 1291 4250 rhythmos
1314 4175 1432 4254 signare

160 4280 217 4318 non
247 4261 394 4319 auderem.
440 4262 552 4321 Vereor
579 4262 657 4320 enim
686 4283 721 4320 ne
749 4263 838 4322 solito
861 4264 958 4322 maior
979 4283 1049 4340 prus
1073 4265 1301 4323 intervallorum
1324 4266 1354 4322 in
1378 4267 1432 4325 hoc

159 4349 288 4406 carmine
316 4350 418 4425 pausis
447 4355 477 4409 et
507 4350 649 4408 tibiarum
678 4351 758 4410 sonis
782 4353 900 4428 expleta
924 4353 971 4410 sit.
1018 4352 1147 4428 Stropha
1171 4355 1311 4418 unacrusi
1333 4356 1431 4431 quinti

158 4458 261 4498 versus
286 4438 315 4495 iu
338 4439 413 4496 duas
432 4441 586 4515 pericopas
610 4440 769 4517 dirimitur,
794 4460 870 4516 quae
893 4442 1017 4500 metrica
1036 4445 1187 4502 structura
1205 4444 1297 4503 etiam
1316 4448 1431 4504 senten-

158 4529 270 4586 tiarum
294 4529 527 4587 conformatione
551 4528 656 4586 adiuta
679 4533 732 4587 cst.
770 4530 862 4588 Primi
886 4550 988 4590 versus
1012 4551 1151 4591 mensura
1171 4533 1280 4608 pendet
1298 4553 1316 4592 a
1335 4534 1431 4592 verie-

159 4622 220 4675 tate
244 4617 393 4695 lectionis,
425 4618 460 4676 de
484 4638 545 4694 qua
567 4617 635 4676 vide
658 4621 718 4677 not.
742 4619 807 4677 crit.
831 4620 868 4677 ad
893 4639 938 4678 vv.
960 4634 983 4678 1.
1004 4632 1027 4679 9.
1066 4620 1191 4680 Carmen
1215 4623 1339 4698 Delphis
1363 4643 1430 4682 can·

159 4710 256 4765 tatum
288 4727 349 4765 esse
381 4726 458 4766 nunc
482 4706 652 4765 Aristotelis
682 4708 853 4767 testimonio
884 4710 976 4768 etiam
1006 4710 1197 4769 verisimilius
1228 4713 1340 4771 laetum
1372 4714 1429 4787 est3

159 4795 224 4852 inde
249 4799 349 4854 autom
373 4797 470 4856 nescio
495 4816 532 4855 an
557 4794 649 4853 etiam
672 4795 803 4855 brevitas
827 4799 965 4855 carminis
989 4799 1164 4874 explicanda
1187 4801 1234 4857 sit.
