3406 5378
743 311 892 361 PlNDARI
911 311 1076 364 EPINIOIA.

482 475 514 538 ει’
535 470 562 536 δ’
592 474 698 537 ἀεθλα
722 472 860 556 γαρύειν

483 580 607 662 ἔλδεαι,
631 583 732 662 φίλον
754 574 850 663 ἦτορ,

421 702 436 749 o
482 684 589 769 μηκέτ’
618 685 732 771 ἀελίου
756 690 869 751 σκόπει

482 793 564 857 ἀλλο
587 796 817 877 θαλπνότερον
840 790 877 856 έν
900 792 976 875 ἀμέ-

525 923 568 984 ρᾳ
591 901 739 984 φαεννὸν
761 900 885 984 ἄστρον
908 898 1044 982 έρή-μας
1067 896 1109 962 δι’
1137 895 1288 980 αἰθέρος,
1389 912 1421 961 10

481 1003 559 1088 μηδ’
583 1003 767 1089 Ὀλυμπίας
790 1004 902 1088 ἀγῶνα
926 1003 1088 1091 φέρτερον
1111 1003 1169 1068 αὐ·
1184 1002 1342 1086 δάσομεν·

485 1112 567 1176 ὅθεν
591 1111 608 1176 δ
631 1113 824 1195 πολύφατος
847 1112 951 1196 ὕμνος
974 1109 1214 1196 ἀμφιβάλλεται

481 1229 599 1303 σοφῶν
621 1223 788 1303 μητίεσσι,
811 1220 962 1284 κελαδεῖν

404 1344 435 1389 10
481 1328 616 1410 Κρόνου
640 1324 728 1390 παῖδ’
757 1324 789 1402 ές
813 1325 941 1409 ἀφνεὰν
966 1323 1140 1409 ἱκομένους

481 1433 645 1516 μάκαιραν
663 1430 813 1517 Ἱέρωνος
836 1431 962 1514 ἑστίαν,

480 1740 672 1818 θεμιστεῖον
696 1733 732 1810 ὃς
754 1733 896 1818 ἀμφέπει

525 1854 671 1905 σκᾶπτον
694 1840 730 1904 έν
753 1843 930 1928 πολυμήλςο

481 1951 633 2033 Σικελίᾳ,
658 1945 788 2032 δρέπων

524 2050 584 2138 μέν
607 2055 758 2139 κορυφὰς
780 2053 900 2135 ἀρετᾶν
923 2054 988 2118 ἀπο
1011 2066 1136 2134 πασᾶν,

480 2160 665 2242 ἀγλαΐζεται
689 2157 726 2225 δέ
748 2160 803 2225 καὶ

403 2286 434 2332 15
480 2281 641 2352 μουσικᾶς
664 2267 701 2332 έν
724 2264 834 2355 ἀώτςο,

480 2366 533 2439 οἷα
557 2378 713 2459 παίζομεν
737 2379 840 2457 φίλαν

338 2662 362 2710 3.
381 2656 485 2725 γαρύεν
503 2656 606 2719 ACD,
629 2673 654 2710 v,
674 2656 746 2711 Prol.
766 2675 793 2708 xi
815 2688 845 2696 —
866 2661 889 2711 6.
910 2654 1036 2724 φαεννὸν
1054 2653 1094 2709 E:
1114 2655 1222 2722 φαενδν
1238 2654 1305 2722 ΑΟ,
1320 2653 1439 2721 φαεινὸν
1450 2654 1487 2709 D.
1508 2684 1539 2692 -

270 2732 292 2780 7.
308 2727 469 2797 αὐδάσομαι
486 2726 532 2781 vel
556 2727 631 2780 αὔδα
650 2727 683 2780 σά
702 2748 749 2796 μοι
768 2727 838 2782 coni.
854 2726 955 2781 Nabar.
976 2758 1009 2766 -
1030 2733 1070 2779 10.
1087 2724 1232 2794 ἱκομένους
1246 2725 1308 2780 ΔΙ)
1321 2727 1351 2778 at
1364 2723 1464 2781 schol:
1483 2723 1541 2779 λκό-

267 2817 346 2868 μενοι
368 2800 401 2864 0,
420 2796 559 2868 ἱκομένοις
576 2798 641 2866 Bya.
662 2830 694 2836 -
716 2804 756 2852 12.
775 2797 923 2871 πολυμήλῳ
942 2796 1052 2852 Thom:
1071 2796 1220 2869 πολυμάλῳ
1240 2796 1330 2851 ΔΟΙ)
1349 2828 1381 2835 -

337 2982 360 3029 6.
382 2974 412 3029 ἐν
430 2974 520 3062 ἁμέρᾳ
539 2992 575 3028 aa
597 2976 687 3029 endae
705 2974 745 3029 rei
764 2975 857 3044 gratia
876 2974 1005 3028 additum
1024 2978 1068 3028 est
1086 2973 1246 3043 oppositum
1265 2970 1343 3028 νυκτί
1362 2992 1386 3027 v.
1402 2989 1462 3028 ι-
1478 2969 1540 3042 ἐρή-

266 3067 319 3115 μας
334 3045 373 3099 δι’
387 3045 503 3112 αλθερος
513 3045 575 3098 sim‘
589 3046 643 3099 iter
657 3063 674 3098 a
688 3046 810 3100 Pindaro
825 3045 931 3100 dictum
946 3048 989 3100 est
1003 3049 1088 3114 atque
1103 3046 1139 3099 ab
1153 3045 1271 3099 Horatio
1285 3044 1313 3100 C.
1329 3064 1339 3096 ι
1352 3062 1371 3110 s,
1385 3060 1411 3100 οι
1425 3062 1541 3099 saraam

266 3135 338 3171 aera.
365 3118 491 3171 Vacuum
506 3120 600 3170 autem
616 3117 731 3171 aethera
745 3116 848 3171 dixisse
862 3121 948 3187 poeta
962 3116 1081 3184 videtur,
1096 3133 1152 3169 non
1167 3116 1241 3184 quod
1257 3133 1366 3186 semper
1379 3116 1541 3186 corporibus

266 3188 383 3241 terrenis
406 3187 595 3257 gravibusque
614 3192 740 3255 vacaret,
762 3188 810 3241 sed
830 3189 905 3257 quod
924 3192 984 3241 tam
1003 3191 1097 3242 cetera
1115 3187 1208 3242 sidera
1226 3187 1334 3268 fulgore
1354 3186 1421 3241 solis
1440 3187 1540 3255 fugata

266 3262 360 3312 essent
384 3290 416 3298 -
442 3265 464 3313 7.
485 3257 582 3313 σκότει
602 3304 629 3314 ..
650 3257 716 3328 μηδ’
737 3260 910 3329 αὐδάσομεν·
931 3259 1092 3328 αὐδάσομεν
1111 3276 1144 3312 ex
1163 3258 1310 3312 Homerroo
1329 3275 1381 3312 usu
1400 3258 1457 3311 vim
1476 3274 1539 3311 oon·

264 3328 383 3383 iunetivi
402 3329 501 3397 habet,
527 3333 559 3383 ut
577 3329 699 3402 βάσομεν
718 3349 768 3400 pro
788 3330 916 3403 βάσομεν
941 3330 971 3385 0,
991 3346 1082 3399 νινε,
1105 3328 1214 3394 δέξεται
1233 3346 1283 3399 pro
1303 3328 1416 3398 δέξηται
1433 3328 1467 3384 fr.
1487 3344 1540 3393 1³³3

265 3400 396 3454 similiter
418 3418 482 3456 vero
506 3399 702 3471 imperativam
731 3419 794 3455 oum
822 3402 1000 3456 coniunctivo
1024 3401 1170 3456 coniunxit
1191 3401 1211 3454 I.
1231 3416 1291 3455 vm
1310 3418 1322 3456 ι
1345 3399 1538 3468 θεράπευε..

265 3470 455 3542 δαμωσόμεθα
479 3504 511 3512 -
536 3479 560 3526 8.
581 3472 795 3545 ἀμφιβάλλεται·
816 3474 850 3527 of.
871 3473 949 3529 Hom.
970 3472 994 3525 K
1013 3488 1052 3527 585
1070 3473 1144 3541 ἀμφὶ
1163 3472 1266 3535 κτύπος
1284 3471 1373 3526 οὔατα
1386 3470 1485 3595 βάλλει
1506 3502 1539 3509 -

265 3548 288 3596 9.
314 3541 410 3612 σοφοί·
434 3546 534 3613 poetae
557 3544 735 3612 potissimum
758 3543 811 3597 hoc
833 3545 945 3599 nomine
969 3561 987 3598 a
1009 3543 1130 3597 Pindaro
1155 3546 1289 3596 ornantur
1316 3542 1361 3611 (cf.
1410 3557 1473 3597 ,ιιι
1491 3558 1538 3596 ιιι.

265 3614 286 3667 Ι.
306 3629 316 3667 1
335 3618 380 3680 ιι),
407 3617 439 3667 ut
457 3632 474 3666 a
495 3615 605 3668 Catullo
624 3618 725 3684 poetae
744 3614 821 3668 docti
839 3615 971 3670 dicuntur
990 3647 1022 3653 -
1045 3620 1085 3668 10.
1106 3612 1262 3683 ἱκομένους·
1288 3630 1345 3667 acc.
1364 3629 1388 3668 ο.
1407 3611 1456 3666 inf.
1475 3615 1540 3681 post

263 3684 478 3753 praecedentem
488 3685 616 3738 dativum
631 3685 762 3739 similiter
775 3687 923 3757 usurpavit
939 3687 968 3741 P.
983 3702 1009 3740 11
1024 3703 1057 3754 ιιι,
1074 3685 1141 3739 Χειι.
1158 3702 1202 3738 an.
1217 3699 1256 3739 ιιι
1271 3702 1291 3750 ι,
1307 3701 1317 3737 ι
1333 3683 1430 3749 ἔδοξεν
1444 3684 1540 3746 αὐτοῖς

263 3756 491 3879 ματαστήσαντας
505 3761 663 3882 reppulere·
684 3757 842 3883 Camil&
856 3758 977 3883 Gralrpm.
992 3772 1026 3881 oni
1041 3774 1053 3810 ι
1068 3757 1119 3880 ι’λλιι.
1136 3772 1196 3880 ιΣ-
1211 3762 1252 3879 ff.
1271 3759 1442 3879 θεμιστεῖονὶ
1461 3770 1539 3880 soeg

264 3844 506 3952 Σΐάιάὶτδδεδδτάδίδ
527 3831 825 3969 hptihiisagiodiociiihss
835 3872 955 3955 seribere
972 3847 1081 3964 sppappip
1097 3844 1538 3979 9³uodnho{lamiimnriwr”pisinni

263 3966 347 4041 βότοο
372 3968 552 4039 Ἀκράγαντος
580 3970 667 4037 dixit,
696 3976 725 4025 et
752 3971 878 4026 Siciliam
902 3971 992 4041 magis
1016 3917 1162 4042 peoorihus
1191 3969 1307 4038 (μήλοις)
1334 3985 1420 4037 quam
1447 3985 1538 4038 pomis

263 4039 380 4109 (μάλσις)
403 4040 547 4095 abundare
571 4041 628 4095 iam
651 4046 731 4096 vetus
755 4042 832 4096 fama
856 4041 1022 4124 Polyphemi
1049 4040 1171 4111 pastoris
1195 4044 1224 4094 et
1247 4039 1417 4111 pastoriciae
1445 4038 1538 4109 poesis

264 4111 342 4179 origo
364 4112 529 4181 prodebant.
567 4112 664 4181 Neque
685 4113 720 4167 ab
739 4113 792 4166 hac
811 4115 952 4168 sententia
971 4131 1016 4166 me
1035 4111 1145 4181 depulit
1168 4110 1314 4182 epitheton
1338 4110 1449 4165 Siculae
1469 4110 1538 4164 deae

264 4183 414 4251 Δάματρος
441 4181 602 4253 μαλοφόρου
631 4202 675 4253 ap.
704 4184 784 4237 Paus.
809 4204 819 4236 1
842 4202 882 4253 ιο,
910 4201 923 4238 s
951 4188 980 4239 et
1006 4184 1036 4237 in
1064 4183 1149 4237 titulo
1178 4181 1335 4236 Selinuntio
1363 4198 1407 4252 ap.
1436 4180 1538 4235 Kaibel

263 4253 354 4307 IGSI.
370 4269 426 4334 ,τοις
450 4257 482 4307 ut
500 4255 575 4308 enim
593 4256 664 4309 bene
683 4255 737 4336 dea
755 4272 868 4324 pomum
894 4273 979 4309 manu
998 4260 1095 4337 tenens
1114 4252 1273 4341 μαλοφόρος
1291 4255 1477 4334 nuncupatur,
1496 4252 1538 4305 ita

263 4326 791 4465 ‘attin'”sllldlllllllllll
809 4329 1184 4465 t⁸⁰lf¹lltfflsslltllt
1203 4324 1537 4463 alleluiati&

263 4468 368 4535 χθονὸς
391 4467 450 4521 soil.
470 4468 575 4539 Λιβύας
600 4501 632 4508 -
657 4474 698 4522 13.
719 4467 829 4537 δρέπων
848 4468 899 4538 μὲν
919 4513 924 4523 .
941 4514 946 4523 .
964 4515 968 4523 .
988 4469 1147 4538 ἀγλαΐζεται
1166 4464 1210 4521 δέ·
1235 4484 1285 4522 suo
1304 4484 1380 4521 more
1399 4465 1537 4520 Pindarus

263 4537 375 4592 dicendi
399 4539 547 4592 formulam
573 4540 666 4593 variat
695 4540 849 4595 indicativo
873 4545 938 4611 post
961 4538 1141 4611 participium
1165 4556 1230 4592 usus
1260 4570 1292 4577 —
1322 4543 1363 4592 1⁶.
1387 4537 1537 4591 Hieronem

261 4610 469 4678 μουσικώτατον
488 4612 649 4678 ἀνθρώποισι
672 4611 757 4664 etiam
782 4612 850 4666 lien.
869 4611 945 4666 Hier.
965 4631 992 4665 iv
1013 4628 1037 4667 ιε
1055 4611 1167 4676 laudan
1193 4613 1340 4680 praeterea
1358 4608 1454 4664 confer
1471 4608 1536 4662 Pin·

262 4680 361 4734 darum
385 4681 476 4752 ipsum
500 4681 531 4736 Ο.
556 4701 583 4734 ιι
607 4699 633 4737 οι
662 4714 693 4721 -—
725 4689 765 4736 16.
789 4681 924 4753 παίζομεν
1023 4682 1136 4752 ἀνδρες·
1162 4679 1324 4735 amabiliter
1346 4683 1431 4749 poeta
1455 4678 1537 4747 ludit,

263 4751 354 4806 verbis
380 4752 527 4806 contrariis
551 4771 631 4822 usus,
656 4771 717 4808 cum
741 4754 815 4808 viros
838 4755 894 4808 ritu
919 4772 1066 4824 puerorum
1090 4754 1119 4806 in
1143 4751 1271 4806 convivio
1291 4751 1386 4805 ludere
1405 4750 1484 4805 dieat
1504 4781 1536 4789 -
