3406 5378
702 1158 867 1211 ΙΣΘΜΙΟΝ.
886 1157 928 1211 Z‘.

441 1322 862 1407 nTPnnlAnen
907 1321 1195 1405 ΘΗΒΑΙῼ,

700 1518 929 1567 ΠΑΓΚΗΛΤΙΩι.

725 1800 902 1871 strophae.

691 3347 931 3429 Argumentum.

264 3478 466 3554 Strep‘siadem
486 3478 661 3537 Thebanum
680 3477 807 3537 Isthmia
825 3479 980 3554 pancratio
1000 3477 1105 3538 vicisse
1126 3478 1368 3554 avunculumque
1387 3477 1452 3536 eius

175 3567 389 3644 cognominem,
404 3568 527 3628 Diodoti
545 3566 650 3645 filium,
665 3568 718 3644 qui
733 3568 824 3642 paulo
839 3570 908 3626 ante
926 3587 980 3643 pro
999 3566 1099 3643 patria
1118 3570 1244 3625 mortem
1262 3567 1452 3642 occubuerat,

175 3660 342 3715 consortem
365 3657 478 3734 gloriae
502 3657 607 3716 fecisse
631 3676 665 3714 ex
690 3656 819 3714 carmine
843 3657 907 3732 ipso
931 3656 1136 3732 comperimus.
1173 3656 1218 3713 De
1240 3659 1373 3732 tempore
1392 3656 1452 3715 vie·

175 3744 271 3803 toriae
296 3745 371 3803 nihil
394 3746 553 3805 memoriae
577 3746 723 3804 traditum
747 3744 924 3821 invenimus
943 3745 993 3804 sed
1013 3744 1093 3820 quod
1112 3744 1147 3801 de
1167 3748 1319 3803 senectute
1338 3747 1369 3803 et
1387 3746 1451 3804 fato

174 3832 304 3892 instante
328 3837 419 3910 poeta
442 3834 532 3894 verba
554 3835 629 3895 facit
654 3826 694 3915 (v.
714 3827 778 3915 41),
806 3834 873 3892 inde
897 3834 1003 3892 merito
1026 3832 1195 3893 Boeckhins
1217 3834 1352 3910 collegit,
1376 3853 1451 3911 pug-

174 3939 256 3999 nam,
285 3942 346 3999 qua
374 3923 559 4001 Strepsiades
588 3924 756 3985 avunculus
780 3922 882 3999 periit,
907 3943 966 3983 non
989 3923 1196 3981 Plataeensem
1219 3922 1451 4000 intellegendam

174 4029 250 4088 esse,
278 4016 309 4070 et
331 4012 423 4071 etiam
446 4014 544 4072 minus
568 4013 751 4090 superiorem
776 4012 908 4089 aliquam
933 4031 1080 4090 pugnem,
1106 4012 1156 4069 sed
1181 4009 1451 4088 Oenophyteneem‚

175 4118 236 4174 qua
255 4099 388 4159 Thebani
407 4101 546 4161 destituti
564 4121 583 4160 a
601 4100 844 4162 Lacedaemoniis
864 4094 906 4177 (v.
927 4112 959 4160 16
978 4119 1030 4177 sq,
1055 4100 1090 4159 of.
1111 4100 1203 4159 Thuo.
1223 4119 1233 4157 1
1254 4111 1304 4159 108
1324 4103 1355 4158 et
1373 4100 1450 4159 Plat.

173 4188 286 4247 Menon⁴
302 4182 410 4270 14111),
430 4191 609 4267 quibuscum
627 4191 779 4252 coniuncti
799 4190 981 4267 sexagesimo
1001 4189 1130 4249 seeundo
1149 4190 1196 4248 die
1216 4192 1285 4248 ente
1301 4180 1341 4268 (v.
1357 4190 1450 4249 Thuc.

174 4277 193 4336 1.
214 4269 248 4356 1.)
267 4277 463 4338 Athenienses
482 4283 512 4339 et
532 4281 660 4359 Argivos
679 4281 716 4339 ad
736 4280 906 4358 Tanagram
924 4280 1068 4356 vicerant,
1087 4277 1125 4335 ab
1139 4277 1372 4338 Atheniensibus
1391 4279 1451 4336 fusi

174 4370 205 4424 et
233 4366 333 4443 fugati
362 4371 441 4428 sunt.
487 4368 568 4440 Quae
598 4388 701 4447 pugna
729 4388 797 4429 eum
824 4389 902 4428 anno
927 4371 990 4427 457
1015 4370 1140 4426 exeunte
1167 4368 1216 4426 vel
1239 4370 1302 4429 456
1329 4368 1450 4426 ineunte

174 4455 332 4514 commisse
359 4457 411 4533 sit,
441 4456 642 4534 Strepsiadem
670 4461 725 4517 aut
752 4478 820 4517 vere
848 4458 919 4517 enni
942 4458 1006 4517 456
1031 4448 1092 4537 (01.
1113 4458 1163 4533 80,
1189 4448 1223 4536 4)
1251 4462 1305 4515 aut
1333 4457 1450 4517 duobus

174 4545 260 4603 annis
289 4547 370 4623 post,
400 4565 469 4605 vere
499 4547 570 4606 anni
597 4549 662 4607 454
693 4538 753 4627 (01.
774 4549 830 4624 81,
855 4539 890 4628 ⁶2)
919 4545 1046 4605 Isthmia
1075 4545 1181 4604 vicisse
1212 4546 1365 4621 probabile
1396 4550 1450 4606 eet.

174 4636 314 4693 Alterum
336 4638 373 4692 ut
395 4634 566 4714 admittam,
593 4636 744 4695 mentione
767 4636 947 4711 Pythiornm
969 4636 1000 4693 in
1024 4634 1081 4693 fine
1105 4635 1245 4694 carminis
1268 4636 1349 4695 faeta
1372 4655 1451 4696 com·

175 4743 307 4801 moveor,
337 4742 407 4782 nam
437 4724 571 4800 proxima
599 4725 711 4801 Pythia
740 4730 810 4801 post
839 4744 972 4802 pugnam
1002 4724 1040 4783 ad
1069 4722 1248 4800 Oenophyta
1278 4745 1356 4784 anno
1385 4727 1449 4785 454

174 4813 325 4880 celebrata
345 4816 423 4874 sunt.
461 4814 562 4891 Longe
585 4814 734 4875 diversam
757 4814 904 4874 rationem
927 4814 1063 4890 Heynins
1087 4816 1118 4871 et
1141 4814 1287 4889 Bergkius
1310 4814 1450 4892 inierunt,
