3406 5378
830 351 976 401 PINDARl

489 604 494 613 ι
814 520 875 576 158
900 510 1003 594 [σοι.

490 713 567 785 Ταῖς
591 710 709 793 ἱεραῖσι
733 710 901 791 μελίσσαις
924 705 1082 791 τέρπεται.

479 1098 629 1184 Ἀνδρῶν
651 1100 805 1164 δικαί-ων
828 1102 946 1183 χρόνος
969 1099 1077 1182 σωτὴρ
1101 1099 1243 1181 ἄριστος.

875 1302 944 1360 160.

489 1405 668 1467 Θανόντων
691 1399 727 1465 δὲ
750 1399 804 1465 καὶ
829 1403 920 1483 λόγοι
943 1405 1036 1485 φίλοι
1059 1401 1218 1495 προδόται

874 1606 945 1663 161.

489 1707 533 1770 Οἱ
553 1702 613 1789 μὲν
636 1705 808 1788 κατωκάρα
832 1704 980 1788 δεσμοῖσι
1005 1701 1153 1767 δέδενται

761 1992 765 1999 Ι
875 1908 946 1965 162.

495 2081 726 2129 :dv-W..-

612 2186 796 2262 Πιτνάντες
818 2185 905 2250 θοὰν

489 2290 630 2376 Κλίμακ’
657 2291 689 2369 ἐς
712 2292 858 2377 οὐρανὸν
881 2293 991 2356 αἰπυν.

820 2480 880 2537 163
906 2470 1008 2555 [137]¹

488 2682 752 2768 Ἀλλαλοφόνους
774 2682 949 2761 ἐπόξ-αντο
973 2685 1108 2766 λόγ-χας
1131 2679 1179 2745 ἐνλ
1203 2685 1320 2765 σφίσιν
1344 2679 1467 2757 αὐτοῖς.

278 2875 416 2944 Σειληνὸν
440 2880 478 2948 τῷ
499 2874 624 2948 Ὀλύμπῳ
649 2874 792 2936 τοιούτους
816 2875 891 2947 αὐτῷ
916 2872 1069 2944 περιέθηκε
1096 2871 1205 2943 λόγους·
1232 2868 1356 2935 visullae
1381 2876 1452 2939 κτλ.;
1479 2871 1554 2926 inter

278 2947 472 3014 dithyrambos
491 2945 602 3001 rettulit
619 2945 748 3013 Hartung
768 2978 800 2984 -
820 2945 997 3015 διακομπὲων
1016 2947 1158 3001 Hermann
1175 2944 1368 3016 probabiliter.

349 3018 392 3073 Fr.
411 3022 468 3071 158.
496 3016 834 3072 Sohol.Pind.P.1v1‹u:
854 3015 897 3070 ὅτι
914 3017 965 3080 τὰς
982 3019 1044 3086 περὶ
1063 3017 1098 3071 τὰ
1117 3021 1185 3072 θεῖα
1203 3017 1338 3086 μύστιδος
1356 3016 1404 3069 καλ
1422 3012 1555 3085 μελίσσας

278 3092 375 3158 φασίν,
395 3084 513 3156 ἑτέρωθι
532 3088 546 3141 ό
565 3085 649 3150 αὐτός
668 3106 748 3157 φησι·
774 3095 849 3151 ταῖς
872 3087 981 3157 ἱεραῖς
1003 3093 1059 3143 κτλ.
1096 3087 1233 3157 Bergkius
1253 3087 1290 3141 ad
1309 3087 1341 3141 fr.
1362 3103 1387 3141 ra
1406 3086 1459 3141 AB
1478 3090 1508 3141 et
1527 3104 1554 3141 eo

279 3161 332 3213 hoc
359 3177 468 3229 quoque
495 3160 683 3231 fragmentum
708 3158 851 3213 revocavit
875 3192 908 3199 —
932 3159 1032 3227 λεραισι
1060 3159 1184 3214 Boeclrh:
1213 3159 1301 3226 λερατς
1328 3158 1408 3212 οοόδ.
1432 3190 1468 3197 -
1490 3157 1553 3211 Huc

279 3232 416 3313 Bergkius
433 3231 503 3285 duce
522 3229 662 3284 Boeokhio
681 3230 792 3284 rettulit
810 3230 923 3298 Didymi
942 3235 1088 3285 comment.
1108 3248 1152 3300 ap.
1171 3231 1299 3284 lactant.
1319 3230 1384 3284 lnst.
1406 3228 1462 3283 dis.
1481 3248 1493 3281 1
1511 3244 1553 3284 aa:

281 3303 443 3371 “D1dymus
462 3300 588 3355 inlibris
609 3303 783 3371 Πινδαρικῆς
801 3300 953 3370 ἐξηγήσεως
972 3301 1021 3369 ait,
1040 3301 1171 3357 Melissea
1190 3300 1363 3355 Cretensium
1382 3316 1478 3370 regem
1496 3299 1553 3370 pri-

277 3391 355 3426 mum
375 3373 429 3426 diis
449 3372 619 3427 sacrificasse
638 3390 671 3426 ao
690 3372 760 3427 ritus
779 3390 865 3426 novos
885 3389 1080 3441 sacrorumque
1103 3390 1220 3443 pompas
1245 3371 1444 3438 introduxisse;
1468 3371 1554 3425 huius

279 3446 350 3498 duas
368 3443 454 3498 fuisse
472 3443 558 3511 filias,
577 3443 756 3499 Amaltheam
775 3446 804 3498 et
822 3443 979 3509 Melinum,
1004 3461 1077 3513 quae
1096 3445 1189 3499 lovem
1207 3461 1322 3514 puerum
1341 3443 1460 3513 caprina
1477 3443 1553 3497 laete

280 3533 313 3570 ao
341 3515 424 3570 melle
452 3515 620 3583 nutrierunt;
649 3516 723 3570 unde
750 3515 861 3584 poetica
888 3514 939 3569 illa
962 3515 1061 3569 fabula
1084 3515 1221 3587 originem
1246 3514 1376 3585 sumpsit,
1403 3513 1554 3568 advolasse

280 3602 347 3657 apes
371 3589 455 3655 atque
474 3603 504 3640 os
523 3587 602 3657 puori
625 3586 709 3641 melle
731 3585 893 3656 complesse.
930 3586 1074 3641 Melissam
1093 3604 1158 3642 vero
1177 3604 1195 3641 a
1213 3589 1294 3657 patre
1319 3585 1438 3656 primam
1462 3602 1553 3640 sacer·

281 3660 375 3712 dotem
397 3658 482 3712 Matri
501 3676 620 3729 magnae
640 3658 835 3726 constitutam,
861 3659 935 3713 unde
958 3658 1050 3713 adhue
1069 3658 1194 3713 eiusdem
1213 3657 1313 3711 Matris
1332 3656 1475 3711 antistites
1495 3657 1553 3711 Me·

280 3729 365 3785 lissae
383 3732 611 3800 nuncupantur.”
651 3731 711 3784 Huc
731 3732 841 3800 spectat
860 3730 919 3784 vitu
938 3731 1016 3785 Pind.
1037 3731 1108 3785 Prol.
1129 3750 1144 3784 c
1164 3747 1176 3785 σ
1195 3732 1224 3783 et
1242 3748 1280 3781 cu
1298 3746 1318 3783 r.

352 3801 394 3856 Fr.
416 3807 474 3857 159.
507 3801 620 3869 Dionys.
640 3801 731 3855 Halia.
751 3802 785 3855 de
805 3804 874 3856 orat.
894 3804 952 3856 ant.
972 3820 996 3857 s:
1016 3802 1085 3856 ἀλλὰ
1103 3801 1157 3872 γὰρ
1177 3802 1209 3855 οὐ
1228 3797 1315 3871 μόνον
1334 3800 1447 3868 ἀνδρῶν
1465 3801 1492 3855 δ.
1512 3820 1553 3869 γρ.

280 3890 304 3928 o.
323 3872 368 3942 ἀρ,
387 3872 459 3926 κατὰ
480 3875 636 3942 Πίνδαρον,
655 3872 725 3926 όιλλδι
744 3874 792 3926 καλ
809 3882 914 3943 τεχνῶν
933 3877 988 3927 κτλ.

352 3945 394 3999 Fr.
412 3951 470 3998 160.
500 3944 576 3999 Stob.
592 3944 665 3999 l'lor.
681 3961 728 4013 ras,
747 3960 759 3998 a
780 3978 810 3984 -
831 3943 907 4015 λόγοι
923 3945 975 3999 del.
991 3944 1095 4015 Bergk;
1114 3962 1171 3998 non
1188 3944 1311 3998 Pindaro
1330 3944 1379 3997 sod
1397 3943 1554 3997 Menandro

280 4033 391 4071 versum
410 4015 511 4070 tribuit
530 4016 641 4070 Gesner.

353 4088 394 4140 Fr.
416 4093 475 4141 161.
512 4086 614 4141 Suidss
637 4106 661 4140 v.
681 4085 838 4154 κατωκάρα.
876 4086 1282 4156 Schol.Aristopli.Pac.1oa.
1320 4087 1361 4140 llo
1384 4086 1554 4157 Cercopibus

282 4158 481 4229 interpretatur
500 4158 600 4227 Bergk,
620 4159 654 4212 (le
674 4158 823 4212 Titanibus
842 4157 962 4212 Boeolrh.

353 4231 396 4285 Fr.
417 4236 476 4284 loa.
510 4230 622 4284 Cramer
640 4232 692 4284 An.
712 4230 761 4284 Ox.
780 4249 791 4282 1
809 4246 856 4298 τοι,
877 4246 915 4285 ιιι
935 4226 1077 4296 Πίνδαρος
1095 4227 1140 4281 {ul
1158 4237 1208 4283 τοῦ
1223 4227 1305 4283 Ὦτον
1323 4229 1372 4283 καλ
1389 4227 1554 4299 Ἐφιάλτου·

281 4299 462 4427 ριλτνρντες
487 4305 542 4356 κτλ.
563 4335 595 4341 -
621 4300 769 4364 πιτνάντις
794 4301 864 4355 coni.
885 4301 1027 4355 Hermann
1047 4333 1078 4340 -
1099 4299 1126 4363 ἐς
1151 4301 1274 4368 οὐρανὸν
1299 4300 1404 4372 Bergk:
1431 4301 1555 4371 οὐρανόν

329 4391 360 4427 oo
383 4417 388 4426 .

296 4394 310 4436 ς
353 4444 396 4499 Fr.
418 4449 476 4497 163.
514 4443 604 4513 Apoll.
624 4444 705 4513 Dysc.
726 4444 760 4497 de
780 4446 852 4511 synt.
871 4463 891 4496 11
911 4460 949 4497 ιτο
968 4442 1067 4498 Baka:
1093 4443 1124 4496 τὸ
1151 4442 1205 4512 γὰρ
1231 4442 1365 4511 ἀλλήλους
1382 4444 1504 4533 τρώσρτι
1522 4444 1555 4498 ob

282 4512 385 4569 ταότόν
411 4511 468 4570 ἐστι
492 4519 530 4586 τῷ
557 4515 672 4577 ἑαυτοὺς
695 4516 823 4584 τρώσητε.
861 4513 951 4583 ὥσπερ
975 4516 1023 4568 καλ
1041 4515 1071 4568 τὸ
1091 4515 1265 4583 Πινδαρικδν
1284 4514 1311 4568 ολ
1330 4516 1394 4584 περὶ
1414 4519 1555 4584 Τρνφατσ

283 4586 461 4657 ἐσημειοῦντο
488 4583 533 4640 ἐπὶ
558 4605 588 4640 τε
612 4595 661 4639 τοῦ
681 4584 764 4641 Ὦτον
790 4587 838 4640 sul
865 4595 914 4640 τοῦ
940 4586 1103 4654 Ἐφιάλτου,
1130 4584 1397 4656 συγκατατιθέμενοι
1425 4585 1478 4655 μὲν
1504 4590 1554 4675 τρῑ·

283 4657 541 4727 όιλλαλοφόνονς
559 4658 731 4723 ἐτάξαντο
750 4655 885 4728 λόγχας,
905 4659 937 4712 οὐ
954 4659 1009 4727 μὴν
1023 4663 1072 4727 τῷ·
1093 4657 1141 4711 ivl
1162 4656 1279 4726 σφίσιν
1298 4659 1429 4720 αὐτοῖς·
1450 4658 1484 4711 ob
1501 4677 1556 4727 γαρ

284 4730 392 4792 ἑαυτοῖς
410 4730 444 4783 τὰ
464 4728 570 4798 δόρατα
590 4730 693 4801 ἐνῆκαν
716 4728 776 4783 ἀλλ’
799 4730 931 4798 ἀλλήλοις.
969 4728 1009 4781 Ex
1033 4728 1130 4782 eodem
1154 4730 1276 4784 carmine
1301 4747 1356 4799 quo
1375 4728 1407 4783 fr.
1428 4745 1466 4784 rsa
1484 4729 1557 4799 peti·

283 4805 343 4857 tum
362 4819 422 4857 esse
441 4802 559 4857 videtur.
