3406 5378
669 395 805 465 [umiae
824 394 883 464 ιι]

192 532 289 642 ἰσχὺν
312 559 443 622 οἰκείων
466 555 677 641 παρέσφαλεν
699 562 810 622 καλῶν

191 666 298 750 χειρὸς
321 663 441 730 ἕλ-κων
464 663 590 730 ὀπίσσω
613 666 724 749 θυμὸς
746 666 886 748 άτολμος
909 662 981 728 ἐών.

193 865 374 945 συμβαλεῖν
396 861 462 946 μὰν
486 857 623 945 εὐμαρὲς
645 855 687 943 ἦν
710 863 747 925 τό
770 883 804 925 τε
829 858 1040 945 Πεισάνδρου
1063 859 1164 924 πάλαι
1218 864 1297 945 Στρ.
1317 856 1359 942 γ’.

191 960 260 1052 αἷμ’
286 967 349 1032 ἀπὸ
374 968 544 1052 Σπάρτας·
565 966 772 1052 Ἀμύκλαθεν
795 968 857 1051 γὰρ
882 970 940 1050 ἔβα
964 967 1028 1030 σὺν
1048 963 1180 1053 Ὀρέστᾳ
1225 1044 1229 1051 ¹

139 1092 172 1137 35
193 1074 342 1140 Αἰολέων
365 1076 523 1161 στρατιὰν
546 1073 720 1158 χαλκεντέα
745 1071 836 1157 δεῦρ’
863 1072 1009 1155 ἀνάγων·
1378 1090 1412 1137 45

190 1181 244 1246 uui
267 1180 345 1267 παρ’
369 1179 521 1267 Ἰσμηνοῦ
544 1182 627 1267 ῥοᾶν
650 1180 851 1267 κεκραμένον

191 1287 226 1352 ἐκ
250 1291 496 1354 Μελανίπποιο
520 1289 579 1373 μά-

226 1419 338 1481 τρωος.
385 1395 518 1481 ἀρχαῖαι
542 1393 571 1459 δ’
601 1392 713 1481 ἀρεταὶ

190 1589 371 1677 ἀμφέροντ’
397 1590 637 1676 ἀλλασσόμεναι
662 1602 789 1674 γενεαῖς
812 1589 946 1676 ἀνδρῶν
969 1589 1104 1667 σθένος·
1212 1589 1297 1657 Ἀντ.
1316 1589 1359 1674 γ’.

191 1697 227 1763 έν
251 1709 355 1788 σχερῷ
375 1696 411 1763 ,δ’
437 1697 507 1764 οὔτ’
534 1695 581 1764 ὧν
604 1697 755 1783 μέλαιναι
778 1699 906 1784 καρπὸν
929 1700 1057 1763 ἔδωκαν
1080 1699 1235 1784 άρουραι,
1379 1717 1412 1763 oo

138 1823 171 1869 ιο
191 1804 330 1891 δένδρεά
354 1804 382 1871 τ’
409 1806 470 1872 οὐκ
494 1805 601 1871 ἐθέλει
624 1805 744 1882 πάσαις
767 1804 866 1870 ἐτέων
888 1807 1042 1891 περόδοις

191 1910 297 1988 ἄνθος
319 1913 441 1990 εὐῶδες
464 1913 579 1998 φέρειν
602 1915 734 2001 πλούτςο
757 1917 868 1996 άίσον,

192 2018 260 2085 ἀλλ’
290 2019 326 2083 ἐν
349 2019 542 2104 ἀμείβοντι.
588 2019 643 2085 καὶ

236 2128 364 2191 θνατὸν
386 2126 491 2203 οὕτως
514 2130 614 2203 ἔθνος
636 2129 708 2210 άνει

211 2306 253 2352 33.
279 2299 336 2368 μὰν
362 2300 432 2355 coni.
452 2300 549 2356 Pauw:
575 2299 638 2356 λλαν
657 2302 724 2355 BD
742 2304 771 2356 et
790 2302 875 2358 schol.
896 2334 929 2342 -
949 2308 990 2356 35.
1016 2299 1167 2372 χαλκεντέα
1193 2302 1264 2358 coni.
1284 2302 1410 2358 Schmid:

140 2368 264 2508 ραλκέων
287 2389 316 2424 τε
339 2372 379 2442 Β,
403 2369 575 2442 χαλκεντόιον
598 2373 627 2426 D
646 2404 679 2413 —-
699 2373 812 2428 ἀκάτων
835 2375 864 2427 D
884 2406 915 2414 -
936 2379 977 2428 36.
1004 2373 1087 2444 λσμιν.
1106 2376 1137 2430 D
1156 2405 1187 2414 -
1213 2370 1284 2444 βοᾶν
1307 2373 1412 2444 Bergk:

158 2441 211 2495 οδιν
229 2440 315 2513 vulgo
335 2473 367 2482 -
388 2449 429 2498 38.
449 2444 544 2498 όλασσ.
564 2443 594 2498 D
613 2477 645 2484 -
665 2450 707 2500 40.
730 2444 799 2500 πάσ’
821 2444 903 2500 ἐτέων
922 2445 949 2499 Β
967 2476 1003 2484 -
1019 2443 1151 2514 περόδοις
1170 2445 1295 2501 Schmid:
1319 2445 1412 2513 περιό-

141 2515 201 2638 δριές
223 2513 341 2638 13ξῂ-
361 2521 403 2570 41,
427 2515 538 2589 πλούτῳ
556 2532 609 2572 om.
629 2517 657 2570 B
675 2548 709 2556 -
728 2521 770 2570 42.
795 2514 882 2580 οὕτως
904 2516 989 2580 ἔθνος
1011 2533 1045 2570 ex
1070 2515 1184 2570 scholiis
1206 2517 1316 2585 Heyne:
1341 2514 1411 2571 οόισ

141 2603 156 2638 σ
195 2604 242 2648 νος
345 2619 377 2627 -

141 2709 197 2764 vim
212 2709 276 2764 huic
291 2711 376 2765 verbo
390 2711 491 2765 tribuit
505 2711 584 2783 Diog.
599 2712 690 2767 Laert.
706 2731 734 2766 vr
749 2729 787 2780 ⁴⁷3
805 2712 854 2767 sed
869 2728 932 2766 cum
946 2713 1078 2782 aequales
1093 2713 1147 2768 scri
1167 2716 1241 2767 tores
1255 2712 1413 2767 Herodotus

141 2781 319 2849 Thucydides
338 2782 486 2852 Euripides
506 2783 611 2838 aoristo
631 2781 781 2854 ἐμέμφθην
794 2784 852 2837 vim
866 2783 989 2838 activam
1003 2784 1137 2854 tribuant,
1176 2783 1202 2838 ic
1240 2801 1331 2852 noque
1350 2801 1414 2838 eum

140 2853 288 2922 intellego,
311 2853 360 2922 qni
382 2854 456 2908 vires
480 2871 545 2908 suas
570 2854 629 2936 ipse
653 2854 733 2910 flocci
755 2855 877 2910 fecit-
896 2861 937 2909 32.
962 2856 1054 2925 χειρός
1072 2855 1170 2910 ἕλκων·
1190 2873 1209 2925 p
1241 2854 1309 2909 chra
1326 2857 1413 2910 meta·

141 2924 229 2993 phora
247 2924 391 2994 ignaviam
411 2925 492 2994 lingit
510 2925 631 2980 hominis
645 2943 759 2981 manum
773 2926 992 2997 prehendentem
1006 2944 1123 2996 eumque
1137 2928 1289 2981 retrorsum
1303 2927 1415 2981 trahen-

141 3002 197 3048 tem
212 3027 247 3034 -
262 3001 304 3050 33.
324 2999 474 3077 συμβαλεῖν
488 2995 545 3066 μὰν
564 2996 681 3068 εὐμαρὲς
695 2994 742 3068 ἦν·
762 2998 841 3066 atqui
856 2997 939 3052 facile
954 2997 1010 3051 fuit
1023 2998 1060 3051 ad
1074 2997 1266 3066 divinandum,
1285 2996 1353 3066 quid
1372 2996 1416 3052 vir

142 3067 176 3120 de
195 3083 246 3119 san
286 3067 331 3120 ine
350 3067 480 3121 Pisandri
499 3072 575 3122 ortus
594 3072 792 3123 consecuturus
812 3072 897 3138 esset,
917 3068 941 3122 si
959 3069 1078 3139 Pythice
1096 3069 1142 3122 vel
1161 3067 1309 3138 Olympiae
1326 3070 1415 3122 certa-

142 3137 248 3191 minao
270 3137 350 3193 iisset
367 3171 403 3180 -·
420 3137 452 3193 τό
470 3157 499 3193 τε
519 3139 696 3209 Πεισάνδρου
716 3137 801 3206 αἷμα.
814 3141 895 3197 ..καλ
913 3139 982 3208 παρ’
1000 3138 1125 3211 Ἰσμηνοῦ
1141 3137 1211 3211 βοᾶν
1230 3139 1414 3211 κεκραμένον·

143 3208 319 3263 accusativus
338 3209 450 3274 obiecti,
470 3211 528 3265 vim
546 3212 667 3268 obtinet:
686 3212 770 3266 facilc
786 3215 848 3266 erat
866 3211 992 3266 conicere
1011 3214 1040 3266 et
1057 3211 1230 3295 praesentire
1249 3210 1415 3294 sanguinem

122 3304 127 3312 ·
142 3279 271 3334 Pisandri
286 3284 315 3336 et
327 3280 490 3352 Melanippi,
505 3281 557 3338 hoc
572 3286 616 3338 est
630 3283 756 3337 divinare
771 3283 839 3351 quid
848 3281 957 3336 valeret
970 3300 1085 3353 sanguls
1098 3283 1210 3352 paterni
1225 3282 1271 3337 avi
1285 3281 1414 3337 Pisandri

141 3351 351 3407 Lacedaemone
370 3357 447 3407 ortus
466 3357 496 3408 et
521 3372 584 3409 cum
606 3353 733 3409 Thebani
757 3353 835 3407 fluvii
853 3353 956 3409 Ismeni
974 3353 1082 3422 liquore
1105 3371 1138 3408 ex
1162 3356 1289 3408 materna
1308 3353 1416 3424 origine

142 3423 246 3478 mixtus
262 3456 294 3464 —
310 3429 352 3478 34.
369 3423 539 3496 Ἀμύκλαθεν
555 3469 560 3480 .
576 3469 582 3481 .
598 3468 604 3479 .
619 3424 676 3480 ἀνά
694 3442 745 3479 ων·
784 3442 814 3479 er
831 3424 1012 3495 parenthesin
1031 3425 1124 3478 media
1141 3424 1289 3479 interiecta
1303 3426 1368 3477 sunt
1382 3456 1416 3464 -

143 3498 194 3549 σὺν
217 3493 342 3569 Ὀρέστᾳ·
370 3495 427 3550 iam
453 3496 579 3551 Orestem
605 3496 641 3549 eb
694 3444 825 3550 eraclius
851 3513 900 3550 suo
925 3511 1012 3565 regno
1037 3495 1149 3564 pulsum
1175 3494 1282 3549 incolas
1308 3498 1416 3549 veteres

143 3565 328 3635 Peloponnesi
347 3584 364 3620 a
382 3567 591 3622 Lacedaemone
611 3570 639 3620 et
657 3567 782 3635 Mycenis
802 3567 927 3622 ineram
946 3567 1030 3621 Asiae
1049 3565 1163 3621 minoris
1183 3565 1344 3633 deduxisse,
1368 3583 1416 3636 pa-

143 3655 202 3690 rum
228 3641 304 3692 recte
329 3643 414 3708 poeta
439 3641 542 3692 narrat.
580 3638 670 3708 Idem,
689 3656 751 3692 cum
770 3637 819 3707 qui
844 3655 878 3692 ex
904 3637 952 3692 illo
978 3642 1103 3708 tempore
1127 3637 1271 3692 Tenedum
1295 3636 1418 3691 insulam

143 3707 291 3778 tenebant,
315 3709 415 3763 Aeoles
434 3712 540 3779 essent,
559 3710 685 3764 Achaeos
704 3726 828 3779 quoque,
852 3709 902 3778 qui
921 3727 984 3763 cum
1001 3707 1145 3776 Penthilo,
1170 3708 1276 3762 Orestis
1294 3708 1366 3776 filio,
1388 3707 1418 3761 in

144 3780 241 3833 Asiam
264 3779 466 3851 migraverant,
486 3780 586 3835 Aeoles
610 3781 702 3835 dicere
727 3797 783 3835 non
802 3780 946 3835 dubitavit
965 3813 997 3820 -
1017 3786 1059 3834 36.
1079 3780 1199 3835 Boeotos
1217 3779 1304 3833 fuisse
1323 3779 1418 3833 condi-

144 3854 218 3905 tores
238 3851 344 3905 Tenedi
362 3852 447 3922 vulgo
470 3852 623 3907 credebant
648 3855 684 3923 (v.
704 3852 788 3906 Thuc.
809 3871 847 3905 vn
866 3855 914 3921 ει),
940 3850 1137 3920 similitudine,
1164 3850 1276 3921 opinor,
1302 3849 1418 3904 dialecti

144 3922 277 3977 aeolicae
296 3925 325 3977 et
343 3923 492 3978 Boeoticae
511 3923 655 3990 commoti;
681 3923 799 3978 meliora
822 3925 915 3977 autem
934 3923 1072 3977 Pindarus
1092 3922 1186 3990 docet,
1212 3921 1261 3991 qui
1280 3938 1313 3975 ex
1333 3925 1418 3976 stem-

145 3993 270 4048 matibus
294 3994 431 4049 nobilium
459 3995 586 4066 gentium
613 3994 722 4049 insulae
751 3996 923 4064 compertum
950 3995 1088 4063 habebat,
1117 3993 1224 4049 incolas
1252 3993 1357 4046 Tenedi
1386 4009 1419 4046 ox

145 4065 265 4120 Achaeis
285 4068 314 4120 et
331 4065 444 4121 Boeotis
462 4067 565 4121 mixtos
584 4066 670 4120 fuisse
691 4099 722 4106 -
743 4064 811 4134 παρ’
832 4064 959 4137 Ἰσμηνοῦ
978 4062 1048 4135 βοᾶν
1067 4083 1131 4119 cum
1150 4064 1270 4146 Bergkio
1289 4081 1339 4133 pro
1358 4063 1429 4117 vul-.

145 4141 214 4208 gata
236 4135 305 4206 παρ’
331 4135 457 4220 Ἰσμηνοῦ
477 4134 547 4207 ρὀὰν
566 4137 737 4192 exerendum
756 4137 865 4206 curari,
888 4140 920 4190 ut
944 4136 1058 4206 sanguis
1081 4135 1212 4190 Pisandrr
1236 4153 1269 4190 ex
1288 4134 1418 4204 coniugio

146 4209 222 4262 tiliae
248 4208 403 4280 Melanippi
429 4208 539 4279 aliquid
563 4208 680 4278 liquoris
705 4209 834 4263 Thebani
861 4207 964 4262 Ismeni
989 4207 1145 4262 admixtum
1171 4206 1270 4261 tulisse
1296 4206 1418 4273 dicatum

145 4297 235 4347 neque
254 4282 348 4335 tamen
368 4280 523 4350 quidquam
541 4297 645 4335 causae
664 4283 719 4349 est,
746 4298 795 4335 cur
812 4279 939 4334 Achaeos
957 4278 1078 4348 primum
1107 4295 1142 4334 ex
1169 4279 1362 4350 Peloponneso
1390 4277 1420 4332 in

146 4351 291 4405 Boeotiam
310 4351 480 4406 concessisse
500 4354 529 4406 et
548 4351 648 4406 deinde
668 4370 804 4407 unacum
824 4349 964 4422 indigenis
983 4350 1096 4405 Boeotis
1120 4351 1150 4403 in
1169 4350 1266 4405 Asiam
1284 4348 1321 4403 m'
1358 4366 1420 4404 asse

146 4424 303 4478 statuamus
329 4457 362 4464 —
389 4429 431 4479 38.
459 4423 576 4477 eandem
601 4423 769 4478 sententiam
795 4423 830 4476 de
855 4421 963 4476 vicibus
992 4422 1175 4477 fecunditatis
1203 4425 1232 4476 et
1260 4421 1328 4476 steri
1340 4421 1420 4475 itatis

146 4512 275 4564 agrorum
294 4498 323 4550 et
341 4495 485 4550 hominum
503 4493 641 4548 Pindarus
660 4494 689 4548 in
708 4494 849 4566 prooemio
873 4492 1005 4548 carminis
1030 4493 1065 4547 N.
1085 4512 1112 4548 vr
1130 4493 1219 4547 fusius
1239 4511 1272 4548 ex
1293 4493 1368 4547 osuit
1386 4524 1419 4534 —

145 4572 187 4620 40.
206 4565 338 4635 περόδοις
356 4583 406 4636 pro
425 4563 580 4634 περιόδοις,
604 4583 677 4635 quae
696 4566 795 4621 eadem
813 4566 903 4620 forma
921 4565 951 4619 in
969 4564 1053 4618 titulo
1072 4564 1208 4634 Delphico
1228 4564 1261 4619 01
1289 4608 1295 4619 .
1315 4580 1376 4632 rosa,
1396 4582 1421 4619 ιι

146 4638 278 4703 occurrit;
303 4637 337 4693 cf.
358 4637 388 4692 Ο.
409 4656 437 4690 ιιι
456 4654 482 4692 ιιι
501 4669 533 4676 -
554 4643 597 4691 4⁶2.
617 4638 648 4691 έν
666 4639 733 4708 άμεί
750 4655 821 4692 ovas·
841 4634 1108 4706 composterlanae
1126 4635 1269 4703 περιόδοις
1287 4638 1371 4706 poeta
1390 4634 1421 4690 έν

146 4709 327 4791 ἁμειβοόσαις
340 4706 483 4777 περιόδοις
499 4708 715 4762 ‘alternantibus
759 4708 913 4779 mporibus’
930 4707 1022 4762 dicere
1037 4706 1186 4775 debuisset,
1205 4710 1304 4761 neutro
1319 4722 1421 4777 genere

154 4780 290 4850 ›ertrcipii
308 4781 339 4834 έν
357 4777 501 4851 ἀμείβοντι
520 4779 563 4832 uti
581 4779 694 4846 meluit;
719 4779 758 4835 sic
783 4779 857 4834 enim
880 4779 953 4834 hanc
971 4778 1121 4833 formulam
1140 4777 1318 4849 interpretari
1337 4795 1421 4846 quam

145 4798 201 4906 iret
220 4853 349 4922 supplere
367 4853 495 4923 praestat
514 4884 547 4891 -

1156 4938 1209 4993 21⁸
