3406 5378
726 352 857 402 PYTHIA
876 353 908 403 V.

394 511 545 577 δέκονται
568 516 743 577 θνσίαισιν
766 514 891 598 ἄνδρας

439 618 606 703 οίχίοντάς
629 636 690 703 σφι
714 620 913 703 δωροφόροι.

393 728 472 802 τοὺς
494 724 573 809 <δ’>
595 723 818 811 Ἀριστοτέλης
840 727 955 809 άχαγε,
978 726 1077 791 ναυσὶ
1099 734 1199 804 θοαῖς

394 831 472 908 ἁλὸς
494 835 637 916 βαθεῖαν
659 830 822 897 κέλευθον
844 831 998 914 ἀνοίγων.

393 942 503 1004 κτίσεν
527 937 561 1003 δ’
586 940 686 1003 άλσεα
709 942 840 1023 μείζονα
863 946 968 1023 θεῶν,
1245 958 1295 1004 1⁶20

340 1064 373 1109 so
393 1047 582 1130 εὐθύτομόν
596 1069 662 1111 -τε
685 1045 867 1130 κατέθηκεν
888 1044 1137 1123 Ἀπολλωνίαις

393 1152 637 1239 ἀλεξιμβρότοις
659 1153 799 1218 πεδιάδα
821 1165 966 1238 πομπαῖς

393 1263 493 1345 ἔμμεν
516 1262 717 1343 ἱππόκροτον

395 1367 569 1452 σκυρωτὰν
592 1365 687 1448 ὁδόν,
711 1369 795 1431 ἔνθα
818 1389 921 1450 πρυμ-

437 1486 509 1551 νοῖς
531 1472 654 1558 ἀγορᾶς
677 1475 730 1537 ἔπι
753 1474 829 1558 δίχα
851 1485 955 1539 κεῖται
977 1475 1104 1539 θανών.
1245 1491 1295 1540 126

392 1652 499 1738 μάκαρ
522 1649 583 1737 μὲν
606 1651 740 1735 ἀνδρῶν
763 1651 843 1735 μέτα
1072 1657 1152 1738 Στρ.
1177 1654 1197 1716 δ
1203 1650 1219 1716 ’.

341 1776 374 1822 95
394 1762 517 1841 ἔναιεν,
540 1760 628 1844 ήρως
651 1756 683 1823 δ’
710 1761 819 1823 ἔπειτα
843 1762 1010 1842 λαοσεβής.

395 1867 515 1947 ἄτερθε
538 1861 574 1928 δὲ
597 1865 662 1950 πρὸ
686 1865 847 1949 δωμάτων

437 1970 540 2055 ἕτεροι
565 1974 719 2056 λαχόντες
741 1971 840 2037 νἰίδαν

394 2077 543 2162 βασιλέες
567 2077 649 2162 ίερολ

394 2185 476 2251 ἐντί·
499 2186 645 2270 μεγάλαν
667 2184 699 2249 δ’
724 2185 845 2269 ἀρετὰν

393 2294 503 2379 δρόσῳ
526 2298 682 2378 μαλθακᾷ

326 2417 377 2464 100
396 2400 580 2483 ῥανθεῖσαν
602 2399 718 2482 ὕμνων
739 2398 805 2463 ὑπὸ
829 2400 988 2483 χεύμασιν

394 2506 553 2572 ἀκούοντί
573 2528 637 2571 που
661 2510 783 2592 χθονία
806 2510 919 2591 φρενί,
1246 2524 1295 2571 135

253 2670 294 2719 87.
321 2666 385 2726 τοὺς
411 2662 439 2717 δ’
458 2662 507 2732 Ἀρ.
527 2663 638 2734 scripsi:
657 2664 722 2726 τοὺς
737 2660 787 2729 Ἀρ.
807 2662 886 2717 codd.
908 2696 940 2702 -
961 2667 1002 2718 88,
1029 2661 1150 2736 βαθείας
1172 2681 1205 2717 ex
1229 2664 1343 2718 scholiis
1361 2664 1454 2733 Bergk

184 2770 214 2776 —
236 2744 277 2791 90.
306 2737 462 2790 εόθιίτονον
481 2753 514 2788 ex
534 2735 648 2789 scholiis
674 2733 801 2800 Schmid3
827 2737 865 2787 at.
885 2733 919 2788 cf.
940 2735 958 2789 l.
978 2754 1005 2787 vr
1024 2750 1051 2789 ss
1070 2768 1103 2775 -
1123 2740 1164 2789 98.
1191 2736 1315 2806 μεγάλαν
1341 2735 1368 2789 δ’
1391 2737 1454 2802 ἀρε-

181 2817 234 2862 τᾶν
254 2853 258 2862 .
280 2852 285 2862 .
307 2853 312 2862 .
333 2804 490 2875 ὁανθεισᾶν
512 2808 540 2860 Β
559 2807 588 2860 D
607 2807 649 2872 E,
678 2810 707 2859 et
725 2805 870 2876 genetivos
889 2810 918 2859 et
936 2806 1112 2860 accusativos
1135 2811 1293 2876 agnoscunt
1316 2807 1401 2861 schol.
1423 2840 1454 2846 -

184 2887 241 2934 100.
268 2878 362 2947 -ῧμνων
390 2896 423 2932 ex
451 2876 566 2932 scholiis
594 2877 682 2931 Beck:
713 2879 812 2946 κώμων
840 2875 872 2930 θ’
903 2878 1023 2943 ΒΒΕ,
1049 2877 1082 2931 θ’
1112 2895 1166 2933 om.
1195 2879 1261 2933 XZ
1286 2878 1391 2933 Mosch.
1421 2911 1456 2918 —

185 2959 243 3005 101.
270 2970 325 3004 πον
344 2967 378 3003 ex
397 2949 511 3003 scholiis
530 2949 684 3003 Hermann:
703 2968 752 3001 τοι
771 2948 864 3016 codd,
882 2969 923 3003 τοι
944 2948 1056 3003 Boeckh
1076 2982 1109 2989 --

183 3092 387 3145 nominativum
401 3087 556 3161 ολχνέοντες
576 3090 734 3144 ‘adeuntes'
755 3089 873 3144 retinuit
888 3124 919 3130 —
936 3095 977 3145 87.
998 3092 1063 3155 τοὺς
1077 3090 1104 3145 δ’
1120 3090 1311 3161 Ἀριστοτέλης·
1328 3098 1361 3161 Δ,
1380 3092 1455 3161 qnod

183 3163 266 3218 facile
281 3166 345 3216 ante
357 3169 377 3215 A
388 3161 554 3215 intercidere
568 3161 669 3229 potuit,
680 3162 840 3214 addendum
855 3162 959 3231 censui,
969 3167 1001 3215 nt
1014 3163 1161 3233 expositio,
1172 3181 1220 3217 our
1231 3164 1354 3232 Cyrenae
1368 3165 1455 3233 ἀγακ-

182 3233 278 3304 τιμὲνα
293 3233 372 3296 πόλις
387 3231 602 3300 dicatur(v.s1),
616 3232 709 3286 verbis
725 3232 815 3302 ἔχοντι
831 3276 870 3287 ...
884 3232 1074 3303 Ἀντανορίδαι
1088 3234 1230 3301 inchoata,
1245 3238 1302 3289 iam
1317 3235 1408 3289 altera
1422 3253 1455 3288 ex

182 3310 261 3376 parts
272 3305 448 3359 continuetur
458 3308 486 3356 et
495 3303 657 3385 perficiatur
666 3335 699 3343 —
710 3308 751 3357 89.
762 3301 884 3374 μείζονα,
894 3322 978 3372 qnam
988 3323 1061 3373 qnae
1071 3306 1260 3360 Antenoridae
1271 3305 1457 3360 condiderant

183 3411 216 3418 --
232 3383 274 3430 90.
290 3376 459 3444 εὐθύτομον·
475 3391 523 3428 vra
536 3374 636 3444 pavita
650 3373 807 3443 (σκνρωτά),
822 3392 893 3443 quae
907 3377 1020 3445 proprio
1034 3376 1146 3431 nomine
1162 3377 1297 3446 Σκνρωτδι
1313 3377 1455 3432 audivisse

182 3449 212 3501 in
227 3448 341 3502 scholiis
356 3446 458 3501 dicitur
472 3449 501 3500 et
516 3446 602 3498 ctiam
616 3463 689 3499 nunc
704 3446 920 3500 admirationem
929 3448 1170 3518 peregrinantium
1179 3452 1281 3517 movet,
1292 3465 1381 3517 aequo
1396 3449 1455 3502 inre

183 3520 287 3573 dicitur
301 3538 315 3573 c
329 3536 396 3573 saxo
412 3517 505 3571 excisa
518 3518 695 3587 (εὐθύτομος)
710 3521 739 3570 et
757 3520 835 3570 recta
851 3520 1034 3584 (εὐθύτονοςλς
1054 3537 1117 3573 eam
1136 3537 1198 3573 cum
1217 3520 1318 3574 Battus
1334 3521 1455 3642 pompis,

183 3591 284 3659 quibus
303 3589 442 3660 Apollinis
461 3605 542 3658 opem
561 3593 659 3643 contra
676 3588 787 3642 morbos
806 3589 953 3656 pestiferos
976 3590 1165 3659 implorarent,
1185 3591 1315 3645 idoneam
1347 3591 1455 3658 scisset,

183 3666 243 3716 turn
265 3661 398 3730 temporis
418 3660 566 3713 choreutae
585 3659 637 3713 hoc
657 3676 768 3713 carmen
788 3664 919 3714 canentes
939 3661 1114 3717 incedebant.
1135 3662 1226 3716 Simili
1249 3663 1332 3715 modo
1350 3663 1457 3716 Itomae

183 3733 307 3786 carmina
322 3731 467 3799 salutaria,
478 3748 550 3800 quae
560 3730 751 3800 pestilentiam
766 3733 933 3800 averterent,
943 3735 1074 3786 canentes
1090 3733 1151 3786 vias
1166 3733 1243 3786 urbis
1257 3733 1456 3804 peragrabant,

182 3822 237 3872 qno
257 3805 291 3857 de
310 3819 385 3856 more
405 3802 464 3855 dixi
488 3802 604 3858 Stabd.
624 3801 916 3871 b.Ak.1893p.143
936 3836 969 3842 —
989 3809 1031 3858 93.
1058 3813 1193 3873 πρυμνοῖς
1216 3805 1321 3873 ἀγορᾶς
1345 3803 1402 3858 ἔτι·
1427 3805 1457 3856 in

182 3878 306 3928 extrema
324 3877 405 3944 parte
423 3874 486 3943 fori,
505 3890 560 3942 quo
580 3873 751 3942 Apollinaris
770 3873 821 3926 illa
840 3873 887 3926 via
913 3874 1046 3937 ducebat,
1071 3875 1147 3928 Batti
1172 3875 1273 3929 veteris
1298 3875 1456 3945 sepulcrum

183 3949 252 4012 erat,
272 3963 289 3999 a
308 3945 419 3998 Catullo
438 3962 458 4013 v,
477 3961 490 3999 o
509 3947 768 4009 commemoratum
795 3945 886 3998 forum
911 3945 986 3999 enim
1009 3946 1095 4000 etiam
1119 3945 1244 4014 Mycenis
1270 3948 1299 3999 et
1324 3947 1456 4015 Megaran

181 4021 210 4071 et
237 4016 353 4085 Sicyone
380 4016 546 4070 venerandis
571 4016 706 4086 sepulcris
732 4019 761 4069 et
787 4016 974 4070 monumentis
1005 4017 1180 4071 conditorum
1211 4021 1348 4087 (κτιοτῶν)
1379 4017 1456 4070 urbis

181 4089 354 4142 destinatum
377 4087 443 4153 fuit;
470 4087 505 4142 cf.
524 4087 715 4156 Schliemann,
742 4087 879 4156 Mykenae
903 4108 928 4158 p.
950 4105 987 4142 τω
1010 4121 1045 4128 -
1066 4089 1212 4160 λαοσεβής,
1239 4106 1301 4141 cum
1324 4089 1385 4142 vita
1408 4089 1455 4142 de·

182 4160 323 4228 cessisset,
347 4162 492 4227 tamquam
511 4159 593 4212 heros
612 4176 630 4212 a
648 4159 751 4229 populo
770 4159 815 4228 pis
835 4159 927 4213 cultus
946 4163 990 4213 est
1009 4193 1041 4199 -
1061 4166 1103 4216 96,
1127 4161 1181 4228 πρὸ
1201 4159 1336 4230 δωμάτων
1355 4158 1456 4228 ἕτερον·

183 4231 284 4285 ceteris
303 4230 416 4300 regibus
436 4230 588 4300 separatim
607 4247 624 4284 a
643 4230 787 4285 conditore
806 4230 883 4284 urbis
902 4249 952 4301 pro
971 4248 1023 4285 sna
1041 4231 1142 4300 cuique
1166 4232 1261 4300 domo,
1286 4231 1314 4284 in
1337 4235 1457 4300 utroque

183 4302 272 4355 latere
291 4301 354 4355 viae
373 4301 511 4371 pompalis
531 4302 658 4372 sepulcra
684 4305 825 4356 exstructa
851 4307 943 4367 erant;
970 4303 1016 4356 vir
1042 4302 1115 4356 enim
1141 4303 1195 4371 πρὸ
1221 4303 1356 4373 δωμάτων
1381 4302 1457 4357 idem

182 4376 268 4442 utque
285 4373 340 4440 πρὸ
357 4377 465 4439 πυλῶν,
489 4375 521 4426 ut
544 4372 713 4427 scholiastae
737 4374 916 4442 interpretari
934 4375 1106 4442 maluerunt,
1133 4374 1290 4444 significare
1310 4377 1404 4444 potest
1423 4406 1456 4413 -

184 4449 225 4498 98.
241 4445 377 4512 ἀρετὰν..
391 4444 536 4514 ,χεύματα
554 4443 666 4497 virtutis
680 4444 793 4497 laudem
807 4450 901 4498 tenero
916 4463 977 4500 rore
991 4445 1098 4500 tinctae
1113 4446 1164 4499 snb
1179 4445 1363 4500 libaminibus
1377 4447 1456 4514 hym·

182 4535 298 4581 norum,
333 4515 367 4570 cf.
393 4515 424 4571 Ο.
448 4534 496 4568 vm
519 4531 531 4569 ο
556 4546 587 4554 -
610 4520 668 4570 101.
688 4517 833 4569 ἀκούοντι·
857 4517 957 4570 Battus
982 4517 1111 4571 eonditor
1129 4516 1206 4571 urbis
1226 4521 1254 4572 et
1273 4518 1358 4572 ceteri
1377 4535 1457 4588 reges

184 4589 286 4641 mortni
307 4620 338 4627 —
359 4585 462 4660 χθονίᾳ
481 4584 576 4654 φρενί,
602 4585 661 4656 peri
682 4586 803 4640 hrastice
826 4605 876 4655 pro
896 4589 927 4642 ἐν
945 4587 1042 4659 χθονί,
1069 4591 1100 4642 nt
1119 4588 1169 4644 νέα
1187 4593 1297 4659 κεφαλᾶ
1323 4590 1457 4653 P.x1sl;

182 4663 257 4713 recte
277 4659 375 4714 schol:
419 4655 506 4732 θονίρι
529 4656 560 4711 δὲ
584 4605 681 4725 φρενίΡ
690 4676 771 4727 φησι,
796 4657 922 4726 παρόσον
940 4660 1095 4728 τεθνήκασι
1114 4645 1161 4714 καλ
1181 4661 1211 4714 ἐν
1230 4669 1263 4731 τῇ
1283 4646 1316 4731 ’γῇ
1336 4670 1456 4715 κεῖνται,

184 4731 323 4785 immerito
346 4680 427 4784 Jebb.
446 4729 539 4783 Joum.
559 4729 591 4782 of
612 4728 682 4783 Hell.
703 4729 825 4782 studui
851 4736 942 4797 (1882)
968 4748 1006 4787 153
1029 4735 1133 4786 certam
1158 4733 1301 4801 quandam
1326 4738 1456 4786 naturam

185 4802 341 4857 animarum
361 4802 390 4855 in
410 4801 480 4856 Orco
501 4800 660 4870 degentium
679 4799 723 4854 his
742 4800 834 4855 verbis
854 4800 1005 4872 significari
1024 4804 1136 4873 putavit
1155 4835 1188 4845 -

1195 4893 1246 4947 1⁶2*
