3406 5378
713 370 837 420 Nullan
856 371 900 423 lv.

222 530 322 611 ἔμπα,
345 534 461 612 καίπερ
485 531 550 610 ἔχει
573 532 694 612 βαθεῖα
717 531 854 608 ποντιὰς
877 533 963 616 ἅλμα

219 634 358 718 μέσσον,
382 633 536 699 ἀντίτειν’
564 635 749 724 ἐπιβουλίᾳ·
774 640 906 723 σφόδρα
929 639 1067 724 δόξομεν

223 743 327 806 δαΐων
350 741 523 827 ὑπέρτεροι
548 742 584 807 έν
607 742 684 826 φάει
707 749 932 829 καταβαίνειν·

222 850 374 935 φθονερὰ
397 847 429 913 δ’
455 851 554 927 ἄλλος
577 849 660 935 ἀνὴρ
684 850 815 935 βλέπων

166 973 201 1020 40
221 957 356 1039 γνώμαν
379 957 495 1021 κενεὰν
519 959 624 1043 σκότῳ
647 959 796 1023 κυλίνδει
1410 980 1443 1027 65

221 1187 321 1272 χαμαὶ
344 1200 509 1253 πετοῖσαν.
556 1186 627 1271 έμοὶ
651 1187 682 1253 δ’
709 1189 843 1255 ὀποί-αν
866 1191 986 1275 ἀρετὰν
1249 1198 1328 1279 Στρ.
1347 1195 1388 1262 ς’.

220 1297 321 1361 ἔδωκε
344 1299 468 1379 πότμος
492 1296 587 1377 ἄναξ,

221 1399 258 1469 εὖ
281 1400 368 1468 ίοῖδ
395 1403 445 1468 ότι
470 1405 588 1487 χρόνος
611 1402 720 1487 ἕρπων

263 1508 480 1596 πεπρωμέναν
503 1508 633 1575 τελέσει.

220 1616 390 1701 ἐξύφαινε,
413 1622 563 1699 γλυκεῖα,
587 1615 641 1680 καὶ
664 1616 734 1682 τόδ’
760 1618 892 1699 αὐτίκα,
915 1620 1073 1705 φόρμιγξ,

167 1742 201 1789 45
222 1725 332 1811 Λυδία
355 1727 419 1788 σὺν
442 1723 585 1809 ἁρμονίᾳ
607 1723 704 1807 μέλος
727 1724 950 1809 πεφιλημένον

221 1833 355 1918 Οἰνώνᾳ
378 1855 411 1895 τε
435 1829 489 1896 καὶ
513 1832 651 1918 Κύπρῳ,
675 1834 759 1896 ἔνθα
786 1836 927 1918 Τεῦκρος
950 1833 1087 1919 ἀπάρχει
1409 1854 1441 1901 75

236 2049 277 2097 36.
303 2041 403 2110 καίπερ
424 2043 498 2109 BD,
526 2042 622 2110 κείπερ
647 2042 737 2124 Bergk
766 2075 798 2083 -
827 2049 869 2099 37.
899 2044 1069 2126 έπιβονλίαις
1093 2047 1118 2100 V
1140 2078 1173 2087 —
1201 2045 1320 2116 δόξομεν
1345 2047 1441 2104 Trici:

166 2114 290 2185 δόξωμεν
309 2116 336 2168 Β
352 2116 380 2169 Ι)
401 2147 431 2153 -
453 2121 494 2167 tt.
516 2114 618 2167 ἔνδοκε
638 2131 708 2168 conr.
729 2114 895 2181 Mommsen,
919 2116 983 2169 vide
1003 2135 1047 2171 vv.
1067 2134 1092 2171 ss
1112 2123 1141 2171 et
1158 2135 1185 2172 so
1203 2152 1238 2159 —-
1258 2125 1300 2175 46.
1320 2118 1440 2189 ἀπάρχει

166 2188 193 2241 Β
207 2189 244 2241 It:
265 2186 384 2255 ὑπάρχει
403 2186 505 2239 lemma
525 2184 553 2237 in
573 2186 647 2253 BD,
666 2184 781 2255 έπιίρχει
800 2186 870 2240 coni.
887 2186 984 2255 Pauvr,
1004 2189 1118 2243 ἀποικεῖ
1135 2189 1343 2244 Rauchenstcin
1364 2223 1394 2231 -

166 2330 236 2383 haec
254 2328 375 2399 epinicia
394 2330 460 2381 acta
479 2344 538 2381 essc
558 2327 701 2393 virlcntur3
726 2327 843 2381 victoria
863 2329 937 2382 enim
956 2329 1018 2399 ipsa
1037 2348 1091 2384 non
1112 2331 1263 2400 novilunii,
1284 2333 1333 2387 sed
1351 2332 1440 2402 pleni-

166 2400 235 2454 lunii
255 2402 378 2470 tempore
398 2398 621 2469 comparabatur.
660 2398 766 2463 Quodsi
784 2399 958 2454 novilunium
977 2405 1093 2470 tangere
1131 2407 1197 2457 octa
1220 2403 1363 2474 cupiebat,
1387 2403 1441 2459 hoc

166 2488 223 2526 non
245 2475 304 2526 tarn
329 2472 365 2524 ad
389 2470 523 2540 epinicia,
548 2488 631 2538 qnam
651 2470 687 2523 ad
707 2470 774 2525 deos
792 2475 822 2524 et
840 2471 951 2540 heroes,
975 2490 1092 2541 quorum
1111 2422 1162 2529 lio
1186 2475 1246 2529 dics
1269 2491 1349 2529 sacer
1371 2480 1440 2543 erat,

167 2542 334 2613 pertinebat.
378 2541 457 2606 Quod
485 2543 580 2595 autem
608 2541 715 2595 scholia
743 2542 778 2595 ad
807 2542 841 2597 N.
864 2562 896 2595 111
921 2561 933 2597 s
962 2544 1137 2599 novilunium
1164 2545 1303 2616 Apollinis
1331 2564 1440 2602 sacrum

165 2614 252 2669 fuisse
274 2614 404 2681 tradunt,
427 2612 480 2666 hoo
503 2612 596 2666 nescio
620 2630 657 2666 an
681 2612 717 2666 sd
740 2613 814 2667 hunc
837 2614 929 2668 locum
953 2632 1009 2669 non
1032 2616 1184 2686 pertineat,
1211 2617 1296 2672 immo
1320 2617 1345 2672 si
1367 2635 1440 2688 quae

165 2685 296 2755 deinceps
321 2687 406 2755 poeta
429 2683 587 2754 praedicat,
611 2684 796 2755 reputaveris,
820 2685 996 2740 novilunium
1019 2688 1143 2754 Aeginae
1163 2689 1249 2743 Aeaci
1272 2692 1301 2743 et
1324 2689 1440 2744 heroum

166 2755 382 2812 domesticorum
404 2772 513 2809 sacrum
532 2755 618 2810 fuisse
639 2756 816 2810 verisimilius
836 2757 921 2812 duces
940 2789 972 2798 -
993 2764 1035 2813 36.
1060 2759 1147 2828 ἔμπα,
1171 2761 1246 2829 quod
1270 2777 1304 2814 ex
1327 2760 1358 2815 έν
1381 2770 1440 2815 πᾶν

165 2834 257 2884 ortum
280 2832 337 2895 est,
361 2845 423 2881 cum
447 2826 576 2880 similiter
600 2830 684 2896 atquc
704 2831 829 2881 nostrum
849 2828 1020 2897 ‘jcdeufalls'
1042 2830 1226 2885 conditionali
1245 2831 1392 2886 enuntiato
1411 2835 1440 2886 et

165 2899 309 2971 praemitti
332 2901 361 2953 et
386 2898 526 2968 postmitti
551 2898 653 2967 possit,
680 2898 753 2968 ἔμπα
780 2900 880 2966 καίπερ
907 2900 964 2971 ἔχει
988 2901 1062 2955 idem
1088 2901 1181 2956 valere
1207 2903 1337 2971 equidem
1361 2907 1439 2973 puto,
1532 2895 1540 2915 ⁹

165 2971 240 3039 quod
263 2971 348 3038 vulgo
372 2969 471 3024 Gracci
495 2970 593 3022 dicunt
616 2971 664 3023 καλ
687 2970 764 3036 εἴπερ
788 2970 845 3040 ἔχει
865 3016 869 3025 .
887 3014 914 3025 ..
935 2971 1007 3041 ὅμως
1029 2974 1180 3040 δντίτεινε,
1203 2975 1276 3028 unde
1295 2975 1365 3028 hacc
1384 2973 1439 3029 loci

166 3042 306 3097 sententia
329 3040 437 3096 evadit:
461 3041 589 3109 quamvis
614 3040 703 3094 latum
721 3060 798 3095 marc
816 3046 854 3110 ts,
873 3042 912 3096 mi
931 3043 1031 3111 anime,
1051 3044 1087 3097 ab
1107 3045 1275 3099 adversariis
1295 3045 1439 3111 distineat,

165 3116 260 3168 tamen
288 3113 398 3167 fortiter
426 3111 573 3167 calumniis
601 3112 741 3179 obnitere;
769 3113 798 3166 in
821 3114 1029 3169 contentionem
1052 3116 1126 3169 enim
1149 3116 1173 3169 si
1196 3119 1227 3170 tu
1253 3116 1439 3185 descenderis,

164 3184 340 3254 praestantia
359 3187 425 3237 tuac
444 3183 512 3236 artis
532 3186 561 3236 et
579 3182 659 3237 dotes
677 3187 779 3238 natura
798 3184 852 3238 tibi
871 3185 974 3239 insitae
993 3186 1149 3241 elucebunt.
1179 3187 1235 3242 Sed
1253 3187 1310 3242 iam
1329 3188 1438 3258 quaeri·

164 3260 223 3325 tur,
250 3256 366 3324 quinam
388 3254 438 3308 isti
460 3254 615 3308 adversarii
640 3254 745 3308 fuerint
772 3258 801 3308 et
828 3256 896 3324 quid
920 3257 1041 3311 Pindaro
1065 3257 1134 3312 vitio
1158 3258 1300 3313 verterint.
1346 3261 1439 3328 Atque

164 3331 272 3382 veteres
300 3327 413 3396 quidem
437 3324 613 3395 grammatici
637 3325 682 3378 hic
706 3343 816 3394 quoque
840 3328 980 3381 aemulum
1002 3328 1119 3382 Pindari
1142 3328 1313 3384 Simonidem
1336 3330 1438 3401 respici

164 3402 193 3453 et
212 3398 288 3469 carpi
307 3397 448 3467 putabant
471 3397 581 3467 (schulz
610 3399 690 3452 δοκεῖ
706 3396 736 3451 δὲ
756 3406 844 3451 ταῦτα
867 3402 970 3454 τείνειν
993 3400 1033 3462 είς
1056 3397 1226 3470 Σιμωνίδην,
1251 3402 1310 3455 ἐπεὶ
1333 3401 1439 3465 ἐκεῖνος

164 3468 351 3542 παρεκβόοεσι
375 3473 498 3538 χρῆσθαι
523 3467 630 3537 εἴωθε),
655 3486 745 3537 neque
769 3470 899 3539 dcerunt,
923 3471 971 3539 qui
995 3471 1081 3525 verba
1104 3471 1161 3542 ἔχει
1180 3474 1302 3544 βαθεῖαν
1321 3472 1438 3536 ποντιὰς

164 3540 238 3610 όιλμα
266 3539 366 3610 μέσσον
394 3540 423 3592 in
454 3540 526 3593 hanc
555 3540 724 3594 sententiam
751 3540 931 3612 interpretari
959 3543 1096 3612 audeant,
1125 3545 1156 3597 ut
1183 3543 1218 3597 iis
1246 3544 1438 3598 adversarium

164 3613 250 3667 Caum
275 3610 467 3682 aclsignificari
494 3613 607 3681 putent,
635 3611 684 3680 qui
712 3612 782 3666 mari
811 3613 869 3668 lato
898 3613 1034 3668 discretus
1063 3632 1078 3668 a
1105 3614 1259 3684 longinquo
1287 3615 1344 3669 tela
1372 3616 1437 3669 mit·

164 3687 214 3739 tat.
239 3684 345 3738 Tamen
364 3682 434 3736 nihil
453 3683 584 3751 equidem
602 3683 667 3738 huic
686 3685 924 3754 argumentationi
943 3685 1044 3752 tribuo,
1061 3686 1226 3756 praesertim
1240 3703 1303 3740 cum
1318 3686 1437 3759 Aegine-

164 3755 214 3810 tici
238 3772 348 3823 quoque
372 3753 526 3809 adversarii
549 3754 620 3808 mari
643 3755 781 3826 profundo
800 3774 818 3809 a
836 3756 970 3811 Thebano
993 3759 1079 3826 poeta
1102 3757 1216 3812 discreti
1237 3762 1338 3812 essent.
1375 3758 1437 3813 Duo

163 3843 229 3881 vero
248 3826 369 3880 Pindaro
388 3825 458 3879 vitio
478 3825 549 3879 verti
568 3831 713 3896 poterant,
733 3831 761 3881 et
779 3828 853 3895 quod
873 3826 961 3881 nimia
979 3827 1119 3883 brevitate
1138 3828 1234 3899 capita
1252 3846 1343 3883 rernm
1363 3846 1437 3883 com-

163 3897 348 3967 prehenderet
366 3913 456 3965 neque
475 3897 554 3967 epico
573 3914 648 3952 more
667 3898 795 3952 fabulam
813 3899 951 3968 panderet
971 3899 1015 3967 (cf.
1030 3899 1059 3953 P.
1076 3920 1103 3953 rx
1123 3902 1167 3969 rr),
1186 3903 1215 3954 et
1235 3901 1309 3968 quod
1332 3900 1437 3969 digres-

164 3969 289 4024 sionibus
305 3972 390 4036 atque
409 3968 514 4022 fabulis
534 3968 690 4022 intexendis
710 3970 781 4024 adeo
800 3974 922 4037 vacaret,
941 3974 1047 4026 utare
1066 3971 1211 4041 proposita
1230 3971 1391 4026 deflecteret
1408 3976 1438 4026 et

163 4058 263 4093 munus
283 4039 417 4094 victoriae
436 4039 641 4111 praedicandae
668 4041 837 4110 neglegeret.
874 4042 980 4096 Horum
1004 4042 1082 4112 prius
1101 4043 1153 4097 hoc
1172 4042 1284 4110 quidem
1303 4043 1365 4097 loco
1384 4060 1437 4113 ego

162 4110 383 4179 intellegendum
402 4129 462 4166 esse
482 4111 561 4177 duco,
585 4114 617 4164 ut
639 4112 795 4180 quodcum
821 4114 913 4167 vorbis
939 4113 1013 4183 ίνγγι
1032 4112 1146 4183 ἕλκομαι
1165 4110 1299 4187 νεομηνία
1318 4113 1436 4195 θιγέμεν

163 4187 193 4237 et
211 4186 273 4237 tota
292 4181 424 4236 carminis
443 4184 532 4237 forma
551 4194 586 4250 ην.
598 4183 634 4235 ad
649 4202 673 4236 r.
685 4187 720 4251 as)
740 4184 838 4238 melius
854 4184 998 4239 conciliari
1013 4185 1111 4255 possit,
1131 4184 1198 4239 licet
1211 4184 1337 4255 plerique
1351 4189 1436 4241 mter-

163 4258 255 4324 prctes
279 4254 448 4308 contrariam
473 4253 642 4308 sententiam
668 4254 881 4335 amplectantur.
920 4255 998 4310 Nihil
1018 4256 1106 4326 igitur
1125 4256 1319 4311 cavillationes
1339 4256 1436 4312 adver·

163 4325 299 4379 sariorum
323 4342 422 4379 curans
446 4324 582 4378 Pindarus
602 4326 695 4395 pergit
713 4344 742 4378 111
762 4344 812 4380 sua
831 4330 891 4381 arta
930 4328 1115 4396 ersequenda,
1142 4331 1172 4382 ut
1193 4327 1380 4398 digressiones
1399 4330 1436 4384 ad

163 4396 261 4451 laudes
281 4398 396 4451 heroum
415 4396 642 4468 Aegineticorum
665 4414 720 4451 non
743 4397 848 4467 fugiat,
872 4346 928 4453 seclJ
944 4402 1039 4452 tamen
1057 4399 1181 4454 breviter
1199 4416 1246 4454 eas
1264 4400 1437 4470 perstringat

162 4468 442 4593 {Stat-‘tlara
456 4467 1437 4613 ttittttltlatit-¹¹¹0llllttliatt·‘ttrtttttta

163 4642 196 4651 -
216 4616 258 4664 46.
281 4612 401 4683 Οἰνώνᾳ,
421 4610 554 4681 Aeginae,
573 4610 618 4664 cui
637 4611 746 4681 pridem
764 4629 865 4667 nomen
879 4612 1010 4666 Oenonae
1029 4614 1115 4667 fuisse
1132 4617 1244 4668 constat
1263 4645 1296 4654 -
1315 4613 1437 4684 ἀπάρχει

163 4682 197 4736 de
212 4681 318 4736 Teucro
333 4682 362 4735 in
376 4680 487 4735 colonia
501 4684 608 4735 remota
622 4687 757 4751 regnante
776 4683 883 4737 dictum
902 4688 945 4738 est
963 4684 1000 4737 ad
1019 4684 1180 4754 analogiam
1200 4684 1278 4740 verbi
1297 4686 1435 4739 ἁποικεῑν.

163 4754 284 4808 Externo
304 4754 368 4807 huic
387 4770 473 4823 regno
492 4751 592 4806 Teucri
617 4753 766 4836 opponitur
789 4771 905 4825 regnum
924 4755 953 4809 in
971 4758 1046 4810 terra
1064 4756 1158 4825 patria
1176 4756 1313 4829 (πατρῴᾳ)
1332 4755 1435 4824 Aiacis,

162 4825 243 4879 cuius
263 4826 297 4879 de
316 4825 421 4894 templo
440 4825 469 4879 in
489 4824 630 4879 Salamine
650 4825 742 4879 insula
761 4825 825 4879 vide
845 4826 925 4880 l‘aus.
945 4846 955 4878 1
973 4842 1007 4896 aa,
1027 4844 1039 4881 a
1058 4859 1091 4868 -
