3406 5378
210 308 276 373 320
679 311 829 363 muniar
847 310 1014 365 semrom.

299 474 378 535 Ordo
404 476 619 534 sententiarum
642 476 782 535 carminis
801 476 1038 552 simplicissimus
1057 480 1109 535 est.
1147 476 1181 534 ln
1200 476 1351 552 principio
1367 475 1497 535 Vestam

209 565 308 641 deam,
332 568 490 641 patronam
514 564 623 641 curiae,
646 568 735 640 poeta
758 564 891 642 invocat,
914 568 950 622 ut
972 584 1083 623 novum
1106 568 1264 640 prytanem
1287 563 1422 642 benigne
1447 583 1496 623 ac·

209 654 303 729 cipiat
321 658 352 712 et
370 654 533 712 secundum
552 672 672 712 cursum
691 653 806 712 muneri
826 654 890 712 eius
909 673 1008 712 annno
1028 653 1079 712 det
1092 645 1219 735 (1—10).
1242 653 1359 713 Deinde
1374 653 1497 712 Arista-

209 762 299 821 gorae
317 743 454 819 prytanis
473 760 576 820 genus,
595 743 730 818 formam,
750 743 933 818 intrepidum
951 743 1094 820 animum,
1108 743 1249 801 victorias
1268 743 1299 800 in
1318 742 1401 800 ludis
1422 742 1496 801 vici-

210 850 317 890 narum
340 831 510 891 civitatium
533 832 615 889 lucta
639 834 669 889 et
691 831 846 907 pancratio
870 835 1038 908 reportatas
1057 832 1218 909 praedicat,
1243 850 1373 907 eumque
1398 831 1496 890 etiam

209 920 320 996 Pythia
347 924 378 979 et
405 920 546 996 Olympia
573 920 724 979 victurum
751 920 843 979 fuisse
871 924 1035 997 asseverat,
1068 921 1125 980 nisi
1155 940 1173 979 a
1200 920 1378 996 parentibus
1411 920 1496 980 insto

210 1009 426 1086 timidioribuS,
455 1009 615 1084 quominus
642 1009 697 1067 illa
719 1010 884 1068 certamina
908 1010 1016 1087 obiret,
1042 1009 1211 1084 prohibitus
1235 1013 1313 1068 esset
1337 1001 1498 1090 (ll—32);

210 1099 297 1158 facile
321 1118 391 1157 vero
416 1098 506 1156 lirisse
528 1097 584 1157 boc
607 1098 740 1157 conicere
763 1098 798 1157 de
821 1099 1016 1177 Aristagorae
1040 1099 1192 1173 praeclaro
1216 1118 1338 1176 genere,
1363 1117 1399 1157 ex
1426 1116 1497 1157 san·

210 1187 299 1265 guine
323 1187 470 1263 Pisandri,
494 1187 546 1262 qui
570 1207 638 1245 cum
662 1187 766 1245 Oreste
790 1188 898 1247 Aeoles
920 1187 1055 1263 Amyclis
1078 1188 1109 1246 in
1131 1188 1236 1246 Asiam
1260 1186 1444 1264 traduxerit,
1466 1194 1498 1246 et

210 1277 372 1352 Melanippi
396 1275 543 1353 Thebani,
572 1277 657 1335 cuins
684 1277 720 1335 de
748 1277 841 1353 stirpe
864 1279 962 1336 mater
984 1276 1177 1354 Aristagorae
1201 1276 1403 1353 descenderit,
1429 1277 1497 1335 feli·

209 1366 284 1424 citer
311 1365 417 1442 mixto,
445 1365 569 1423 alternis
597 1369 698 1423 autem
724 1370 760 1423 ut
787 1366 926 1425 tellurem
954 1368 985 1424 et
1012 1365 1144 1443 arbores,
1168 1365 1210 1424 sic
1238 1365 1329 1424 etiam
1355 1364 1497 1425 humana

209 1473 319 1532 genera
350 1454 437 1513 modo
469 1472 626 1530 prosperos
658 1454 757 1513 foetus
789 1454 887 1532 edere,
920 1455 1007 1513 modo
1043 1455 1201 1513 sterilitate
1233 1455 1359 1533 frugum
1392 1456 1494 1530 premi

208 1535 352 1623 (33-43).
388 1543 525 1618 Denique
548 1543 669 1602 modum
689 1544 849 1602 tenendum
868 1563 965 1620 neque
984 1544 1094 1602 altiora
1112 1543 1280 1619 appetenda
1299 1562 1364 1603 esse
1383 1544 1487 1603 virum

208 1651 326 1710 magna,
349 1636 384 1689 ut
407 1632 533 1709 videtur,
557 1632 721 1708 spirantem
744 1633 883 1692 admonet
907 1626 1050 1714 (el-48).
1073 1665 1117 1673 -
1140 1633 1175 1691 ln
1199 1632 1368 1710 digerendis
1394 1633 1490 1692 rebus

208 1724 239 1780 et
260 1721 364 1779 metris
388 1721 527 1779 carminis
551 1740 617 1779 eam
638 1724 733 1780 artem
752 1726 842 1797 poeta
861 1721 1004 1800 exhibuit,
1023 1741 1114 1798 quarn
1133 1725 1275 1798 provecta
1293 1725 1395 1781 aetate
1416 1741 1490 1781 eum

207 1810 238 1868 in
262 1809 563 1886 dactylo-epitriticis
590 1809 770 1868 carminibus
798 1810 960 1869 excoluisse
988 1829 1079 1887 supra
1106 1811 1144 1868 ad
1168 1808 1277 1872 O.x1u
1301 1810 1489 1871 monuimus.

208 1899 256 1957 lta
279 1899 358 1957 enim
381 1917 449 1957 cum
472 1898 559 1974 epodi
583 1899 727 1974 cuiusque
751 1898 807 1958 fine
832 1900 1010 1958 sententiam
1034 1899 1171 1976 absolvit,
1189 1902 1226 1958 ut
1244 1902 1344 1959 totum
1363 1919 1490 1959 carmen

208 1988 238 2046 in
262 1990 323 2047 tres
346 1990 455 2064 partes,
479 2007 607 2063 quarum
631 2006 767 2063 quaeque
791 2008 827 2047 er
850 1989 973 2065 stropha
996 1989 1186 2065 antistropha
1209 1988 1303 2064 epodo
1322 1992 1490 2067 constaret,

207 2075 407 2136 distribueret.
453 2075 592 2135 Ceterum
615 2076 700 2134 tenni
723 2078 754 2134 in
777 2077 867 2137 humo
896 2078 1013 2136 sulcum
1044 2081 1134 2154 poeta
1166 2078 1261 2154 ducit,
1294 2081 1330 2136 ut
1363 2098 1402 2138 ne
1432 2079 1490 2138 mi·

207 2166 281 2224 reris
309 2164 485 2241 seutentiaS,
509 2184 584 2240 quas
608 2165 676 2223 aliis
698 2165 730 2223 in
753 2166 934 2225 carminibus
962 2169 992 2225 et
1022 2167 1122 2244 aptius
1151 2170 1181 2225 et
1209 2167 1345 2226 ornatius
1372 2168 1490 2247 posuit,

208 2255 255 2314 hic
279 2255 377 2314 ieiune
400 2257 431 2313 et
453 2254 570 2313 exiliter
593 2254 744 2329 repetitas
787 2253 915 2314 Omnino
938 2256 993 2315 hoc
1016 2275 1134 2315 camren
1158 2256 1254 2333 magis
1277 2256 1322 2333 iis,
1347 2258 1490 2333 quaeda

207 2345 292 2402 cultu
311 2344 420 2403 Vestae
444 2347 475 2401 et
489 2343 611 2421 origiue
630 2343 828 2403 Tenediorum
852 2345 992 2421 continet,
1016 2345 1208 2404 memorabile
1232 2350 1277 2403 est
1301 2365 1394 2421 quam
1420 2348 1489 2423 pul·

208 2433 376 2492 chritudine
400 2433 524 2508 poetica.

753 2534 797 2599 De
820 2535 940 2600 metris.

297 2647 443 2706 Carminis
466 2647 556 2705 huius
579 2650 675 2706 metra
703 2652 774 2706 sunt
800 2647 1095 2724 dactylo-epitritica
1119 2649 1157 2706 ad
1180 2649 1337 2725 antiquam
1361 2656 1392 2709 et
1417 2651 1489 2711 aim-

208 2737 316 2814 plicem
343 2756 477 2795 normam
505 2736 670 2812 composita
698 2737 863 2812 leniterque
891 2756 981 2795 cursu
1008 2757 1199 2796 numerorum
1222 2758 1289 2798 raro
1312 2739 1488 2819 interrupto

209 2826 387 2886 delabentis.
433 2825 598 2901 Aptissima
629 2828 730 2884 antem
762 2826 822 2884 fuit
853 2826 944 2883 buius
975 2845 1166 2886 numerorum
1198 2827 1314 2905 generis
1347 2830 1489 2906 gravitas

208 2915 364 2974 sanctitati
386 2915 541 2992 carminis,
565 2914 644 2989 quod
669 2914 739 2972 licet
762 2934 780 2973 a
803 2915 1007 2993 grammaticis
1030 2916 1109 2974 inter
1131 2916 1259 2991 epinicia
1282 2917 1414 2977 relatum
1440 2920 1490 2997 sit,

210 3009 309 3063 tamen
338 3004 466 3079 speciem
493 3003 589 3080 magis
617 3004 747 3078 prosodii
775 3024 865 3080 qnam
889 3005 1009 3081 epinicii
1032 3005 1129 3064 habet.
1176 3005 1286 3064 Utrum
1309 3006 1339 3063 in
1363 3028 1490 3087 pompa,

209 3112 270 3169 qua
288 3111 383 3152 novus
402 3092 597 3170 magistratus
615 3093 645 3149 in
665 3093 779 3151 curiam
798 3112 815 3151 a
834 3094 1021 3153 senatoribus
1040 3099 1071 3153 et
1089 3094 1251 3173 gentilibus
1270 3095 1489 3177 deducebatur,

209 3200 247 3239 an
272 3182 349 3241 inter
373 3181 516 3240 sacrificia
535 3185 566 3240 et
584 3181 696 3258 epulae,
720 3200 797 3257 qnae
821 3202 886 3241 eam
906 3183 1100 3260 excipiebant,
1120 3188 1274 3243 cantatum
1294 3185 1342 3261 sit,
1362 3186 1489 3248 difficile

209 3270 247 3328 ad
271 3270 494 3329 diiudicandum
517 3273 575 3344 est3
599 3272 694 3329 metra
718 3271 839 3346 quidem
863 3273 995 3347 pompali
1018 3273 1143 3331 carmini
1166 3275 1275 3332 favent.

263 3464 336 3525 Παῖ
351 3458 452 3542 Ῥέας,
476 3462 497 3525 ἅ
519 3484 553 3526 τε
575 3473 756 3545 πρυτανεῖα
780 3460 949 3546 til-cyprin,
967 3460 1092 3542 Ἑστία,
1285 3468 1365 3550 Στρ.
1385 3464 1431 3532 α’.

265 3569 372 3652 Ζηνὸς
393 3558 536 3645 ’ὑψίστου
559 3570 739 3651 κασιγνήτα
762 3568 816 3633 καὶ
839 3568 1030 3654 ὁμοθρόνου
1047 3568 1167 3656 Ἥρας,

264 3671 301 3741 εὖ
324 3672 385 3759 μὲν
408 3675 644 3760 Ἀρισταγόραν
666 3676 756 3753 δέξαι
779 3677 854 3741 τεὸν
877 3675 910 3752 ἐς
931 3677 1100 3762 θάλαμον,

279 3922 360 3957 vanu
382 3922 486 3959 nnorro.
528 3905 611 3959 lnscr.
638 3922 691 3960 om.
718 3905 786 3959 BD
811 3937 845 3945 -
872 3905 975 3961 schol„
1000 3905 1061 3960 οὐδ’
1091 3907 1170 3974 ὅλως,
1197 3908 1284 3976 φησὶν
1310 3907 1324 3962 ὀ
1352 3907 1488 3979 Δίδυμος,

210 3974 294 4044 ἐχρῆν
311 3976 363 4044 τὴν
381 3974 458 4047 ᾠδὴν
477 3976 582 4044 ταύτην
597 3977 636 4039 εἰς
649 3978 713 4038 τοὺς
728 3974 869 4039 turstanus
883 3982 1060 4032 συνενῶσθαι
1073 3982 1243 4047 (narrandae
1258 3980 1361 4048 codd.)·
1381 3980 1488 4050 οὐγὰρ

209 4047 284 4114 ἱερὸν
308 4048 404 4115 ἀγῶνα
428 4045 575 4116 νενίκηκεν
593 4048 608 4101 d
626 4045 827 4117 Ἀρισταγόρας,
853 4049 924 4102 ἀλλὰ
946 4052 1169 4120 περιχώρους-
1190 4058 1213 4105 1.
1232 4059 1383 4119 πρυτανεῖς
1401 4052 1432 4105 D
1451 4084 1487 4093 -

281 4207 470 4243 oonnnrann.
507 4207 532 4243 v.
555 4196 577 4244 1,
602 4190 701 4245 schol:
724 4189 879 4258 πρυτανεῖά
898 4209 967 4260 φησι
986 4196 1080 4263 λαχεῖν
1098 4194 1149 4262 τὴν
1164 4193 1290 4261 Ἑστίαν,
1309 4191 1437 4262 παρόσον
1455 4194 1487 4249 αι’

208 4269 263 4313 τῶν
282 4258 391 4313 πόλεων
413 4258 520 4313 ‘Eetion
539 4260 569 4314 ἐν
587 4270 645 4323 τοῖς
662 4259 840 4328 πρυτανείοις
859 4264 1027 4330 timidorum
1048 4267 1096 4319 καὶ
1114 4266 1145 4318 τὸ
1165 4265 1241 4333 ἱερὸν
1259 4265 1410 4335 λεγόμενον
1429 4274 1487 4333 πῦρ

211 4330 256 4384 ἐπὶ
282 4331 387 4385 τούτων
413 4329 568 4387 ἀπόκειται,
606 4333 708 4386 Vestae
734 4336 879 4401 tamquam
905 4339 1041 4404 patronae
1068 4337 1160 4389 curiae
1187 4354 1249 4390 cnm
1275 4335 1324 4390 alii
1351 4338 1412 4389 tum
1435 4338 1486 4405 qni

210 4400 407 4470 magistratum
426 4402 538 4456 inibant
556 4408 622 4457 ante
640 4407 746 4458 ceteros
766 4404 832 4458 deos
851 4405 974 4483 deasque
993 4408 1177 4462 libationibus
1200 4412 1230 4462 et
1251 4407 1394 4462 sacrificiis
1419 4406 1486 4463 litu·

209 4473 291 4541 bant,
316 4473 389 4527 unde
413 4473 597 4543 proverbialis
621 4474 726 4529 locutio
750 4474 803 4544 ἀφ’
821 4474 932 4540 Ἑστίας
955 4476 1108 4548 ἀρχόμενος
1127 4479 1253 4549 profecta
1271 4482 1327 4535 est:
1347 4479 1381 4533 cf.
1397 4478 1452 4533 llid
1476 4512 1487 4520 -

209 4562 285 4597 mum
300 4544 336 4598 ad
352 4543 493 4614 Aristoph.
508 4562 583 4615 vesp.
599 4563 646 4612 ιιο,
666 4546 751 4600 schol.
767 4546 839 4602 Plat.
855 4547 976 4617 Euthyd.
992 4570 1030 4616 aa,
1047 4550 1312 4619 llosoher-Prcuner,
1327 4549 1379 4604 lex.
1395 4498 1487 4620 mytt.

208 4633 289 4669 rame
308 4633 342 4670 ss.
371 4648 403 4655 -
433 4622 483 4669 le.
507 4616 623 4671 Vestam
647 4618 720 4686 quod
745 4618 882 4671 Pindarus
906 4621 1000 4674 Rheae
1025 4621 1083 4675 sive
1107 4621 1226 4675 Telluris
1252 4621 1338 4675 filiam
1364 4621 1488 4690 ideoque

211 4687 282 4740 lovis
302 4690 387 4755 ablue
408 4687 520 4740 lunonis
540 4704 661 4742 sororem
680 4688 761 4753 dixit,
780 4689 902 4759 vestigia
915 4692 984 4759 legit
1001 4692 1115 4746 llesiodi
1129 4693 1222 4760 theog.
1238 4710 1277 4747 ιιι
1294 4725 1322 4732 -
1341 4692 1486 4764 ittonae·

211 4759 245 4811 dc
264 4759 324 4812 <loia
344 4775 460 4812 munera
481 4759 663 4813 sortientibus
684 4762 861 4816 cl'.0.rnc1
884 4794 916 4802 -
