3406 5378
537 376 571 425 11.
600 375 649 424 DE
668 374 761 425 ARTE
780 375 939 427 METRICA
957 376 1114 427 PINDARI.
1338 374 1469 429 XXXVII

186 540 315 600 tantum
346 556 412 600 non
443 535 566 622 fugisse
595 535 722 601 videtur
754 542 851 622 poeta
884 559 1050 602 caesuram
1082 538 1116 602 in
1149 539 1286 603 catalexi
1319 540 1470 624 positam.

187 642 752 730 inversibusutique0.v1ep.7
778 649 811 708 et
834 644 869 709 P.
888 647 964 709 xl?

542 777 864 819 soi-ro--2
919 797 1007 821 --a
1063 813 1114 820 --

542 867 560 907 Ξ
577 883 595 906 υ
613 881 649 908 ,υ
666 881 685 908 υ
702 868 738 908 oo
755 883 774 908 υ
791 869 826 909 l.
845 869 862 909 A
880 884 899 909 υ
917 902 933 910 ..

184 987 359 1049 nusquam,
389 965 536 1049 quamvis
559 964 677 1049 prioris
702 965 854 1031 carminis
877 968 1031 1053 quinque,
1059 967 1193 1032 alterius
1217 972 1292 1032 octo
1317 968 1470 1052 strophae

185 1073 261 1158 sint,
284 1094 450 1138 caesuram
472 1072 507 1136 in
531 1072 668 1138 catalexi
697 1073 871 1138 admissam
899 1075 996 1139 vides.
1037 1075 1146 1159 Atque
1176 1075 1238 1140 hoc
1267 1097 1305 1139 eo
1334 1075 1469 1139 consilio

184 1180 299 1245 fecisse
322 1183 452 1264 poetam
476 1179 642 1264 existimo,
672 1184 709 1244 ut
732 1181 845 1246 breves
868 1181 950 1246 istos
973 1183 1114 1266 proodos
1143 1187 1176 1247 et
1199 1181 1319 1265 epodos
1348 1183 1470 1247 arctius
1515 1246 1520 1256 ,

186 1310 260 1353 cum
282 1287 388 1371 capite
415 1308 527 1350 versus
556 1287 767 1371 coniungeret
794 1309 898 1371 neque
926 1289 1017 1372 quasi
1047 1289 1153 1353 fracto
1181 1289 1260 1372 pede
1289 1287 1469 1353 claudicare

185 1400 219 1460 et
240 1395 378 1481 pendere
402 1393 530 1458 sineret.
574 1392 637 1458 Sed
661 1393 759 1459 etiam
781 1395 816 1458 in
839 1394 985 1460 versibus
1017 1418 1056 1460 ex
1078 1395 1282 1482 longioribus
1310 1400 1343 1460 et
1370 1395 1467 1460 iustis

185 1501 264 1567 colis
288 1500 488 1585 compositis,
511 1505 548 1565 ut
570 1500 595 1565 I.
614 1519 627 1565 1
646 1523 694 1587 ep.
713 1504 735 1566 4

530 1615 1119 1661 -2o--2wu.‡o.-ac--

183 1716 245 1781 hoc
277 1714 427 1781 licentiae
460 1714 523 1779 sibi
554 1713 713 1780 Pindarus
746 1716 877 1801 sumsit,
909 1720 946 1781 ut
979 1716 1130 1781 omnibus
1156 1716 1192 1780 in
1220 1715 1364 1800 strophis
1397 1715 1469 1781 cola

184 1826 350 1908 συναφείᾳ
377 1823 595 1908 coniungeret.
642 1821 729 1898 Quae
762 1845 836 1888 cum
868 1823 916 1888 ita
948 1846 981 1888 se
1013 1823 1169 1907 habeant,
1202 1845 1300 1907 quarn
1333 1823 1467 1887 dubium

183 1929 338 1995 indicium
366 1929 440 1993 finis
473 1929 536 1994 ooli
568 1929 653 2013 apud
682 1928 859 1994 Pindarum
892 1952 1025 1996 caesura
1057 1930 1101 1994 sit
1132 1929 1305 2015 intellegis.
1353 1928 1467 2013 Neque

183 2042 293 2103 tamen
320 2059 370 2101 me
401 2036 635 2101 adsentientem
671 2037 820 2121 habebit,
856 2037 884 2101 si
921 2037 993 2122 quis
1029 2029 1065 2101 in
1102 2036 1248 2101 versibus
1286 2036 1466 2101 dividendis
1520 2059 1525 2069 ·

183 2144 315 2209 Pindari
339 2165 505 2209 caesuram
532 2165 666 2227 prorsus
693 2144 865 2229 neglegere
893 2144 985 2227 velit,
1016 2145 1072 2209 sed
1100 2143 1284 2209 cautionem
1315 2142 1467 2207 adhiben-

183 2253 257 2316 dam
280 2273 351 2315 esse
374 2250 499 2335 etipse
523 2272 637 2315 censeo
663 2273 760 2334 quam
783 2251 965 2316 maximam.

271 2357 417 2434 Quatuor
450 2378 531 2440 quae
564 2357 710 2421 recensui
741 2356 861 2421 indicia
892 2358 966 2422 finis
1000 2358 1158 2427 colorum.
1177 2356 1350 2442 potissima
1382 2361 1465 2421 sunt.

183 2465 356 2529 Praeterea
379 2463 612 2549 magnitudinis
636 2463 740 2528 iustae
765 2464 923 2546 colorum,
947 2465 1129 2550 analogiae,
1154 2463 1383 2528 concinnitatis
1406 2485 1466 2529 uos

182 2571 342 2636 rationem
364 2571 482 2635 habere
505 2593 564 2655 par
587 2575 650 2653 est,
681 2570 735 2634 sed
764 2572 802 2635 de
826 2571 877 2634 his
900 2571 997 2635 rebus
1021 2572 1125 2656 magis
1153 2572 1188 2635 in
1212 2570 1404 2636 commentis
1427 2570 1466 2636 de

183 2679 320 2764 singulis
349 2678 546 2744 carminibus
576 2700 673 2762 quam
699 2678 735 2741 in
761 2677 813 2742 his
841 2676 1086 2763 Prolegomenis
1115 2678 1270 2742 disserere
1300 2678 1465 2744 conducet.

182 2784 292 2870 Atque
326 2785 354 2850 si
386 2785 480 2870 plura
512 2784 631 2863 indicia
665 2789 875 2868 concurrant,
909 2784 1060 2849 fidentius
1093 2786 1132 2850 de
1164 2784 1321 2850 divisione
1353 2806 1465 2849 versus

181 2893 370 2978 praecipies,
389 2893 416 2958 si
435 2892 564 2978 singula
584 2896 640 2956 aut
658 2892 747 2956 nulla
761 2892 877 2975 adsint,
895 2893 930 2956 in
945 2891 1176 2977 probabilitate
1196 2891 1465 2975 acquiescendum

183 3001 234 3066 vel
266 3001 363 3066 etiam
396 3001 437 3064 ad
469 2999 655 3083 arbitrium,
687 2999 956 3083 circumspectum
988 2999 1068 3064 illud
1102 2999 1232 3083 quidem
1264 2999 1358 3063 nobis
1392 3021 1466 3064 con·

184 3107 374 3194 fugiendum
397 3108 467 3172 erit.

273 3214 328 3279 De
356 3234 536 3279 numero
564 3215 864 3278 membrorum.
909 3212 1074 3278 Numerus
1098 3213 1257 3296 colorum,
1285 3213 1465 3297 exquibus

183 3345 293 3388 versus
326 3321 461 3406 quisque
495 3325 638 3404 constat,
671 3320 777 3385 nullas
810 3320 940 3405 quidem
971 3319 1191 3385 dubitationes
1219 3320 1336 3385 editori
1362 3324 1465 3406 parat,

182 3430 281 3494 habet
300 3434 419 3512 tamen,
441 3428 494 3493 cui
513 3426 638 3491 animos
657 3428 817 3492 lectorum
835 3428 1001 3492 advertere
1020 3427 1127 3492 velim.
1163 3426 1286 3491 Versus
1306 3427 1466 3512 vulgares,

183 3543 220 3601 ut
237 3536 423 3601 hexameter
442 3535 631 3620 dactylicus,
648 3539 837 3598 tetrameter
856 3535 1092 3619 anapaesticus,
1110 3533 1310 3618 septenarius
1326 3534 1465 3599 trochai-

182 3666 255 3727 cus,
282 3643 429 3707 trimeter
456 3642 630 3727 iambicus,
662 3664 700 3706 ex
728 3642 853 3706 duobus
882 3641 962 3707 colis
994 3646 1153 3706 constant.
1195 3639 1303 3726 Lyrici
1337 3662 1464 3724 quoque

181 3754 295 3836 poetae
318 3748 398 3814 tersi
422 3752 454 3813 et
477 3748 652 3834 elegantes,
674 3748 823 3833 inprimis
846 3747 1057 3814 Alexandrini
1080 3753 1113 3812 et
1132 3747 1272 3813 Romani
1290 3770 1402 3812 versus
1426 3771 1465 3813 ex

182 3858 307 3922 duobus
327 3855 406 3922 colis
426 3855 625 3940 compositos
645 3856 784 3921 maxime
803 3857 993 3940 probabant,
1018 3858 1054 3919 ut
1072 3854 1255 3940 Priapeum,
1279 3854 1465 3940 Sotadeum,

181 3964 438 4049 Asclepiadcum.
484 3962 607 4027 Verum
634 3962 796 4048 ingeniosi
827 3967 943 4047 poetae
971 3963 1064 4048 lyrici
1096 3968 1129 4026 et
1156 3963 1275 4028 scenici
1302 3984 1369 4027 non
1396 3966 1464 4028 tam

182 4069 330 4155 angustis
353 4069 514 4135 limitibus
538 4092 631 4134 suam
650 4073 753 4133 artem
772 4069 912 4134 coerceri
932 4070 1112 4155 voluerunt,
1134 4069 1219 4133 unde
1239 4069 1305 4133 iam
1325 4069 1463 4133 Alcaeus

181 4197 310 4240 versum
332 4177 427 4241 finxit
449 4198 488 4241 ex
512 4176 617 4241 tribus
641 4175 720 4241 colis
744 4180 948 4241 constantem

488 4293 493 4302 ⁸
519 4296 535 4303 “
649 4312 655 4322 ·
677 4307 696 4332 υ
713 4293 749 4333 l..
774 4293 779 4302 '
803 4296 821 4332 ῡ
856 4307 874 4332 υ
933 4309 938 4320 ·

180 4375 359 4458 μαρμαίρει
383 4369 419 4437 di
441 4328 542 4456 μέμας
566 4374 667 4457 δόμος
694 4377 818 4460 χαλκῷ,
845 4383 946 4436 παῖσα
970 4370 1001 4436 δ”
1019 4328 1103 4457 ’Ἁμῃ
1130 4374 1327 4457 κεκόσμηται
1356 4373 1463 4456 στέγα.

180 4497 292 4562 Etiam
315 4497 445 4584 longius
464 4498 635 4563 Anacreon
653 4520 845 4584 progressus
865 4502 924 4582 est,
946 4497 993 4562 ita
1012 4502 1131 4583 tamen,
1154 4503 1191 4563 ut
1210 4521 1289 4583 quas
1311 4498 1463 4583 periodos

180 4628 219 4670 ex
239 4608 380 4689 quatuor
399 4609 432 4667 et
451 4605 592 4690 quinque
612 4605 691 4670 colis
711 4604 904 4690 composuit,
922 4627 1032 4669 earum
1052 4605 1123 4670 oola
1142 4604 1303 4670 similibus
1318 4607 1461 4672 numeris

179 4711 359 4777 includeret
395 4715 428 4775 et
464 4716 629 4796 tamquam
667 4711 817 4776 versiculi
854 4717 976 4796 essent,
1019 4712 1115 4776 verbo
1158 4713 1307 4797 quodque
1345 4713 1461 4778 finiret.

179 4819 338 4884 Pindarus
362 4839 453 4902 vero,
476 4840 539 4902 quo
562 4820 626 4884 fuit
649 4820 756 4884 studio
780 4819 923 4884 venandi
947 4819 1083 4905 formas,
1107 4819 1199 4884 iuxta
1221 4842 1333 4885 versus
1356 4821 1461 4887 iustos
