3406 5378
517 411 551 462 11.
577 411 627 460 DE
646 410 740 461 lars
758 410 918 461 METRICA
936 411 1093 463 PINDARI.
1334 408 1446 461 XXXIII

166 1041 277 1084 eorum
301 1018 372 1085 oola
394 1018 429 1082 in
452 1023 546 1083 textu
572 1018 743 1104 separandi
771 1023 803 1083 et
832 1019 969 1106 singolis
997 1019 1145 1084 versibus
1173 1017 1359 1083 includendi
1388 1018 1449 1082 tibi

166 1131 279 1191 auctor
303 1149 384 1211 sum,
407 1126 549 1212 primum
573 1149 613 1191 ne
637 1127 768 1213 cognati
792 1150 904 1209 versus
929 1127 1090 1211 scriptura
1107 1125 1195 1190 iusto
1215 1125 1320 1211 magis
1341 1125 1451 1190 discri-

168 1233 339 1318 minentur,
364 1233 477 1299 deiude
502 1233 588 1318 quod
612 1233 695 1298 tales
719 1257 831 1299 versus
848 1239 947 1319 poeta
965 1234 1155 1318 plerumque
1174 1234 1220 1296 ita
1238 1233 1273 1297 iu
1291 1233 1451 1297 unitatem

167 1341 377 1426 constrinxit,
399 1344 437 1404 ut
459 1363 589 1405 versum
612 1363 745 1406 caesura
767 1362 834 1406 non
856 1341 891 1405 in
914 1342 977 1405 fine
1002 1340 1186 1426 rhythmico
1210 1339 1308 1424 primi
1331 1340 1381 1404 vel
1406 1362 1452 1404 se-

166 1447 262 1512 cundi
286 1447 349 1512 coli
372 1447 539 1531 incideret,
562 1448 618 1513 sed
641 1448 751 1531 potius
774 1448 872 1533 paulo
897 1452 972 1512 ante
998 1446 1047 1511 vel
1070 1447 1168 1532 paulo
1191 1450 1267 1531 post
1285 1447 1392 1530 finem,
1415 1451 1453 1511 ut

246 1573 338 1648 ἵλαος
361 1571 542 1638 ἀθανάτων
565 1573 700 1658 ἀνδρῶν
723 1597 759 1638 τε
781 1575 846 1637 σὺν
869 1573 1021 1659 εὐμενείᾳ
1044 1569 1093 1657 (P.
1112 1589 1163 1635 ΧΠ
1181 1569 1232 1658 4),

246 1699 327 1761 αἰτῶ
352 1714 401 1782 σε,
425 1698 600 1782 φιλάγλαε,
623 1701 782 1762 καλλίστα
804 1701 945 1783 βροτεᾶν
968 1700 1095 1761 πολίων
1118 1694 1167 1783 (P.
1187 1713 1236 1760 ΧΗ
1258 1693 1307 1782 1),

247 1823 351 1887 αὐτόν
374 1822 411 1887 τέ
431 1848 487 1888 νιν
505 1821 647 1888 Ἑλλάδα
669 1824 851 1889 νικάσαντα
874 1821 987 1909 τέχνα,
1010 1822 1072 1886 τάν
1094 1844 1173 1886 ποτε
1196 1820 1244 1906 (Ρ.
1264 1838 1314 1883 xll
1334 1818 1379 1907 o).

168 1946 256 2023 Quae
272 1969 346 2011 cum
360 1947 408 2011 ita
422 1947 496 2030 sint,
516 1970 627 2014 omnes
647 1972 758 2014 versus
779 1947 1133 2034 dactylicoepitritioos
1152 1945 1289 2032 singulis
1305 1946 1452 2011 versibus

169 2051 323 2140 (στίχοις)
351 2053 595 2139 perscribendos
629 2056 825 2139 curavimus,
858 2055 922 2120 nisi
955 2055 981 2119 si
1016 2076 1098 2138 quos
1125 2052 1324 2138 procatalexi
1355 2059 1453 2137 poeta

168 2161 236 2244 ipse
260 2161 381 2225 induo
406 2162 478 2226 cola
501 2160 689 2227 dividendos
713 2184 783 2227 esse
806 2161 972 2246 indicavit,
993 2166 1031 2225 ut
1053 2160 1088 2226 P.
1108 2163 1160 2226 12

443 2311 979 2338 .............
999 2326 1014 2336 .
1033 2312 1069 2336 co
1087 2329 1102 2336 -
1123 2329 1139 2335 -
1159 2329 1175 2337 -

208 2376 368 2440 σύνδικον
391 2379 528 2440 Μοισᾶν
550 2375 689 2441 κτέανον
752 2386 810 2453 τᾶς
832 2377 945 2441 άκούει
968 2372 1029 2461 μὲν
1051 2375 1148 2459 βάσις
1171 2374 1309 2457 ἀγλαΐας
1332 2374 1424 2461 ἀρχά.

167 2499 261 2564 Hono
289 2505 399 2565 autern
426 2500 530 2584 Iegem
558 2522 596 2564 eo
625 2502 729 2587 magis
761 2500 841 2565 mihi
874 2501 1107 2565 observandam
1140 2522 1210 2564 esso
1243 2500 1333 2583 duxi,
1367 2501 1452 2585 quod

168 2606 266 2671 etiam
291 2612 416 2672 vetares
440 2607 581 2691 metrici,
609 2609 757 2691 quamvis
780 2607 932 2691 strophas
955 2608 990 2671 in
1014 2607 1097 2689 oola,
1125 2628 1192 2670 non
1215 2605 1383 2671 inversus
1408 2608 1453 2672 di-

167 2714 275 2779 videre
303 2715 367 2779 sibi
394 2715 655 2799 proposuissent,
688 2719 798 2779 tamen
824 2714 860 2777 in
889 2713 951 2778 hoo
985 2735 1100 2799 genere
1134 2714 1314 2778 carminum
1346 2737 1454 2799 saepe-

167 2842 302 2887 numero
332 2821 491 2908 genuinos
518 2845 629 2886 versus
658 2822 800 2886 intactos
828 2821 1043 2905 reliquerunt,
1075 2821 1160 2884 unde
1191 2821 1321 2905 accidit,
1354 2827 1390 2884 ut
1417 2822 1452 2885 in

167 2927 333 2992 nonnullis
358 2929 565 3011 carminibus,
588 2934 626 2993 ut
644 2927 680 2993 Ο.
699 2947 744 2992 xl.
768 2927 792 2992 I.
812 2947 843 3005 V,
866 2927 1074 2993 Boeokhiana
1093 2927 1282 2992 distributio
1301 2951 1453 2993 versuum

170 3056 243 3099 oum
258 3035 377 3100 tradita
391 3036 580 3100 colometria
595 3040 739 3100 veterum
755 3034 965 3100 metricorum
979 3035 1046 3099 fere
1061 3034 1241 3099 concordet.
1272 3033 1453 3100 Distinctos

169 3141 271 3227 igitur
293 3141 394 3206 habes
422 3143 456 3207 in
484 3142 545 3207 hac
573 3142 714 3207 editione
742 3143 783 3207 ab
812 3141 953 3228 eleganti
980 3141 1162 3228 gracilitate
1189 3141 1453 3227 logsoedioorum

169 3270 320 3313 versuum
349 3251 486 3336 grandes
515 3273 626 3314 versus
656 3249 1005 3334 dactylo-epitriticos,
1032 3254 1069 3313 ut
1091 3248 1162 3333 ipsa
1190 3249 1296 3333 specie
1320 3254 1454 3314 externa

170 3355 365 3440 gravItatem
389 3362 422 3421 et
445 3357 639 3443 dignitatem
662 3379 740 3443 prae
764 3380 798 3422 se
821 3357 935 3422 ferant.

259 3460 405 3527 Similem
423 3463 584 3528 rationem
603 3485 673 3528 esse
692 3463 855 3528 voluimus
873 3485 1024 3528 versuum
1044 3463 1284 3548 paeonioorum,
1303 3464 1358 3547 qui
1378 3487 1451 3529 oum

168 3591 234 3633 non
258 3591 297 3633 ex
320 3570 418 3634 variis
445 3571 581 3655 pedibus
610 3575 772 3654 constare,
802 3572 858 3635 sed
886 3570 998 3635 eodem
1025 3592 1234 3636 numerorum
1261 3593 1378 3657 genere
1402 3572 1453 3636 de-

170 3697 297 3740 currere
321 3676 463 3759 soleant,
492 3699 588 3762 aegre
611 3677 646 3741 in
669 3677 741 3742 oola
763 3682 911 3762 partesve
935 3677 1146 3742 dissecantur.
1191 3676 1342 3762 Plerique
1366 3678 1453 3742 enim

170 3803 283 3847 eorum
306 3804 440 3868 prorsus
462 3783 590 3848 indiciis
615 3788 737 3867 carent,
765 3785 849 3848 unde
875 3784 984 3869 plures
1008 3806 1120 3849 eorum
1146 3785 1243 3868 pedes
1267 3784 1301 3849 in
1324 3785 1454 3869 singula

171 3888 242 3953 cola
265 3891 581 3974 comprehendendos
605 3914 675 3956 esse
699 3891 843 3977 colligas
886 3891 984 3955 Velut
1007 3891 1041 3955 in
1064 3913 1160 3955 versu
1183 3890 1218 3955 0.
1238 3895 1303 3956 112

543 4022 1080 4050 vwssv-;uw:.uwssu-

169 4125 272 4187 neque
296 4126 430 4169 caesura
451 4105 600 4191 IegItima
621 4110 697 4191 post
720 4105 859 4171 alterum
882 4105 996 4190 pedem
1019 4127 1131 4170 versus
1153 4104 1321 4189 Inciditur,
1348 4127 1452 4190 neque

170 4232 209 4275 ea
236 4210 341 4275 forma
374 4212 507 4277 alterius
526 4213 629 4304 ‚podis
660 4219 723 4298 est,
758 4218 795 4278 ut
822 4235 935 4279 cursus
968 4211 1113 4296 rhythmi
1141 4213 1323 4277 retardetur
1355 4217 1452 4297 atque

170 4318 308 4382 sedetur.
349 4317 420 4394 Qua
443 4319 480 4383 de
504 4341 602 4384 causa
624 4343 728 4406 nequo
751 4321 837 4386 huno
860 4342 964 4404 neque
991 4324 1114 4383 ceteros
1141 4342 1252 4384 versus
1279 4321 1453 4405 paeonicos

171 4425 350 4490 carminum
378 4424 458 4489 0.11
486 4430 519 4490 et
546 4425 581 4491 P.
601 4445 624 4489 v
656 4427 797 4511 primum
823 4427 858 4490 in
886 4427 958 4491 oola
989 4428 1022 4490 et
1052 4425 1165 4490 deinde
1192 4427 1227 4490 in
1254 4427 1365 4511 pedes,
1397 4428 1454 4491 sed

168 4531 257 4596 illico
280 4533 316 4595 in
339 4531 485 4615 dipodius
509 4532 576 4597 sive
599 4534 696 4618 pedes
715 4534 888 4618 paeonicos
908 4532 1096 4597 dividendos
1116 4534 1307 4598 curavimus.
1346 4534 1453 4611 Quid?

170 4640 256 4722 quod
279 4638 375 4703 huius
398 4643 533 4703 naturae
558 4641 708 4705 ordinum
730 4640 960 4725 paeonicorum
984 4641 1159 4726 vestigium
1183 4641 1281 4706 etiam
1307 4643 1341 4705 in
1363 4665 1454 4727 prae-

169 4746 272 4831 ceptis
304 4749 451 4810 veterum
489 4745 748 4830 rhythmicorum
784 4748 886 4813 latere
918 4747 1053 4811 videtur.
1103 4746 1252 4832 Namque
1285 4750 1371 4833 quod
1403 4750 1453 4814 iIIi

168 4853 342 4938 paeonioos
371 4852 499 4918 ordines
527 4875 628 4939 usque
656 4855 696 4920 ad
724 4854 842 4941 viginti
875 4855 1016 4940 quinque
1048 4860 1196 4941 tempora
1228 4854 1279 4920 vel
1311 4857 1453 4942 quinque

223 4969 349 5010 munaus
363 4970 397 5010 orl.
412 4968 517 5010 christ.
1224 4976 1240 5014 θ
