3406 5378
257 369 347 425 XXIV
761 373 1038 425 PROLEGOMENA.

259 556 371 599 versus
393 535 480 599 inter
502 557 536 599 se
559 534 753 600 cohaereant
778 539 964 620 quaeratur,
987 540 1021 600 et
1042 557 1155 600 versus
1178 536 1313 620 perfecti
1333 543 1429 621 atque
1448 538 1485 602 in
1504 560 1540 603 se

258 641 389 706 rotundi
417 643 458 707 ab
487 642 633 707 versibus
660 642 860 727 imperfectis
888 647 921 705 et
948 665 1020 707 cum
1050 642 1122 707 aliis
1150 643 1397 708 cohaerentibus
1426 644 1541 709 distin·

261 754 410 835 guantur.
447 748 562 833 Neque
586 750 613 814 si
637 751 710 834 quis
735 749 872 813 alterum
895 748 976 813 illud
995 770 1096 834 genus
1115 773 1266 815 versuum
1286 773 1305 815 a
1324 751 1403 816 colis
1422 774 1540 836 parum

260 855 387 920 differre
412 856 543 943 dixerit,
566 857 742 942 quidquam
766 877 827 942 ego
851 878 1068 940 commoveor3
1091 857 1171 922 haec
1190 857 1275 921 enim
1296 858 1403 942 culpa,
1427 858 1541 942 siqua

260 967 324 1048 est,
354 984 420 1028 non
448 985 520 1029 mea
547 970 611 1049 est,
639 965 694 1029 sed
717 963 849 1027 Pindari
878 969 1002 1047 poetae.
1049 963 1201 1048 Inprimis
1230 970 1338 1029 autem
1362 965 1416 1028 ille
1439 965 1473 1029 in
1496 966 1539 1031 iis

261 1070 472 1156 carminibus,
501 1094 581 1155 quae
609 1070 802 1135 festinanter
829 1071 907 1135 fecit
934 1071 1023 1135 velut
1051 1069 1087 1134 Ο.
1107 1088 1168 1133 V111
1201 1075 1234 1134 et
1260 1070 1285 1133 I.
1306 1087 1330 1153 1,
1357 1094 1423 1136 non
1457 1073 1538 1138 satis

260 1178 384 1243 cavisse
412 1178 553 1263 videtur,
577 1200 618 1242 ne
646 1183 756 1262 partes
783 1176 908 1262 periodi
938 1177 1080 1242 licentiis
1107 1177 1216 1241 hiatus
1245 1177 1452 1262 syllabaeque
1485 1202 1541 1244 an-

261 1285 369 1369 cipitis
397 1286 485 1350 iusto
514 1286 617 1371 magis
645 1285 819 1361 divelleret.
866 1283 929 1349 Sed
953 1285 1051 1349 etiam
1074 1285 1109 1347 in
1131 1284 1283 1368 perfectis
1307 1288 1341 1348 et
1363 1284 1540 1351 elaboratis

261 1392 472 1473 carminibus,
497 1393 590 1475 quale
614 1397 664 1456 est
688 1414 817 1457 carmen
837 1391 872 1456 Ο.
891 1410 915 1473 1,
938 1413 1050 1455 versus
1073 1390 1164 1474 fecit,
1188 1391 1242 1474 qui
1267 1391 1413 1474 quamvis
1437 1415 1541 1476 pausa

262 1504 295 1564 et
321 1498 462 1564 licentiis
491 1499 564 1563 istis
591 1498 701 1562 hiatus
729 1498 936 1582 syllabaeque
964 1496 1115 1581 ancipitis
1144 1496 1228 1560 inter
1253 1519 1286 1561 se
1310 1497 1439 1562 diremti
1463 1499 1541 1585 sint,

261 1612 371 1671 tamen
403 1628 501 1669 unam
533 1604 750 1687 rhythmicam
784 1605 951 1688 periodum
984 1604 1136 1668 efficiant.
1191 1602 1268 1667 Non
1298 1604 1401 1689 igitur
1432 1605 1466 1669 in
1499 1629 1539 1673 eo

263 1713 466 1796 acquiescere
485 1712 580 1776 nobis
599 1712 689 1796 licet,
707 1717 744 1776 ut
762 1711 985 1775 Boeclrhiauas
1003 1710 1145 1774 rationes
1166 1710 1269 1775 secuti
1287 1733 1438 1775 versuum
1457 1714 1539 1778 fines

262 1820 466 1902 definiamus,
491 1819 546 1883 sed
570 1818 801 1902 circumspecte
822 1818 917 1882 nobis
935 1817 1067 1901 insuper
1086 1817 1355 1882 considerandum
1374 1823 1438 1904 est,
1459 1842 1540 1886 num

262 1927 319 2010 qui
339 1948 450 1989 versus
470 1926 575 2010 specie
594 1924 710 1989 fallant
724 1929 757 1988 et
772 1947 845 1990 cum
858 1924 993 2008 perfecti
1009 1947 1077 1989 esse
1093 1923 1274 2007 videantur,
1293 1946 1327 1988 re
1342 1947 1417 1989 vera
1430 1948 1542 1992 nume·

262 2033 308 2096 ris
333 2036 366 2095 et
391 2035 554 2095 structura
574 2036 683 2114 partes
707 2030 840 2095 maioris
864 2030 988 2116 periodi
1006 2029 1208 2114 rhythmicae
1228 2053 1298 2096 esse
1318 2040 1546 2118 coarguantur.

716 2217 761 2282 De
784 2215 919 2301 pedibus
942 2219 976 2283 et
999 2216 1088 2283 colis.

353 2351 447 2417 Cela
471 2352 538 2417 sive
563 2352 708 2418 membra
729 2358 839 2438 partes
862 2352 1021 2438 longioris
1045 2376 1156 2417 versus
1181 2352 1247 2417 sive
1266 2354 1390 2438 periodi
1410 2361 1487 2421 sunt
1505 2379 1546 2422 ex

262 2461 412 2547 pluribus
434 2461 572 2545 pedibus
596 2460 794 2544 compositae
817 2465 851 2524 et
874 2460 1039 2525 brevicula
1061 2471 1163 2546 pausa
1184 2461 1304 2525 finitae.
1344 2462 1373 2525 A
1397 2464 1545 2530 versibus

265 2591 303 2634 ea
326 2568 388 2633 hoc
411 2568 542 2633 nomine
567 2567 731 2651 differunt,
755 2567 840 2650 quod
863 2566 897 2630 in
920 2568 984 2631 fine
1004 2589 1063 2631 suc
1082 2567 1230 2632 licentias
1249 2567 1359 2632 hiatus
1378 2570 1430 2634 vel
1449 2570 1546 2655 sylla-

264 2676 324 2740 bae
345 2675 451 2740 brevis
469 2696 529 2759 pro
548 2674 647 2759 longa
665 2673 790 2756 positae
809 2676 967 2755 respuunt
985 2694 1089 2756 neque
1107 2673 1289 2738 necessario
1308 2675 1452 2759 perfecta
1467 2699 1546 2743 voce

265 2779 387 2871 (τελείᾳ
410 2779 508 2868 λέξει)
531 2779 696 2844 finiuntur.
734 2779 884 2842 Alterum
908 2780 994 2863 quod
1017 2780 1111 2863 posui
1133 2779 1283 2863 inprimis
1305 2782 1391 2848 valet
1410 2784 1448 2848 de
1468 2783 1545 2849 Pin-

265 2890 357 2973 dum,
385 2888 476 2953 cuius
502 2886 671 2972 ingeniosa
694 2885 789 2949 Musa
812 2908 832 2948 a
854 2903 942 2949 tersa
965 2889 1034 2949 arte
1057 2891 1228 2970 poetarum
1250 2886 1547 2958 Alexandrinorum

264 3001 297 3060 et
315 2996 538 3060 Romanorum
561 3015 599 3057 eo
623 2992 830 3076 potissimum
857 2991 977 3075 differt,
1001 2993 1086 3075 quod
1110 2992 1145 3055 in
1168 2995 1310 3058 caesuris
1335 2997 1545 3063 observandis

268 3101 441 3167 admodum
459 3099 635 3184 neglegens
655 3104 719 3184 est,
742 3104 779 3163 ut
798 3120 893 3183 saepe
913 3100 998 3183 apud
1017 3121 1090 3163 eum
1110 3098 1183 3164 cola
1200 3123 1311 3166 versus
1331 3103 1548 3170 continuitate

265 3208 355 3273 verbi
378 3203 573 3294 (συναφείᾳ)
595 3205 682 3269 inter
705 3228 739 3270 se
763 3205 965 3270 cohaereant.

354 3312 477 3378 Pedes
510 3316 587 3376 sunt
620 3317 676 3375 ant
709 3311 873 3397 simplices
902 3316 958 3375 aut
986 3312 1167 3397 compositi.
1217 3312 1278 3377 Pes
1307 3314 1458 3401 simplex,
1490 3321 1547 3403 qui

265 3419 396 3506 proprie
424 3441 481 3504 pes
510 3418 644 3503 dicitur,
671 3418 864 3483 brevissima
890 3441 966 3502 pars
993 3418 1171 3503 rhythmici
1200 3419 1321 3484 ordinis
1344 3427 1395 3486 est
1418 3447 1456 3488 er
1480 3427 1545 3490 arsi

267 3533 300 3593 et
323 3527 409 3592 thesi
433 3531 595 3592 constans.
632 3524 694 3589 Pes
717 3524 930 3608 compositus,
954 3547 1049 3608 quem
1073 3530 1149 3588 sunt
1173 3525 1228 3608 qui
1251 3525 1391 3611 simplici
1414 3532 1546 3597 nomine

266 3635 456 3720 rhythmum
497 3632 624 3708 dicant,
666 3652 705 3694 ex
745 3631 872 3695 duobus
913 3631 1049 3715 pedibus
1091 3631 1292 3715 simplicibus
1332 3640 1462 3702 constat
1497 3638 1547 3703 ita

265 3742 448 3826 rhythmice
477 3737 659 3823 dispositis,
688 3741 725 3800 ut
752 3737 834 3800 alter
862 3736 957 3819 arsis,
986 3735 1088 3800 thesis
1116 3737 1198 3801 alter
1225 3739 1292 3803 vim
1321 3742 1481 3827 obtineat,
1508 3751 1546 3810 ut

266 3877 321 3916 Συ
338 3895 356 3916 r
375 3893 407 3916 ψ.
445 3845 547 3910 Pedes
569 3844 672 3929 igitur
696 3842 881 3927 compositi,
906 3863 987 3925 quos
1010 3863 1070 3905 uos
1094 3842 1223 3927 quidem
1245 3846 1396 3932 dicimus,
1421 3873 1440 3915 a
1459 3852 1547 3937 dipo-

266 3955 327 4019 diis
355 3976 421 4018 non
444 3953 610 4035 differunt3
638 3950 724 4033 quod
748 3971 821 4014 cum
845 3948 1029 4033 definimus,
1056 3949 1187 4015 minime
1210 3974 1271 4017 nos
1294 3954 1393 4041 sugit,
1420 3964 1546 4025 veteres

265 4060 468 4145 rhythmicos
501 4057 596 4123 aliter
628 4056 781 4138 sensisse,
812 4060 849 4118 ut
882 4054 1028 4138 dipodius
1061 4061 1093 4119 et
1122 4058 1193 4122 cola
1223 4064 1387 4127 communi
1415 4066 1546 4131 nominc

267 4169 381 4233 ποδῶν
414 4165 589 4232 συνθέτων
621 4162 920 4247 complecterentur.
967 4158 1029 4226 Sed
1059 4184 1099 4226 ne
1127 4165 1241 4231 turbae
1270 4177 1439 4237 orerentur
1466 4196 1546 4238 neve

266 4297 331 4360 res,
359 4297 439 4358 quas
468 4277 595 4357 poetae,
623 4292 762 4355 quorum
786 4268 962 4333 auctoritas
990 4268 1184 4353 plusquam
1213 4273 1362 4342 doctrina
1388 4278 1547 4363 rhythmi·

264 4403 377 4447 corum
406 4382 506 4457 valet,
538 4379 626 4444 varic
654 4380 850 4459 tractarunt,
882 4375 967 4439 inter
995 4396 1029 4438 se
1057 4376 1346 4469 confunderentur,
1377 4385 1545 4450 notionem

267 4488 357 4572 pedis
390 4486 563 4572 compositi
596 4483 791 4550 arctioribus
823 4481 982 4546 limitibus
1009 4482 1173 4549 includere
1202 4488 1305 4553 satius
1334 4491 1418 4555 duxi.
1465 4485 1545 4551 Cola

267 4598 390 4679 autem,
418 4615 500 4678 quae
528 4593 589 4657 hoc
617 4591 748 4655 nomine
772 4611 844 4653 vere
867 4588 966 4673 digna
989 4589 1069 4676 sint,
1098 4614 1136 4656 ex
1160 4594 1308 4678 pluribus
1332 4592 1469 4679 dipodiis
1493 4590 1543 4655 vel

266 4703 383 4767 saltem
406 4724 445 4766 ex
469 4701 575 4766 tribus
598 4700 735 4785 pedibus
759 4695 960 4780 simplicibus
984 4704 1133 4765 constare
1157 4702 1337 4767 definimus.
1378 4699 1487 4781 Atque
1511 4698 1555 4784 in

267 4810 367 4894 pedes
392 4830 504 4873 omnes
528 4830 640 4873 versus
664 4808 847 4890 solvuntur,
870 4804 1011 4869 sednon
1029 4829 1142 4873 omnes
1159 4830 1285 4892 versus,
1306 4804 1495 4889 priusquam
1512 4807 1547 4871 in
