3406 5378
215 386 263 439 Lx
720 387 997 439 PROLEGOMENA.

215 555 298 631 rant,
322 549 464 633 syllabas
489 549 647 633 ancipites
670 548 704 612 in
728 552 864 632 paterna
886 548 957 612 iura
980 570 1047 612 non
1069 548 1238 632 recipiunt.
1280 547 1497 632 Equestribus

214 656 361 721 victoriis
386 656 586 722 celebrandis
610 656 726 720 idonea
749 656 902 720 dicuntur
925 653 1089 739 0.1104,
1112 655 1195 718 unde
1218 655 1328 720 nescio
1352 679 1393 720 an
1415 678 1498 721 non·

213 763 296 828 nihil
329 764 447 828 coloris
480 786 519 827 ex
551 761 686 849 Phrygii
718 762 863 827 tibicinis
892 761 1024 848 Olympi
1056 761 1159 827 curuli
1191 784 1289 827 nomo
1318 761 1497 851 (ἁρματείῳ

216 873 317 957 νόμῳ,
340 893 368 934 v.
387 869 472 934 Plut.
491 872 529 934 de
549 892 630 934 mus.
649 867 685 956 9)
714 875 747 934 et
775 892 815 934 ex
837 869 977 934 vetustis
1006 869 1109 934 modis
1137 869 1349 954 pyrrichiacis
1376 869 1497 953 μέλους

215 980 421 1061 Καστορείου
436 975 480 1063 (v.
500 975 534 1040 P.
553 994 579 1039 11
598 975 656 1062 69)
675 976 841 1041 traxerint.
873 975 1026 1041 Aeolicos
1046 977 1169 1059 modos,
1188 997 1325 1059 quornm
1345 977 1496 1042 alacritas

215 1107 288 1149 cum
323 1085 446 1168 impetu
479 1083 594 1148 horur'n
628 1083 807 1148 carminum
839 1083 979 1148 maxime
1012 1083 1192 1167 conspirat,
1223 1083 1369 1147 disertim
1398 1088 1497 1167 poeta

215 1195 448 1255 commemorat
471 1188 506 1254 0.
527 1192 630 1255 [105.
659 1190 693 1254 P.
713 1208 737 1253 11
758 1192 810 1255 69.

302 1296 624 1382 Monostrophica
647 1298 817 1362 carmina
841 1302 917 1362 sunt
940 1296 1248 1382 dactylo-epitritioa
1266 1298 1373 1361 P.x11.
1393 1297 1432 1362 N.
1448 1316 1496 1382 lx,

211 1404 400 1490 logaoedica
419 1402 455 1468 Ο.
470 1422 539 1467 xrv.
564 1403 597 1468 P.
612 1422 656 1468 vl.
680 1404 721 1468 N.
740 1423 773 1469 11.
794 1423 838 1468 1v.
862 1405 885 1469 l.
901 1422 972 1487 vm,
996 1405 1079 1468 unde
1100 1409 1235 1488 apparet
1253 1405 1337 1470 hanc
1357 1405 1494 1470 formam

212 1533 316 1594 neque
341 1534 380 1575 ex
399 1510 584 1575 discrimine
603 1510 798 1577 Doricorum
817 1516 850 1575 et
869 1511 1077 1576 Aeolicorum
1097 1513 1271 1575 modorum
1285 1534 1397 1595 neque,
1421 1535 1494 1578 cunr

212 1618 322 1682 omnia
359 1618 458 1682 choro
496 1617 655 1681 cantanda
692 1618 853 1682 destinata
890 1618 970 1702 siut,
1006 1640 1045 1682 ex
1081 1617 1265 1683 imitatione
1302 1618 1494 1684 Lesbiorum

210 1728 381 1809 poetarum
405 1723 627 1808 explicandam
650 1747 729 1789 esse.
774 1724 835 1789 Sed
860 1747 1029 1790 commune
1054 1724 1199 1789 omnium
1222 1726 1337 1789 harum
1360 1726 1493 1790 odarum

211 1830 549 1915 monostrophicarum
572 1830 634 1895 hoc
658 1837 721 1916 est,
751 1833 838 1916 quod
861 1854 998 1918 pompae
1022 1837 1055 1895 et
1078 1833 1178 1896 choro
1203 1831 1365 1917 gradienti
1387 1832 1493 1897 factae

212 1942 296 2001 sunt,
337 1935 510 2001 Praeterea
533 1939 835 2024 monostrophicum
859 1944 909 2003 est
932 1941 1068 2003 σκόλιον
1091 1938 1128 2002 fr.
1150 1940 1228 2011 122„

299 2042 480 2108 Triarlica
500 2045 670 2110 carmina
686 2069 724 2111 ex
740 2047 875 2131 stropha
890 2046 1096 2130 antistropha
1109 2045 1212 2129 epodo
1228 2050 1392 2131 constant3
1410 2046 1493 2111 bano

210 2150 350 2216 formam
369 2174 442 2216 cum
462 2151 634 2216 saltatione
653 2153 743 2217 chori
758 2152 928 2218 cohaerere
943 2158 976 2217 et
990 2175 1009 2216 a
1023 2152 1147 2216 vicibus
1163 2156 1310 2216 motuum
1326 2152 1493 2217 choreuta·

210 2280 283 2322 rum
293 2259 389 2323 modo
399 2259 603 2323 dextrorsum
613 2260 709 2323 modo
721 2259 946 2325 sinistrorsum
957 2258 1205 2343 deflectendum,
1216 2260 1311 2324 modo
1321 2264 1491 2324 ontearum

210 2364 458 2429 consistentium
478 2366 637 2450 originem
657 2366 780 2450 cepisse
800 2367 988 2432 testimonio
1003 2365 1097 2432 Atilii
1113 2366 1317 2451 grammatici
1332 2390 1362 2451 p.
1378 2368 1443 2432 295
1452 2365 1492 2430 K.

209 2476 340 2536 constat
359 2477 391 2536 et
408 2472 481 2557 ipsa
499 2472 699 2557 etymologia
713 2474 946 2538 vocabulorum
962 2482 1109 2559 στροφῆς
1124 2471 1347 2558 ἀναστροφῆς
1362 2473 1492 2561 lapdon

209 2579 426 2643 confirmatur.
469 2576 599 2643 Pindari
622 2580 766 2645 carmina
789 2580 1075 2665 hyporchematica
1094 2584 1127 2643 et
1148 2580 1304 2663 paeonica
1322 2580 1490 2646 triadicam

209 2684 480 2769 compositionem
503 2708 580 2770 prae
605 2708 639 2751 se
657 2686 767 2751 ferunt
787 2687 905 2769 omnia,
927 2708 1030 2770 neque
1050 2691 1160 2750 tamen
1180 2708 1218 2750 ea
1235 2684 1355 2751 finibus
1374 2689 1491 2753 horum

208 2813 365 2877 generum
393 2793 572 2857 carminum
599 2793 648 2857 ita
674 2793 919 2877 circumscripta
947 2796 1010 2876 est,
1042 2796 1079 2854 ut
1105 2813 1171 2856 non
1198 2792 1233 2856 in
1261 2792 1334 2857 aliis
1363 2816 1491 2879 quoquc

209 2898 406 2964 carminibus
428 2899 613 2964 inveniatur
641 2904 675 2962 et
702 2899 846 2963 stasimis
875 2903 908 2962 et
935 2898 1121 2963 embateriis
1149 2922 1299 2965 necnon
1325 2900 1381 2985 iis,
1408 2924 1490 2986 quae

209 3010 245 3070 ut
272 3004 306 3070 P.
325 3023 361 3069 1v
390 3006 494 3092 magis
527 3005 738 3090 rhapsodicae
768 3004 953 3070 recitationi
981 3027 1078 3089 quam
1106 3004 1236 3071 chorico
1265 3008 1374 3072 cantui
1402 3009 1490 3073 facta

208 3134 279 3177 esse
302 3113 460 3177 videntur.

298 3217 465 3303 Legibus
503 3220 635 3284 soluta
673 3218 843 3284 carmina
875 3216 1118 3305 (ἀπολελυμένα
1149 3218 1246 3308 μέλη)
1279 3226 1369 3304 sunt,
1407 3243 1489 3304 quae

208 3324 334 3390 vicibus
354 3325 561 3409 stropharum
579 3325 816 3391 revolventium
835 3330 953 3391 carent.
987 3326 1080 3392 Talia
1094 3328 1238 3394 carmina
1250 3327 1336 3391 inter
1350 3327 1488 3410 epinicia

208 3430 340 3495 Pindari
363 3431 453 3496 nulla
476 3436 614 3517 exstant,
638 3433 693 3497 sed
718 3432 787 3498 eius
805 3433 930 3498 formae
948 3433 1049 3499 frnsse
1068 3434 1219 3499 ridentur
1237 3432 1436 3516 dithyrambi
1455 3437 1488 3496 et

206 3537 476 3623 hyporchemata‚
508 3561 645 3624 quorum
678 3540 863 3627 fragmenta
891 3542 933 3605 75
961 3546 996 3606 et
1024 3541 1087 3605 107
1120 3540 1214 3605 nobis
1243 3543 1371 3603 servata
1403 3542 1487 3618 sunt,

209 3666 404 3729 quamquam
428 3645 622 3711 Aristoteles
645 3646 749 3730 probl.
771 3649 883 3733 19,15
906 3669 947 3713 ne
968 3654 1092 3712 veteres
1114 3645 1339 3732 dithyrambos
1358 3644 1486 3729 quidem

208 3750 422 3836 antistrophis
446 3753 588 3818 caruisse
611 3754 786 3820 memoriae
808 3754 960 3840 prodidit.

703 3965 803 4032 Notas
826 3967 987 4032 metricas.

353 4112 372 4138 υ
408 4072 534 4155 syllaba
557 4073 673 4138 brevis.

353 4236 370 4245 -
408 4177 534 4262 syllaba
556 4180 656 4265 longa
680 4181 817 4244 duorum
841 4185 1033 4265 temporum.

353 4314 371 4350 s
409 4283 535 4367 syllaba
557 4307 674 4370 anceps
698 4308 757 4371 pro
782 4287 873 4352 brevi
895 4286 1011 4372 posita.

352 4423 371 4456 n
408 4390 532 4473 syllaba
555 4413 673 4477 anceps
697 4415 756 4477 pro
780 4394 879 4480 longa
901 4393 1018 4478 posita.

344 4525 379 4564 μ
407 4497 533 4582 syllaba
555 4499 655 4586 longa
679 4500 777 4565 trium
803 4507 995 4585 temporum.

343 4632 379 4673 aa
406 4605 531 4689 syllaba
554 4605 653 4692 longa
676 4612 818 4690 quatuor
841 4613 1032 4692 temporum.

344 4745 381 4779 ιω
406 4712 531 4795 syllaba
554 4713 652 4798 longa
674 4714 815 4798 quinque
839 4720 1032 4798 temporum.

318 4880 332 4885 -
353 4864 387 4887 oc
407 4820 553 4904 dactylus
577 4819 683 4884 iustus
707 4825 848 4903 quatuor
871 4825 1063 4906 temporum.
