3406 5378
209 314 273 378 326
680 314 828 366 umnam
847 313 1012 368 semrom.

210 483 282 543 olim
306 485 427 543 coactus
450 482 510 540 fuit
533 474 574 563 (v.
594 473 652 562 35),
677 480 714 539 ad
734 480 837 539 turbas
856 479 966 558 civiles,
991 499 1067 556 quae
1086 480 1165 539 bella
1183 480 1305 540 Persica
1326 478 1513 556 sequeban-

209 576 268 650 tur,
294 572 445 633 commode
469 571 573 631 referri
592 573 725 647 possunt.
762 569 898 646 Denique
917 570 990 628 haec
1008 573 1144 645 tempora
1160 569 1235 629 bene
1254 588 1327 630 cum
1349 589 1399 646 eo,
1423 568 1514 645 quod

209 661 272 721 Ceii
287 661 452 720 Pindarum
466 660 641 720 Thebanum
660 660 698 719 ad
717 679 861 735 paeanem
879 658 1071 737 pangendum
1090 658 1264 718 conduxisse
1285 658 1316 716 in
1338 657 1513 735 prooemio

202 750 363 829 dicuntur,
377 750 558 826 conspirant.
586 749 658 808 Inde
673 749 752 808 enim
766 748 864 807 nescio
883 767 922 807 an
941 747 1080 825 colligere
1100 747 1197 825 liceat,
1216 750 1286 823 post
1305 746 1513 807 Simonidem

209 839 313 899 Geium
342 842 496 898 mortuum
524 830 565 918 (a.
589 830 668 919 aaa)
697 838 752 898 hoo
776 857 893 897 carmen
917 836 1062 912 scriptum
1086 855 1157 896 esse.
1203 838 1315 896 Contra
1342 855 1364 894 a
1389 836 1512 895 iuvene

209 928 339 987 Pindaro
363 928 394 986 id
417 929 531 987 factum
556 946 617 987 esse
641 927 805 986 arbitratus
825 930 870 986 est
890 926 981 1001 Leop.
1002 925 1121 985 Schmid
1140 926 1224 984 Pind.
1243 924 1314 984 Leb.
1338 945 1369 1002 p.
1391 936 1453 984 4⁶23
1471 944 1511 985 ss,

300 1017 336 1075 In
365 1016 517 1093 prooemio
547 1019 637 1092 poeta
665 1035 810 1092 paeanem
834 1016 912 1075 Oeiis
943 1015 1111 1075 faciendum
1136 1035 1165 1074 se
1192 1015 1223 1073 in
1251 1014 1341 1072 aliud
1375 1018 1513 1092 tempus

211 1107 377 1166 dilaturum
400 1106 452 1182 ait,
475 1108 511 1163 ut
534 1108 624 1163 antea
647 1105 774 1181 patriam
797 1124 891 1182 suam,
910 1124 987 1181 quae
1007 1124 1056 1162 sex
1075 1104 1215 1163 victorias
1233 1103 1376 1163 Isthmiis
1395 1124 1512 1181 repor-

212 1196 331 1274 taverit,
354 1197 384 1254 et
407 1194 594 1253 Herodotum
613 1194 716 1271 civem,
736 1193 787 1269 qui
807 1193 869 1269 ipse
888 1194 1019 1251 habenas
1038 1212 1182 1268 equorum
1202 1193 1234 1251 in
1252 1192 1305 1252 illo
1327 1194 1513 1253 certamine

210 1285 332 1361 rexerit,
362 1285 471 1360 hymno
503 1283 635 1359 equestri
669 1283 698 1340 in
729 1281 851 1341 modum
878 1282 954 1341 Iolai
982 1285 1013 1340 et
1041 1282 1171 1341 Pollucis
1199 1281 1335 1340 illustret
1365 1274 1509 1363 (1-16).

210 1379 273 1433 Iam
295 1373 416 1433 fabulae
438 1372 502 1432 vice
526 1373 696 1450 funguntur
718 1370 823 1430 laudes
846 1369 966 1429 illorum
989 1371 1126 1448 heroum,
1155 1371 1207 1446 qui
1231 1371 1341 1446 optimi
1367 1372 1509 1450 aurigae

211 1462 325 1522 fuerint
343 1466 374 1521 et
391 1464 545 1539 praeterea
564 1462 661 1521 multa
679 1460 812 1536 praemia
832 1479 922 1519 cursu
940 1459 1038 1520 iaculo
1059 1459 1139 1519 disco
1159 1459 1324 1518 meruerint
1344 1451 1507 1541 (la-31).

210 1552 284 1611 Post
301 1551 389 1610 breve
408 1551 464 1610 hoc
482 1550 672 1626 praeconium
691 1550 815 1608 heroum
829 1550 867 1608 ad
881 1551 1050 1625 praesentes
1065 1568 1112 1608 res
1126 1549 1260 1624 relapsus
1274 1549 1505 1624 Asopodorum

211 1640 356 1700 Herodoti
379 1643 495 1715 patrem
518 1638 753 1698 illustrissimum
776 1641 879 1696 narrat
901 1641 969 1714 post
991 1638 1138 1697 horrenda
1160 1636 1321 1716 naufragia
1346 1637 1507 1699 Thebana

212 1731 242 1788 in
265 1731 391 1806 paterna
414 1747 485 1786 rura
505 1726 702 1787 Orchomenia
721 1746 750 1786 se
769 1727 922 1803 recepisse,
946 1726 996 1784 sed
1020 1725 1081 1785 iam
1103 1726 1231 1802 pristina
1254 1727 1382 1786 fortuna
1408 1728 1504 1788 resti·

212 1822 280 1878 tuta
295 1817 391 1876 filium
404 1817 467 1875 eius
482 1817 668 1893 equestrium
682 1816 878 1875 certaminum
892 1815 1005 1893 gloriae
1019 1818 1223 1892 potiusquam
1237 1815 1279 1874 rei
1293 1816 1504 1891 pecuniariae

212 1905 353 1984 quaestui
381 1925 501 1982 operam
528 1906 710 1982 impendere,
738 1905 817 1963 unde
844 1904 969 1982 dignum
997 1923 1065 1962 eum
1089 1924 1163 1982 esse,
1188 1925 1277 1981 quem
1299 1908 1416 1980 poetae
1443 1925 1503 1966 suo

212 2015 333 2056 munere
358 1999 464 2055 ornent
487 1987 630 2076 (aa-51).
673 1994 751 2053 Exin
773 1993 871 2052 varias
893 1992 1036 2052 victorias
1059 1993 1203 2053 Herodoti
1227 1998 1396 2072 enumerat,
1424 2015 1503 2055 eun·

212 2087 338 2163 demque
357 2085 449 2144 etiam
467 2085 609 2161 Pythiam
628 2086 659 2143 et
677 2081 847 2159 Olympiam
867 2100 990 2141 coronas
1010 2084 1149 2158 appetere
1168 2081 1318 2161 significat
1337 2076 1503 2168 (ea—67);

215 2176 253 2234 ad
270 2178 456 2252 postremum
474 2174 572 2233 virum
591 2175 754 2249 strenuum,
769 2170 821 2247 qui
840 2172 879 2230 ad
897 2171 1002 2230 laudes
1020 2171 1214 2231 victoriarum
1228 2172 1350 2249 aspiret,
1365 2173 1446 2234 licet
1460 2176 1502 2234 ab

212 2264 330 2343 ignaris
353 2263 467 2323 civibus
490 2261 736 2339 reprehendatur,
759 2261 857 2319 solum
879 2263 980 2320 tamen
1004 2261 1101 2320 famae
1124 2261 1310 2336 posteritatis
1333 2264 1502 2324 consulere

211 2353 372 2431 praedicat.

301 2440 450 2500 Thebanis
474 2439 588 2499 civibus
610 2444 730 2516 praeter
752 2440 807 2499 hoc
830 2459 947 2499 carmen
971 2439 1119 2498 Pindarus
1138 2439 1266 2515 epinicia
1284 2439 1316 2499 P.
1337 2459 1378 2498 xi.
1406 2442 1431 2500 I.
1453 2462 1500 2502 su.

212 2549 251 2590 rr.
270 2548 313 2589 vu
337 2529 464 2606 scripsit.
501 2528 583 2587 Idem
602 2529 719 2605 patriae
743 2528 849 2588 decora
872 2527 1028 2588 exornavit
1051 2528 1080 2586 in
1104 2528 1231 2604 hymnis,
1255 2548 1387 2605 quorum
1414 2533 1500 2592 relli-

213 2619 300 2696 quias
330 2619 366 2676 fr.
389 2630 494 2677 00-30
525 2618 664 2678 collectas
694 2617 797 2694 habes,
827 2618 859 2676 in
888 2618 1133 2694 hyporohemate,
1163 2617 1249 2677 cuius
1278 2638 1384 2678 versus
1403 2622 1500 2682 ,cele-

180 2712 182 2716 ’
213 2708 356 2767 herrimos
374 2707 518 2784 Polybius
542 2706 673 2766 servavit
692 2697 741 2785 (fr.
763 2719 821 2764 100.
843 2699 917 2786 110),
941 2706 1069 2782 denique
1092 2706 1122 2764 in
1147 2707 1336 2783 dithyrambo
1360 2728 1500 2788 magnae

212 2797 283 2857 deae
303 2790 353 2878 (fr.
372 2789 421 2875 83)
440 2798 471 2855 et
488 2795 645 2872 parthenio
667 2794 755 2852 Panis
775 2787 825 2875 (fr.
845 2788 903 2875 05).
941 2796 975 2853 ln
999 2795 1148 2854 Thebanis
1171 2817 1240 2855 voro
1265 2796 1405 2872 epiniciis
1425 2818 1501 2860 curn

212 2887 243 2944 in
267 2886 337 2945 aliis
360 2889 425 2944 tum
456 2885 486 2942 in
514 2885 581 2961 hoo,
612 2884 692 2959 quod
723 2886 901 2963 tractamuS,
931 2887 1036 2960 poetae
1068 2905 1152 2944 amor
1178 2885 1294 2961 patriae
1322 2886 1442 2947 eminet
1466 2892 1502 2948 et

213 2976 293 3035 dulci
317 2993 405 3033 sensu
428 2974 562 3032 animum
585 2973 703 3032 lectoris
727 2972 829 3051 afficit,
853 2973 924 3033 licet
946 2974 1046 3033 ieiuna
1070 2975 1200 3050 quadam
1219 2974 1368 3034 tenuitate
1389 2995 1500 3036 rerum

213 3068 244 3124 et
266 3062 483 3124 sententiarum
505 3081 599 3138 paene
624 3063 723 3122 omnia
747 3063 875 3138 epinicia
899 3063 1039 3122 Thebana
1061 3063 1205 3122 laborent.

753 3216 797 3282 Da
819 3217 941 3282 nstris.

303 3327 450 3388 Carminis
474 3328 616 3407 festinati,
639 3329 688 3388 cui
711 3349 747 3387 ne
772 3328 875 3388 fabula
899 3330 1018 3405 quidem
1042 3330 1228 3389 exornandae
1252 3334 1341 3406 poeta
1359 3333 1500 3411 vacavit,

212 3419 352 3495 vulgares
375 3417 492 3476 numeri
517 3417 791 3494 dactylo-epitritici
815 3422 894 3478 sunt.
941 3418 1086 3493 Strophae
1110 3437 1212 3479 versus
1236 3423 1362 3495 quartus
1385 3440 1499 3482 mono·

213 3508 304 3583 colos,
335 3527 424 3584 quem
455 3526 525 3565 cum
555 3507 643 3564 tertio
673 3507 703 3565 in
733 3527 828 3567 unum
852 3528 970 3568 versum
994 3508 1206 3568 Mommsenius
1229 3509 1397 3586 coniunxit,
1423 3530 1498 3570 cum

212 3596 318 3673 quinto
353 3597 454 3673 potius
489 3594 713 3671 coniungendas
748 3615 810 3655 osse
846 3597 977 3673 videtur,
1012 3601 1047 3655 ut
1079 3600 1144 3656 tota
1174 3598 1297 3674 stropha
1326 3617 1361 3656 ex
1392 3600 1498 3659 tribus

211 3684 358 3762 pericopis
388 3686 479 3759 (1—3.
502 3696 581 3744 4-5.
606 3675 636 3762 0)
662 3684 826 3759 composite
857 3685 904 3742 sit.
949 3684 1133 3744 Sententiam
1165 3687 1189 3744 si
1220 3690 1349 3762 spectas,
1380 3688 1498 3748 tertius

211 3774 376 3834 versiculus
399 3774 486 3834 modo
510 3773 598 3849 epodi
622 3773 683 3831 vice
707 3773 846 3850 fungitur
865 3765 925 3853 (vv.
945 3785 968 3831 4.
990 3785 1032 3833 aa.
1053 3766 1110 3853 38),
1134 3775 1221 3834 modo
1245 3775 1349 3851 proodi
1370 3768 1413 3855 (v.
1433 3771 1497 3859 55),

210 3864 298 3923 modo
323 3864 436 3923 medius
460 3863 613 3938 utrimque
636 3863 745 3936 pendet
767 3858 828 3943 (vv.
850 3874 891 3921 10.
910 3874 953 3922 44.
974 3856 1036 3943 61),
1065 3865 1099 3922 ef.
1120 3862 1153 3924 Ο,
1174 3882 1228 3921 v111
1252 3885 1297 3940 ep.
1318 3877 1332 3921 e
1357 3865 1389 3923 P.
1410 3884 1446 3924 111
1468 3879 1497 3944 a,

211 3953 235 4011 Ι.
255 3972 273 4010 v
293 3965 318 4011 4.
364 3952 525 4028 Stropham
553 3954 583 4010 et
611 3950 738 4027 epodum
766 3952 904 4010 similiter
927 3957 1019 4029 atque
1050 3953 1081 4010 in
1109 3953 1238 4012 carmine
1266 3954 1302 4012 N.
1321 3971 1341 4011 x
1363 3972 1496 4029 proeero

212 4062 298 4102 versu
322 4044 411 4118 poeta
434 4040 557 4119 claudit,
581 4041 709 4100 sednon
728 4041 830 4099 eadem
850 4060 910 4117 qua
931 4042 960 4099 in
979 4042 1032 4100 illo
1052 4041 1209 4120 diligentia
1229 4043 1328 4101 orbem
1347 4044 1496 4120 strophae

212 4131 416 4206 antistrophae
442 4130 529 4206 epodi
555 4131 687 4205 perfecta
712 4134 743 4188 et
768 4130 907 4189 absoluta
930 4131 1078 4189 sententia
1102 4132 1336 4191 concludendum
1360 4134 1496 4193 curarit.

212 4221 373 4278 Cantatum
397 4224 441 4277 est
464 4220 519 4278 hoc
543 4239 660 4278 carmen
684 4238 702 4276 a
725 4219 814 4278 choro
838 4219 868 4277 in
892 4220 1101 4279 comissatione
1125 4221 1255 4297 publica,
1279 4220 1357 4279 unde
1380 4220 1496 4283 decora

212 4308 294 4366 urbis
313 4307 481 4366 Thebarum
501 4307 597 4385 magis
617 4326 706 4383 quam
728 4308 917 4383 Strepsiadae
936 4309 1058 4368 victoris
1078 4310 1297 4385 praedicantur.
1328 4309 1496 4371 Praeterea

212 4417 247 4455 ex
267 4396 398 4455 versibus
419 4408 433 4454 7
453 4399 484 4454 et
504 4408 536 4454 15
556 4396 633 4455 effici
657 4397 776 4456 videtur
799 4397 946 4456 similibus
970 4399 1025 4457 hoc
1049 4418 1166 4458 cannen
1191 4404 1283 4475 atque
1307 4399 1435 4474 hymnos
1461 4399 1495 4460 in

212 4485 354 4545 victorias
377 4486 496 4544 curules
520 4486 653 4544 Castoris
680 4490 711 4544 et
734 4486 809 4545 Iolai
833 4487 928 4546 modis
952 4488 1117 4547 saltatoriis
1140 4492 1241 4547 actum
1265 4506 1336 4548 esse.
1374 4486 1495 4549 Tamen

214 4594 250 4633 ne
281 4575 318 4632 ad
349 4575 443 4633 instar
473 4574 603 4649 prosodii
634 4580 729 4633 metra
759 4576 898 4635 carminis
927 4576 1102 4655 refingerem
1132 4597 1292 4653 omnesque
1322 4594 1427 4635 versus
1461 4578 1495 4637 in

213 4663 348 4739 dipodius
383 4683 530 4741 cogerem,
566 4664 741 4723 catalectico
776 4664 905 4740 tripodia
938 4666 1013 4724 sexti
1046 4686 1147 4724 versus
1183 4668 1322 4743 strophae
1356 4666 1496 4741 prohibi·

213 4758 262 4811 tus
287 4773 360 4812 sum.
