3406 5378
704 384 830 434 nanas
848 384 895 435 1v.
1375 379 1440 444 259

168 550 251 612 ficari
273 551 426 611 coniciam.
463 550 536 610 Inde
559 551 615 611 hoc
638 570 755 611 cannen
780 551 859 609 inter
877 553 940 610 467
961 554 992 609 et
1010 553 1083 628 463,
1107 550 1309 610 verisimiliter
1329 571 1355 609 a.
1376 553 1439 611 465

164 642 308 717 scriptum
333 658 395 699 esse
419 645 535 716 statuo;
563 641 611 699 cui
635 640 801 699 sententiae
825 658 935 718 magna
958 658 1077 715 quoque
1101 640 1184 698 favet
1206 640 1371 699 similitudo
1396 661 1440 698 re·

164 751 231 789 rum
255 733 286 788 et
308 729 481 805 mythorum
503 729 535 787 in
559 731 613 788 hoc
636 733 666 788 et
690 730 721 787 in
744 729 936 788 antecedente
960 728 1089 787 carmine
1118 727 1154 786 N.
1175 747 1208 785 111
1232 730 1439 789 tractatorum.

165 819 277 879 Contra
304 818 393 895 Leop.
418 818 565 895 Schmidt,
594 818 679 877 Pind.
702 817 773 877 Leb.
796 839 824 893 p.
844 829 895 877 447
919 838 954 877 ex
977 838 1022 877 vv.
1042 829 1131 876 41-3
1156 819 1277 896 collegit
1299 818 1354 877 hoc
1377 838 1440 877 car-

164 929 232 968 men
256 928 274 966 a
297 907 426 966 Pindaro
450 926 486 965 ea
509 911 609 967 aetate
633 907 777 982 scriptum
801 927 872 984 esse,
896 927 957 983 qua
980 907 1112 965 nondum
1135 907 1173 965 ad
1197 926 1347 966 summum
1366 907 1440 965 artis

165 1003 196 1057 et
218 999 315 1056 famae
339 996 495 1074 fastigium
519 998 710 1072 pervenisset.

254 1087 288 1145 ln
311 1086 429 1144 exordio
453 1088 614 1161 postquam
637 1089 726 1162 poeta
749 1085 811 1144 vim
833 1085 1039 1145 recreatrioem
1062 1086 1160 1161 poesis
1184 1087 1253 1162 post
1271 1086 1440 1145 exantlatos

166 1177 283 1236 labores
301 1175 472 1234 certaminis
491 1175 657 1233 illustravit
671 1167 780 1255 (1-8),
796 1175 899 1233 statim
918 1175 956 1233 ad
970 1175 1111 1234 victorias
1126 1175 1309 1235 Timasarchi
1324 1175 1441 1251 transit,

167 1285 243 1343 quas
272 1264 362 1324 etiam
391 1267 477 1340 pater
505 1265 582 1340 eius,
611 1265 635 1322 si
664 1264 821 1322 etiamtum
847 1264 925 1322 inter
952 1263 1037 1323 vivos
1064 1266 1154 1341 esset,
1184 1264 1290 1323 fidibus
1313 1267 1441 1341 caneret,

167 1354 222 1413 filii
251 1354 379 1412 laudans
407 1372 531 1412 coronas
558 1353 678 1411 Nemnis
702 1357 733 1411 et
755 1353 987 1412 Atheniensibus
1011 1358 1042 1411 et
1065 1354 1213 1412 Thebanis
1237 1354 1316 1412 ludis
1338 1359 1441 1430 partas

167 1435 293 1526 (9—24).
340 1441 449 1501 Thebis
476 1461 544 1500 cum
568 1442 778 1500 Timasarchus
804 1441 949 1502 Heraclea
976 1442 1108 1519 vicisset,
1135 1442 1273 1501 Herculis
1300 1445 1331 1501 et
1354 1442 1442 1501 Tela-

168 1533 265 1592 monis
290 1532 463 1591 societatem
487 1550 636 1590 armorum
660 1531 914 1608 gloriosissimam,
933 1532 1054 1590 Troiam
1077 1535 1288 1610 expugnatam,
1306 1532 1441 1608 Meropes

167 1622 314 1698 devictos,
338 1621 523 1696 Alcyoneurn
551 1625 726 1697 superatum
756 1621 903 1679 succincte
932 1621 1024 1679 refert
1047 1613 1191 1702 (ao-32).
1238 1621 1302 1680 Iarn
1325 1621 1362 1679 ab
1385 1622 1442 1680 hac

167 1711 272 1770 fabula
294 1710 414 1787 longius
438 1711 641 1786 persequenda
665 1730 694 1768 se
718 1714 851 1787 revocat,
875 1713 911 1768 ut
933 1729 1005 1769 suae
1030 1710 1103 1767 artis
1126 1711 1224 1788 legem
1247 1713 1368 1770 secutus
1391 1711 1441 1769 ob-

168 1804 363 1859 trectatorum
388 1798 545 1858 calumniis
567 1799 685 1858 reiectis
709 1799 820 1876 ingenii
845 1799 928 1858 dotes
951 1799 1007 1858 sibi
1031 1801 1140 1857 natura
1160 1799 1309 1877 ingenitas
1329 1800 1443 1876 pandat

168 1881 311 1970 (33-46).
357 1888 404 1946 Sic
429 1888 481 1945 ubi
505 1888 591 1963 quasi
615 1889 708 1946 altero
733 1888 883 1963 prooemio
907 1888 987 1947 viam
1011 1888 1048 1946 ad
1071 1888 1218 1964 reliquam
1241 1892 1358 1965 partem
1381 1888 1441 1963 epi-

167 1978 238 2037 nicii
257 1977 463 2053 perficiendam
489 1978 544 2035 sibi
569 1977 696 2054 paravit,
715 1977 931 2053 Aeginetarum
954 1978 1078 2036 heroum
1098 1997 1168 2053 opes
1187 1997 1278 2053 quam
1297 1977 1441 2035 latissime

167 2067 300 2143 patuisse
326 2066 459 2141 exponit:
485 2066 638 2124 Salamina
662 2066 804 2142 Cypriam
827 2085 845 2123 a
868 2066 982 2125 Teucro
1006 2067 1157 2126 conditam
1181 2086 1252 2143 esse,
1277 2066 1375 2125 albam
1401 2066 1443 2124 in-

169 2157 266 2214 sulam
291 2156 376 2231 ponti
399 2155 510 2213 Euxini
534 2156 571 2214 ab
595 2156 711 2213 Achille
735 2155 838 2229 teneri,
862 2155 981 2213 'Thetidi
1004 2155 1146 2214 Phthiam
1166 2156 1368 2214 Thessalicam
1391 2175 1442 2230 pa·

168 2246 272 2321 ruisse,
297 2245 327 2302 in
350 2244 442 2319 Epiro
466 2244 655 2319 Neoptolemi
680 2244 851 2321 progeniem
874 2263 1007 2321 regnare,
1031 2244 1154 2303 Peleum
1172 2244 1286 2304 Iolcum
1304 2263 1443 2321 regnum-

169 2354 227 2411 que
251 2332 355 2410 perfidi
379 2334 482 2391 Acasti
507 2352 704 2411 expugnasse3
728 2333 855 2408 denique
879 2333 1011 2411 longiuS,
1035 2336 1070 2390 ut
1093 2334 1124 2392 in
1147 2334 1341 2410 carminibuS,
1366 2351 1443 2409 quae

170 2423 326 2482 iuvenibus
351 2423 388 2479 ad
411 2424 527 2480 faustos
554 2424 733 2497 hymenaeos
757 2422 816 2478 iam
841 2422 1064 2498 adspirantibus
1087 2423 1214 2499 scripsit,
1238 2424 1334 2482 facere
1358 2424 1443 2500 solet,

170 2512 293 2589 nuptias
316 2511 398 2569 Pelei
422 2516 452 2570 et
471 2511 604 2569 Thetidis
628 2511 699 2569 deae
723 2511 912 2586 persequitur
935 2503 1080 2591 (tt—72).
1112 2511 1184 2570 Inde
1207 2511 1259 2569 ubi
1283 2530 1313 2571 se
1336 2511 1374 2569 ad
1397 2530 1444 2569 res

168 2604 338 2677 praesentes
367 2604 398 2657 et
425 2600 529 2658 laudes
560 2601 681 2658 victoris
711 2600 834 2675 eiusque
864 2600 962 2677 gentis
991 2601 1156 2677 revocavit,
1187 2601 1443 2660 Theandridarum

169 2692 317 2750 virtutum
342 2689 471 2766 insignia
499 2689 678 2747 documenta
702 2687 849 2765 Olympiis
878 2689 1010 2747 lsthmiis
1038 2690 1157 2749 Nemeis
1185 2693 1300 2748 exstare
1328 2689 1443 2766 praedi-

169 2783 226 2855 cat,
251 2779 392 2837 avunculi
417 2777 549 2836 Calliclis
572 2778 729 2838 victoriam
752 2778 924 2836 Isthmicum
948 2779 1079 2855 praemio
1099 2778 1214 2854 poetico
1234 2779 1323 2837 Paria
1342 2782 1444 2837 statua

169 2869 284 2946 potiore
309 2868 430 2945 dignam
454 2886 516 2926 esse
540 2868 662 2945 fatetur,
686 2867 812 2943 denique
837 2867 974 2927 llelesiae
999 2867 1111 2943 aliptae
1135 2867 1343 2926 dexteritatem
1371 2868 1444 2925 ima·

169 2959 237 3037 gine
261 2977 280 3017 a
302 2957 385 3016 lucta
407 2957 504 3032 petita
527 2957 570 3014 ita
594 2957 735 3033 illustrat,
759 2959 794 3014 ut
817 2956 907 3015 simul
929 2956 1116 3033 Euphanem,
1140 2976 1230 3015 avum
1251 2956 1443 3034 Timasarchi,

169 3047 303 3124 poeticae
332 3046 406 3104 artis
434 3047 538 3105 laurea
566 3065 674 3106 corona
701 3050 787 3104 ornet
810 3078 851 3086 —
877 3045 1032 3104 Uberrima
1058 3065 1159 3105 rerum
1181 3046 1213 3103 in
1236 3046 1291 3105 hoc
1315 3046 1444 3105 carmine

170 3136 373 3212 expositarum
396 3136 483 3211 copia
506 3135 573 3193 inde
597 3135 724 3193 maxime
747 3136 820 3192 nata
847 3137 904 3210 est,
934 3134 1014 3210 quod
1038 3138 1127 3211 poete
1150 3154 1209 3193 non
1232 3134 1263 3192 in
1286 3154 1349 3193 una
1371 3154 1444 3212 qua-

170 3225 238 3283 dam
261 3224 366 3283 fabula
390 3224 538 3282 narranda
562 3227 695 3282 moratus
719 3226 776 3298 est,
806 3222 857 3281 sed
880 3223 919 3280 ad
941 3223 1041 3281 varias
1065 3223 1183 3281 fabulas
1207 3223 1333 3283 deflexit.
1379 3224 1444 3282 Hac

170 3314 201 3372 in
224 3334 255 3373 re
280 3313 465 3372 simillimum
489 3313 544 3371 hoc
567 3332 684 3371 carmen
709 3315 755 3370 est
777 3312 942 3370 carminum
965 3312 1002 3370 N.
1022 3330 1064 3372 111.
1084 3331 1123 3370 vr.
1143 3332 1171 3371 x,
1200 3309 1234 3371 Ο.
1254 3331 1318 3391 1111,
1343 3313 1444 3371 eodem

172 3404 232 3463 fere
257 3406 388 3478 tempore
413 3404 575 3477 factorum,
600 3401 752 3478 dissimile,
776 3405 811 3459 ut
834 3401 898 3460 sola
920 3401 1097 3478 Aeginetica
1120 3421 1359 3478 commemorem,
1382 3421 1445 3461 ear-

172 3492 285 3550 minum
306 3490 339 3550 Ο.
359 3509 423 3548 vnr.
447 3492 483 3551 N.
502 3511 529 3550 v.
554 3491 576 3549 l.
596 3510 623 3548 v.
644 3509 707 3548 vrn.
745 3490 850 3565 Neque
874 3490 1003 3549 defuisse
1027 3491 1086 3548 iam
1111 3491 1189 3549 inter
1211 3492 1353 3568 aequales
1376 3491 1444 3549 Pin·

171 3582 249 3657 dari,
278 3580 387 3656 quibus
415 3580 487 3639 haec
515 3600 614 3638 rerum
644 3579 828 3638 abundantia
846 3584 886 3637 'et
913 3580 1052 3637 subitarii
1080 3581 1225 3638 transitus
1253 3581 1290 3638 ab
1319 3598 1381 3638 una
1408 3580 1447 3637 ad

174 3670 265 3729 aliam
288 3669 421 3727 fabulam
446 3669 646 3746 displicerent,
670 3689 705 3727 ex
727 3668 862 3727 versibus
885 3668 922 3727 N.
942 3688 973 3727 1v
997 3680 1101 3727 33-43
1125 3669 1339 3747 cognoscimus.

714 3823 759 3886 De
781 3823 903 3888 metris.

260 3937 406 3995 Carminis
424 3936 513 3994 huius
532 3935 695 3994 dulcissimi
715 3935 793 3995 modi
814 3940 885 3993 sunt
903 3936 991 4011 Lydii
1006 3927 1047 4017 (v.
1062 3928 1119 4016 lo),
1136 3936 1251 3994 numeri
1271 3937 1446 4014 logaoedici,

172 4027 283 4086 similes
307 4027 446 4085 carminis
471 4024 563 4102 0.1x,
588 4025 645 4083 nisi
669 4025 749 4101 quod
773 4025 827 4084 hoc
851 4044 969 4084 carmen
993 4025 1087 4101 epodo
1111 4030 1193 4084 caret
1211 4029 1242 4083 et
1263 4028 1359 4084 metra
1382 4025 1447 4084 eius

168 4116 328 4195 graciliora
348 4116 510 4190 eademque
530 4115 680 4189 apertiora
700 4116 778 4172 sunt.
807 4114 919 4172 Versus
938 4114 1017 4173 enim
1036 4133 1137 4173 omnes
1156 4115 1246 4173 facile
1264 4114 1296 4172 in
1310 4115 1446 4190 dipodias

170 4206 213 4263 ita
231 4205 324 4263 dividi
345 4207 479 4281 possunt,
498 4206 535 4260 ut
553 4203 690 4278 tripodiis
709 4203 767 4261 nisi
787 4203 817 4261 in
836 4203 980 4262 clausulis
1004 4221 1144 4262 versuum
1167 4203 1250 4263 locus
1274 4223 1333 4261 non
1357 4204 1445 4263 relin-

170 4297 290 4370 quatur.
324 4293 442 4353 Tertius
461 4311 564 4351 versus
584 4293 732 4368 quomodo
756 4292 933 4351 dividendus
957 4293 1004 4369 sit,
1029 4292 1138 4351 indicio
1162 4297 1208 4351 est
1231 4311 1355 4351 caesura
1377 4299 1447 4369 post

170 4388 308 4443 octavam
321 4382 468 4459 syllabam
488 4382 517 4439 in
538 4382 674 4440 omnibus
693 4382 823 4457 strophis
843 4386 960 4457 praeter
974 4381 1131 4456 septimam
1146 4382 1311 4441 observata.
1338 4382 1445 4441 Ultimi

169 4491 273 4532 versus
292 4473 388 4548 prima
408 4471 525 4547 syllaba
543 4491 602 4530 non
622 4471 775 4529 anacrusis
790 4470 853 4529 vice
872 4471 968 4548 fungi,
982 4470 1033 4529 sed
1048 4475 1165 4547 partem
1179 4470 1292 4546 primae
1307 4471 1444 4547 dipodias

169 4560 284 4621 efficere
312 4562 439 4621 videtur.
486 4560 562 4619 Tota
593 4560 622 4617 in
653 4561 776 4634 stropha
804 4560 1006 4635 componenda
1036 4578 1102 4618 eam
1129 4560 1227 4637 legem
1254 4560 1444 4636 symmetriae

169 4655 259 4726 poeta
287 4654 406 4710 secutus
434 4653 491 4726 est,
523 4652 558 4706 ut
588 4649 717 4707 mediam
740 4651 855 4724 partem
878 4649 1074 4724 principalem
1098 4669 1133 4707 ex
1156 4652 1288 4725 quatuor·
1310 4649 1445 4708 versibus

170 4743 357 4799 constantem
385 4730 445 4819 (vv.
466 4744 550 4817 3-6)
576 4737 746 4796 bimembris
775 4737 910 4813 partibus
939 4739 1042 4796 (lextra
1071 4732 1132 4818 (vv.
1154 4738 1237 4817 1—2)
1266 4743 1297 4795 et
1325 4738 1446 4796 sinistra

170 4822 232 4911 (vv.
253 4841 337 4909 7—s)
356 4829 495 4905 cingeret.
532 4828 573 4884 lle
597 4827 752 4903 affinitate,
777 4846 853 4901 «quae
877 4828 955 4885 inter
978 4829 1073 4885 metra
1097 4827 1186 4885 huius
1210 4827 1283 4884 odae
1307 4832 1338 4884 et
1362 4826 1396 4885 f).
1418 4845 1446 4883 rx

1186 4925 1236 4978 17*
