<?xml version="1.0" encoding="UTF-8"?>
<!DOCTYPE html PUBLIC "-//W3C//DTD XHTML 1.0 Transitional//EN"
    "http://www.w3.org/TR/xhtml1/DTD/xhtml1-transitional.dtd">
<html xmlns="http://www.w3.org/1999/xhtml" xml:lang="en" lang="en">
 <head>
  <title>
</title>
<meta http-equiv="Content-Type" content="text/html;charset=utf-8" />
  <meta name='ocr-system' content='tesseract 3.04.00' />
  <meta name='ocr-capabilities' content='ocr_page ocr_carea ocr_par ocr_line ocrx_word'/>
</head>
<body>
  <div class='ocr_page' id='page_1' title='image "./pindaricarminap00pindgoog_0075.png"; bbox 0 0 3406 5378; ppageno 0'>
   <div class='ocr_carea' id='block_1_1' title="bbox 358 336 1135 395">
    <p class='ocr_par' dir='ltr' id='par_1_1' title="bbox 358 336 1135 395">
     <span class='ocr_line' id='line_1_1' title="bbox 358 336 1135 395; baseline 0.003 -3"><span class='ocrx_word' id='word_1_1' title='bbox 358 336 409 393; x_wconf 85' lang='lat' dir='ltr'>LII</span> <span class='ocrx_word' id='word_1_2' title='bbox 855 336 1135 395; x_wconf 78' lang='lat' dir='ltr'><strong>PROLEGOMENA.</strong></span> 
     </span>
    </p>
   </div>
   <div class='ocr_carea' id='block_1_2' title="bbox 354 502 1641 1017">
    <p class='ocr_par' dir='ltr' id='par_1_2' title="bbox 354 502 1641 1017">
     <span class='ocr_line' id='line_1_2' title="bbox 358 502 1640 590; baseline 0 -22"><span class='ocrx_word' id='word_1_3' title='bbox 358 503 440 587; x_wconf 82' lang='lat' dir='ltr'>Equ.</span> <span class='ocrx_word' id='word_1_4' title='bbox 467 504 531 568; x_wconf 77' lang='lat'>559</span> <span class='ocrx_word' id='word_1_5' title='bbox 551 526 599 588; x_wconf 89' lang='lat' dir='ltr'>sq.</span> <span class='ocrx_word' id='word_1_6' title='bbox 627 504 700 569; x_wconf 89' lang='lat' dir='ltr'>cola</span> <span class='ocrx_word' id='word_1_7' title='bbox 727 503 878 569; x_wconf 90' lang='lat' dir='ltr'>similiter</span> <span class='ocrx_word' id='word_1_8' title='bbox 905 502 1130 590; x_wconf 81' lang='lat' dir='ltr'>conglutinata</span> <span class='ocrx_word' id='word_1_9' title='bbox 1158 509 1300 586; x_wconf 83' lang='lat' dir='ltr'>exstant,</span> <span class='ocrx_word' id='word_1_10' title='bbox 1332 504 1440 570; x_wconf 87' lang='lat' dir='ltr'>neseio</span> <span class='ocrx_word' id='word_1_11' title='bbox 1471 527 1513 568; x_wconf 90' lang='lat' dir='ltr'>an</span> <span class='ocrx_word' id='word_1_12' title='bbox 1541 503 1640 569; x_wconf 89' lang='lat' dir='ltr'>etiam</span> 
     </span>
     <span class='ocr_line' id='line_1_3' title="bbox 357 611 1641 697; baseline 0.002 -23"><span class='ocrx_word' id='word_1_13' title='bbox 357 633 412 675; x_wconf 88' lang='lat' dir='ltr'>eos</span> <span class='ocrx_word' id='word_1_14' title='bbox 433 633 559 695; x_wconf 90' lang='lat' dir='ltr'>versus,</span> <span class='ocrx_word' id='word_1_15' title='bbox 582 633 721 697; x_wconf 92' lang='lat' dir='ltr'>quorum</span> <span class='ocrx_word' id='word_1_16' title='bbox 740 611 856 676; x_wconf 92' lang='lat' dir='ltr'>ultimo</span> <span class='ocrx_word' id='word_1_17' title='bbox 875 612 995 677; x_wconf 89' lang='lat' dir='ltr'>cretico</span> <span class='ocrx_word' id='word_1_18' title='bbox 1014 611 1066 676; x_wconf 88' lang='lat' dir='ltr'>vel</span> <span class='ocrx_word' id='word_1_19' title='bbox 1085 611 1220 696; x_wconf 88' lang='lat' dir='ltr'>epitrito</span> <span class='ocrx_word' id='word_1_20' title='bbox 1239 612 1393 676; x_wconf 86' lang='lat' dir='ltr'>cataleris</span> <span class='ocrx_word' id='word_1_21' title='bbox 1414 612 1537 676; x_wconf 91' lang='lat' dir='ltr'>anteire</span> <span class='ocrx_word' id='word_1_22' title='bbox 1555 612 1641 676; x_wconf 77' lang='lat' dir='ltr'>vide</span> 
     </span>
     <span class='ocr_line' id='line_1_4' title="bbox 356 718 1639 805; baseline 0.002 -24"><span class='ocrx_word' id='word_1_23' title='bbox 356 723 423 801; x_wconf 88' lang='lat' dir='ltr'>tur,</span> <span class='ocrx_word' id='word_1_24' title='bbox 454 719 502 783; x_wconf 87' lang='lat' dir='ltr'>ita</span> <span class='ocrx_word' id='word_1_25' title='bbox 534 724 702 803; x_wconf 88' lang='lat' dir='ltr'>percutere</span> <span class='ocrx_word' id='word_1_26' title='bbox 734 718 844 803; x_wconf 90' lang='lat' dir='ltr'>liceat,</span> <span class='ocrx_word' id='word_1_27' title='bbox 876 724 914 783; x_wconf 91' lang='lat' dir='ltr'>ut</span> <span class='ocrx_word' id='word_1_28' title='bbox 944 719 1094 805; x_wconf 86' lang='lat' dir='ltr'>neglecta</span> <span class='ocrx_word' id='word_1_29' title='bbox 1126 719 1263 783; x_wconf 85' lang='lat' dir='ltr'>catalexi</span> <span class='ocrx_word' id='word_1_30' title='bbox 1295 718 1407 783; x_wconf 80' lang='lat' dir='ltr'><strong>cretici</strong></span> <span class='ocrx_word' id='word_1_31' title='bbox 1434 719 1486 784; x_wconf 81' lang='lat' dir='ltr'>vel</span> <span class='ocrx_word' id='word_1_32' title='bbox 1514 718 1639 804; x_wconf 79' lang='lat' dir='ltr'>epitriti</span> 
     </span>
     <span class='ocr_line' id='line_1_5' title="bbox 354 825 1226 910; baseline -0.001 -21"><span class='ocrx_word' id='word_1_33' title='bbox 354 825 445 909; x_wconf 92' lang='lat' dir='ltr'>prior</span> <span class='ocrx_word' id='word_1_34' title='bbox 466 848 542 910; x_wconf 89' lang='lat' dir='ltr'>pars</span> <span class='ocrx_word' id='word_1_35' title='bbox 567 827 607 891; x_wconf 89' lang='lat' dir='ltr'>ad</span> <span class='ocrx_word' id='word_1_36' title='bbox 630 827 726 891; x_wconf 91' lang='lat' dir='ltr'>colon</span> <span class='ocrx_word' id='word_1_37' title='bbox 749 826 943 891; x_wconf 87' lang='lat' dir='ltr'>antecedens</span> <span class='ocrx_word' id='word_1_38' title='bbox 967 826 1166 909; x_wconf 70' lang='lat' dir='ltr'>retrahatur,</span> <span class='ocrx_word' id='word_1_39' title='bbox 1189 829 1226 889; x_wconf 91' lang='lat' dir='ltr'>ut</span> 
     </span>
     <span class='ocr_line' id='line_1_6' title="bbox 685 928 1306 1017; baseline -0.013 -15"><span class='ocrx_word' id='word_1_40' title='bbox 685 950 1136 1002; x_wconf 42' lang='lat' dir='ltr'>-3oo-wm&#39;i-on&#39;.1-ll</span> <span class='ocrx_word' id='word_1_41' title='bbox 1161 928 1306 1017; x_wconf 48' lang='grc' dir='ltr'>(ΡΗΙὸ)</span> 
     </span>
    </p>
   </div>
   <div class='ocr_carea' id='block_1_3' title="bbox 352 1047 1639 1561">
    <p class='ocr_par' dir='ltr' id='par_1_3' title="bbox 352 1047 1639 1561">
     <span class='ocr_line' id='line_1_7' title="bbox 443 1047 1639 1134; baseline 0 -21"><span class='ocrx_word' id='word_1_42' title='bbox 443 1047 527 1113; x_wconf 89' lang='lat' dir='ltr'>Tum</span> <span class='ocrx_word' id='word_1_43' title='bbox 549 1071 651 1133; x_wconf 90' lang='lat' dir='ltr'>paene</span> <span class='ocrx_word' id='word_1_44' title='bbox 675 1049 809 1114; x_wconf 89' lang='lat' dir='ltr'>dimidia</span> <span class='ocrx_word' id='word_1_45' title='bbox 830 1071 906 1133; x_wconf 89' lang='lat' dir='ltr'>pars</span> <span class='ocrx_word' id='word_1_46' title='bbox 928 1047 1143 1134; x_wconf 89' lang='lat' dir='ltr'>tripodiarum</span> <span class='ocrx_word' id='word_1_47' title='bbox 1162 1047 1423 1112; x_wconf 89' lang='lat' dir='ltr'>catalecticarum</span> <span class='ocrx_word' id='word_1_48' title='bbox 1443 1071 1517 1112; x_wconf 89' lang='lat' dir='ltr'>cum</span> <span class='ocrx_word' id='word_1_49' title='bbox 1536 1049 1639 1113; x_wconf 88' lang='lat' dir='ltr'>altera</span> 
     </span>
     <span class='ocr_line' id='line_1_8' title="bbox 353 1153 1637 1241; baseline 0.002 -23"><span class='ocrx_word' id='word_1_50' title='bbox 353 1154 496 1238; x_wconf 79' lang='lat' dir='ltr'>tripodis</span> <span class='ocrx_word' id='word_1_51' title='bbox 523 1156 698 1222; x_wconf 88' lang='lat' dir='ltr'>coniuncta</span> <span class='ocrx_word' id='word_1_52' title='bbox 724 1161 789 1241; x_wconf 91' lang='lat' dir='ltr'>est,</span> <span class='ocrx_word' id='word_1_53' title='bbox 815 1161 852 1220; x_wconf 92' lang='lat' dir='ltr'>ut</span> <span class='ocrx_word' id='word_1_54' title='bbox 875 1154 967 1219; x_wconf 86' lang='lat' dir='ltr'>0.1v</span> <span class='ocrx_word' id='word_1_55' title='bbox 988 1158 1016 1220; x_wconf 79' lang='lat'>7.</span> <span class='ocrx_word' id='word_1_56' title='bbox 1045 1172 1106 1217; x_wconf 67' lang='grc' dir='ltr'>ΚΝ</span> <span class='ocrx_word' id='word_1_57' title='bbox 1126 1156 1154 1218; x_wconf 79' lang='lat'>7.</span> <span class='ocrx_word' id='word_1_58' title='bbox 1187 1153 1221 1217; x_wconf 90' lang='lat' dir='ltr'>P.</span> <span class='ocrx_word' id='word_1_59' title='bbox 1241 1172 1266 1217; x_wconf 89' lang='lat'>11</span> <span class='ocrx_word' id='word_1_60' title='bbox 1289 1177 1338 1239; x_wconf 92' lang='lat' dir='ltr'>ep.</span> <span class='ocrx_word' id='word_1_61' title='bbox 1359 1157 1387 1219; x_wconf 89' lang='lat'>1.</span> <span class='ocrx_word' id='word_1_62' title='bbox 1407 1158 1436 1221; x_wconf 88' lang='grc'>3.</span> <span class='ocrx_word' id='word_1_63' title='bbox 1465 1173 1514 1218; x_wconf 88' lang='lat' dir='ltr'>vu</span> <span class='ocrx_word' id='word_1_64' title='bbox 1538 1178 1586 1240; x_wconf 92' lang='lat' dir='ltr'>ep.</span> <span class='ocrx_word' id='word_1_65' title='bbox 1609 1159 1637 1220; x_wconf 91' lang='lat'>1.</span> 
     </span>
     <span class='ocr_line' id='line_1_9' title="bbox 353 1260 1637 1347; baseline 0.001 -22"><span class='ocrx_word' id='word_1_66' title='bbox 353 1260 427 1325; x_wconf 85' lang='lat' dir='ltr'>P.x</span> <span class='ocrx_word' id='word_1_67' title='bbox 445 1264 475 1326; x_wconf 87' lang='grc'>4.</span> <span class='ocrx_word' id='word_1_68' title='bbox 498 1280 534 1326; x_wconf 86' lang='lat' dir='ltr'>x1</span> <span class='ocrx_word' id='word_1_69' title='bbox 553 1264 582 1327; x_wconf 82' lang='lat'>6.</span> <span class='ocrx_word' id='word_1_70' title='bbox 606 1262 646 1328; x_wconf 89' lang='grc' dir='ltr'>Ν.</span> <span class='ocrx_word' id='word_1_71' title='bbox 666 1281 705 1326; x_wconf 89' lang='lat'>111</span> <span class='ocrx_word' id='word_1_72' title='bbox 728 1285 777 1347; x_wconf 89' lang='lat' dir='ltr'>ep.</span> <span class='ocrx_word' id='word_1_73' title='bbox 797 1265 825 1328; x_wconf 85' lang='lat'>3.</span> <span class='ocrx_word' id='word_1_74' title='bbox 849 1264 879 1327; x_wconf 93' lang='grc'>4.</span> <span class='ocrx_word' id='word_1_75' title='bbox 903 1281 940 1326; x_wconf 82' lang='lat' dir='ltr'>vi</span> <span class='ocrx_word' id='word_1_76' title='bbox 959 1264 989 1327; x_wconf 81' lang='grc'>6.</span> <span class='ocrx_word' id='word_1_77' title='bbox 1012 1279 1062 1325; x_wconf 85' lang='lat' dir='ltr'>vn</span> <span class='ocrx_word' id='word_1_78' title='bbox 1081 1283 1129 1346; x_wconf 89' lang='lat' dir='ltr'>ep.</span> <span class='ocrx_word' id='word_1_79' title='bbox 1150 1262 1178 1326; x_wconf 83' lang='lat'>3.</span> <span class='ocrx_word' id='word_1_80' title='bbox 1198 1263 1227 1325; x_wconf 88' lang='lat'>4.</span> <span class='ocrx_word' id='word_1_81' title='bbox 1251 1261 1276 1325; x_wconf 90' lang='lat' dir='ltr'>l.</span> <span class='ocrx_word' id='word_1_82' title='bbox 1296 1280 1358 1325; x_wconf 83' lang='lat' dir='ltr'>vni</span> <span class='ocrx_word' id='word_1_83' title='bbox 1378 1263 1407 1326; x_wconf 84' lang='lat'>5.</span> <span class='ocrx_word' id='word_1_84' title='bbox 1439 1262 1509 1326; x_wconf 89' lang='lat' dir='ltr'>Has</span> <span class='ocrx_word' id='word_1_85' title='bbox 1528 1268 1637 1326; x_wconf 90' lang='lat' dir='ltr'>autem</span> 
     </span>
     <span class='ocr_line' id='line_1_10' title="bbox 352 1367 1638 1456; baseline 0.001 -24"><span class='ocrx_word' id='word_1_86' title='bbox 352 1369 511 1454; x_wconf 89' lang='lat' dir='ltr'>tripodias</span> <span class='ocrx_word' id='word_1_87' title='bbox 539 1369 568 1434; x_wconf 90' lang='lat' dir='ltr'>si</span> <span class='ocrx_word' id='word_1_88' title='bbox 595 1370 790 1456; x_wconf 82' lang='lat' dir='ltr'>coniungere</span> <span class='ocrx_word' id='word_1_89' title='bbox 819 1369 967 1454; x_wconf 83' lang='lat' dir='ltr'>audebis,</span> <span class='ocrx_word' id='word_1_90' title='bbox 993 1391 1033 1433; x_wconf 83' lang='lat' dir='ltr'>ex</span> <span class='ocrx_word' id='word_1_91' title='bbox 1056 1368 1182 1432; x_wconf 90' lang='lat' dir='ltr'>duabus</span> <span class='ocrx_word' id='word_1_92' title='bbox 1205 1367 1356 1452; x_wconf 82' lang='lat' dir='ltr'>tripodiia</span> <span class='ocrx_word' id='word_1_93' title='bbox 1380 1392 1463 1433; x_wconf 88' lang='lat' dir='ltr'>unus</span> <span class='ocrx_word' id='word_1_94' title='bbox 1489 1369 1638 1433; x_wconf 86' lang='lat' dir='ltr'>trimeter</span> 
     </span>
     <span class='ocr_line' id='line_1_11' title="bbox 352 1476 541 1561; baseline 0.005 -22"><span class='ocrx_word' id='word_1_95' title='bbox 352 1476 481 1561; x_wconf 87' lang='lat' dir='ltr'>evadet,</span> <span class='ocrx_word' id='word_1_96' title='bbox 504 1481 541 1540; x_wconf 91' lang='lat' dir='ltr'>ut</span> 
     </span>
    </p>
   </div>
   <div class='ocr_carea' id='block_1_4' title="bbox 463 1583 1528 1670">
    <p class='ocr_par' dir='ltr' id='par_1_4' title="bbox 463 1583 1528 1670">
     <span class='ocr_line' id='line_1_12' title="bbox 463 1583 1528 1670; baseline 0 -21"><span class='ocrx_word' id='word_1_97' title='bbox 463 1583 1528 1670; x_wconf 50' lang='grc' dir='ltr'>-υ-]υῲ-υ;υυ-ἓῖυ-υυΙ.-,ἱυ-υυ-(Ῑ.ἿΠ15).</span> 
     </span>
    </p>
   </div>
   <div class='ocr_carea' id='block_1_5' title="bbox 348 1698 1636 3172">
    <p class='ocr_par' dir='ltr' id='par_1_5' title="bbox 349 1698 1636 2297">
     <span class='ocr_line' id='line_1_13' title="bbox 443 1698 1636 1783; baseline 0.001 -21"><span class='ocrx_word' id='word_1_98' title='bbox 443 1698 567 1763; x_wconf 87' lang='lat' dir='ltr'>Deinde</span> <span class='ocrx_word' id='word_1_99' title='bbox 596 1699 755 1783; x_wconf 89' lang='lat' dir='ltr'>dactylica</span> <span class='ocrx_word' id='word_1_100' title='bbox 783 1699 925 1783; x_wconf 90' lang='lat' dir='ltr'>tripodia</span> <span class='ocrx_word' id='word_1_101' title='bbox 950 1698 1089 1783; x_wconf 92' lang='lat' dir='ltr'>dipodiis</span> <span class='ocrx_word' id='word_1_102' title='bbox 1112 1698 1264 1763; x_wconf 82' lang='lat' dir='ltr'>immixta</span> <span class='ocrx_word' id='word_1_103' title='bbox 1285 1698 1414 1764; x_wconf 83' lang='lat' dir='ltr'>facilius</span> <span class='ocrx_word' id='word_1_104' title='bbox 1437 1699 1515 1763; x_wconf 85' lang='lat' dir='ltr'>ferri</span> <span class='ocrx_word' id='word_1_105' title='bbox 1539 1721 1636 1783; x_wconf 91' lang='lat' dir='ltr'>posse</span> 
     </span>
     <span class='ocr_line' id='line_1_14' title="bbox 353 1805 1635 1892; baseline 0.001 -23"><span class='ocrx_word' id='word_1_106' title='bbox 353 1805 482 1870; x_wconf 84' lang='lat' dir='ltr'>videtur</span> <span class='ocrx_word' id='word_1_107' title='bbox 512 1828 609 1890; x_wconf 92' lang='lat' dir='ltr'>quam</span> <span class='ocrx_word' id='word_1_108' title='bbox 642 1805 831 1892; x_wconf 85' lang='lat' dir='ltr'>logaoedica</span> <span class='ocrx_word' id='word_1_109' title='bbox 864 1810 896 1870; x_wconf 94' lang='lat' dir='ltr'>et</span> <span class='ocrx_word' id='word_1_110' title='bbox 924 1806 1104 1890; x_wconf 89' lang='lat' dir='ltr'>trochaica,</span> <span class='ocrx_word' id='word_1_111' title='bbox 1136 1805 1289 1890; x_wconf 91' lang='lat' dir='ltr'>quoniam</span> <span class='ocrx_word' id='word_1_112' title='bbox 1317 1805 1477 1889; x_wconf 82' lang='lat' dir='ltr'>tripedica</span> <span class='ocrx_word' id='word_1_113' title='bbox 1508 1806 1635 1870; x_wconf 89' lang='lat' dir='ltr'>scansio</span> 
     </span>
     <span class='ocr_line' id='line_1_15' title="bbox 352 1911 1636 1997; baseline 0.002 -22"><span class='ocrx_word' id='word_1_114' title='bbox 352 1933 464 1975; x_wconf 84' lang='lat' dir='ltr'>versus</span> <span class='ocrx_word' id='word_1_115' title='bbox 488 1912 639 1997; x_wconf 84' lang='lat' dir='ltr'>dactylici</span> <span class='ocrx_word' id='word_1_116' title='bbox 662 1911 842 1977; x_wconf 82' lang='lat' dir='ltr'>hexametri</span> <span class='ocrx_word' id='word_1_117' title='bbox 865 1911 939 1976; x_wconf 90' lang='lat' dir='ltr'>inde</span> <span class='ocrx_word' id='word_1_118' title='bbox 963 1913 1003 1976; x_wconf 91' lang='lat' dir='ltr'>ab</span> <span class='ocrx_word' id='word_1_119' title='bbox 1026 1911 1263 1995; x_wconf 84' lang='lat' dir='ltr'>antiquissimis</span> <span class='ocrx_word' id='word_1_120' title='bbox 1282 1912 1484 1996; x_wconf 87' lang='lat' dir='ltr'>temporibus</span> <span class='ocrx_word' id='word_1_121' title='bbox 1502 1913 1636 1996; x_wconf 87' lang='lat' dir='ltr'>propria</span> 
     </span>
     <span class='ocr_line' id='line_1_16' title="bbox 351 2016 1635 2103; baseline 0.001 -22"><span class='ocrx_word' id='word_1_122' title='bbox 351 2017 429 2103; x_wconf 85' lang='lat' dir='ltr'>fuit,</span> <span class='ocrx_word' id='word_1_123' title='bbox 452 2022 484 2082; x_wconf 89' lang='lat' dir='ltr'>et</span> <span class='ocrx_word' id='word_1_124' title='bbox 508 2019 593 2103; x_wconf 88' lang='lat' dir='ltr'>apud</span> <span class='ocrx_word' id='word_1_125' title='bbox 613 2018 756 2084; x_wconf 89' lang='lat' dir='ltr'>scenicos</span> <span class='ocrx_word' id='word_1_126' title='bbox 776 2022 890 2102; x_wconf 88' lang='lat' dir='ltr'>poetas</span> <span class='ocrx_word' id='word_1_127' title='bbox 906 2016 1047 2082; x_wconf 89' lang='lat' dir='ltr'>Graecos</span> <span class='ocrx_word' id='word_1_128' title='bbox 1066 2018 1244 2102; x_wconf 89' lang='lat' dir='ltr'>dactylieae</span> <span class='ocrx_word' id='word_1_129' title='bbox 1263 2018 1423 2103; x_wconf 84' lang='lat' dir='ltr'>tripediae</span> <span class='ocrx_word' id='word_1_130' title='bbox 1442 2019 1635 2102; x_wconf 90' lang='lat' dir='ltr'>tetrapodiis</span> 
     </span>
     <span class='ocr_line' id='line_1_17' title="bbox 349 2123 1633 2210; baseline 0.001 -22"><span class='ocrx_word' id='word_1_131' title='bbox 349 2123 562 2210; x_wconf 83' lang='lat' dir='ltr'>logaoedicis,</span> <span class='ocrx_word' id='word_1_132' title='bbox 591 2149 663 2190; x_wconf 93' lang='lat' dir='ltr'>cum</span> <span class='ocrx_word' id='word_1_133' title='bbox 688 2130 825 2210; x_wconf 89' lang='lat' dir='ltr'>utraque</span> <span class='ocrx_word' id='word_1_134' title='bbox 854 2125 1037 2190; x_wconf 89' lang='lat' dir='ltr'>duodenum</span> <span class='ocrx_word' id='word_1_135' title='bbox 1065 2129 1250 2209; x_wconf 89' lang='lat' dir='ltr'>temporum</span> <span class='ocrx_word' id='word_1_136' title='bbox 1273 2130 1373 2210; x_wconf 91' lang='lat' dir='ltr'>esset,</span> <span class='ocrx_word' id='word_1_137' title='bbox 1400 2148 1466 2189; x_wconf 90' lang='lat' dir='ltr'>non</span> <span class='ocrx_word' id='word_1_138' title='bbox 1488 2126 1537 2190; x_wconf 91' lang='lat' dir='ltr'>ita</span> <span class='ocrx_word' id='word_1_139' title='bbox 1559 2147 1633 2189; x_wconf 89' lang='lat' dir='ltr'>raro</span> 
     </span>
     <span class='ocr_line' id='line_1_18' title="bbox 351 2232 623 2297; baseline 0 -1"><span class='ocrx_word' id='word_1_140' title='bbox 351 2232 515 2297; x_wconf 82' lang='lat' dir='ltr'>admixtae</span> <span class='ocrx_word' id='word_1_141' title='bbox 539 2238 623 2297; x_wconf 90' lang='lat' dir='ltr'>sunt.</span> 
     </span>
    </p>

    <p class='ocr_par' dir='ltr' id='par_1_6' title="bbox 348 2338 1634 3172">
     <span class='ocr_line' id='line_1_19' title="bbox 440 2338 1633 2425; baseline 0 -22"><span class='ocrx_word' id='word_1_142' title='bbox 440 2338 586 2423; x_wconf 90' lang='lat' dir='ltr'>Denique</span> <span class='ocrx_word' id='word_1_143' title='bbox 618 2339 652 2403; x_wconf 93' lang='lat' dir='ltr'>in</span> <span class='ocrx_word' id='word_1_144' title='bbox 685 2339 773 2404; x_wconf 90' lang='lat' dir='ltr'>omni</span> <span class='ocrx_word' id='word_1_145' title='bbox 805 2340 867 2404; x_wconf 87' lang='lat' dir='ltr'>hac</span> <span class='ocrx_word' id='word_1_146' title='bbox 899 2339 1089 2423; x_wconf 80' lang='lat' dir='ltr'>quaestione</span> <span class='ocrx_word' id='word_1_147' title='bbox 1121 2339 1160 2402; x_wconf 90' lang='lat' dir='ltr'>de</span> <span class='ocrx_word' id='word_1_148' title='bbox 1188 2339 1339 2424; x_wconf 89' lang='lat' dir='ltr'>tripodiia</span> <span class='ocrx_word' id='word_1_149' title='bbox 1366 2339 1459 2405; x_wconf 84' lang='lat' dir='ltr'>iuxta</span> <span class='ocrx_word' id='word_1_150' title='bbox 1487 2339 1633 2425; x_wconf 90' lang='lat' dir='ltr'>dipodias</span> 
     </span>
     <span class='ocr_line' id='line_1_20' title="bbox 350 2446 1633 2531; baseline 0.001 -22"><span class='ocrx_word' id='word_1_151' title='bbox 350 2446 490 2511; x_wconf 87' lang='lat' dir='ltr'>ferendis</span> <span class='ocrx_word' id='word_1_152' title='bbox 518 2446 659 2511; x_wconf 89' lang='lat' dir='ltr'>multum</span> <span class='ocrx_word' id='word_1_153' title='bbox 683 2446 803 2529; x_wconf 85' lang='lat' dir='ltr'>differt,</span> <span class='ocrx_word' id='word_1_154' title='bbox 832 2451 938 2510; x_wconf 91' lang='lat' dir='ltr'>stetne</span> <span class='ocrx_word' id='word_1_155' title='bbox 961 2447 1047 2510; x_wconf 87' lang='lat' dir='ltr'>inter</span> <span class='ocrx_word' id='word_1_156' title='bbox 1071 2448 1249 2511; x_wconf 90' lang='lat' dir='ltr'>canendum</span> <span class='ocrx_word' id='word_1_157' title='bbox 1274 2447 1391 2512; x_wconf 86' lang='lat' dir='ltr'>chorus</span> <span class='ocrx_word' id='word_1_158' title='bbox 1415 2470 1456 2511; x_wconf 86' lang='lat' dir='ltr'>an</span> <span class='ocrx_word' id='word_1_159' title='bbox 1478 2446 1633 2531; x_wconf 89' lang='lat' dir='ltr'>procedat</span> 
     </span>
     <span class='ocr_line' id='line_1_21' title="bbox 349 2552 1634 2642; baseline 0.001 -26"><span class='ocrx_word' id='word_1_160' title='bbox 349 2553 546 2637; x_wconf 89' lang='lat' dir='ltr'>paribusque</span> <span class='ocrx_word' id='word_1_161' title='bbox 573 2552 724 2637; x_wconf 88' lang='lat' dir='ltr'>passibus</span> <span class='ocrx_word' id='word_1_162' title='bbox 753 2552 922 2642; x_wconf 88' lang='lat' dir='ltr'>spatietur.</span> <span class='ocrx_word' id='word_1_163' title='bbox 970 2552 1014 2617; x_wconf 90' lang='lat' dir='ltr'>Ut</span> <span class='ocrx_word' id='word_1_164' title='bbox 1042 2552 1128 2616; x_wconf 91' lang='lat' dir='ltr'>enim</span> <span class='ocrx_word' id='word_1_165' title='bbox 1156 2575 1272 2637; x_wconf 90' lang='lat' dir='ltr'>passus</span> <span class='ocrx_word' id='word_1_166' title='bbox 1296 2553 1524 2619; x_wconf 89' lang='lat' dir='ltr'>choreutarum</span> <span class='ocrx_word' id='word_1_167' title='bbox 1547 2554 1634 2618; x_wconf 88' lang='lat' dir='ltr'>inter</span> 
     </span>
     <span class='ocr_line' id='line_1_22' title="bbox 351 2659 1633 2745; baseline 0.002 -23"><span class='ocrx_word' id='word_1_168' title='bbox 351 2659 531 2724; x_wconf 89' lang='lat' dir='ltr'>canendum</span> <span class='ocrx_word' id='word_1_169' title='bbox 557 2660 802 2745; x_wconf 86' lang='lat' dir='ltr'>procedentium</span> <span class='ocrx_word' id='word_1_170' title='bbox 830 2659 1013 2745; x_wconf 88' lang='lat' dir='ltr'>dipodicam</span> <span class='ocrx_word' id='word_1_171' title='bbox 1038 2660 1280 2743; x_wconf 86' lang='lat' dir='ltr'>percussionem</span> <span class='ocrx_word' id='word_1_172' title='bbox 1305 2664 1432 2724; x_wconf 87' lang='lat' dir='ltr'>tantum</span> <span class='ocrx_word' id='word_1_173' title='bbox 1455 2682 1521 2724; x_wconf 91' lang='lat' dir='ltr'>non</span> <span class='ocrx_word' id='word_1_174' title='bbox 1544 2660 1633 2745; x_wconf 81' lang='lat' dir='ltr'>flagi-</span> 
     </span>
     <span class='ocr_line' id='line_1_23' title="bbox 350 2765 1631 2851; baseline 0.001 -22"><span class='ocrx_word' id='word_1_175' title='bbox 350 2770 437 2851; x_wconf 90' lang='lat' dir='ltr'>tant,</span> <span class='ocrx_word' id='word_1_176' title='bbox 463 2766 513 2830; x_wconf 90' lang='lat' dir='ltr'>ita</span> <span class='ocrx_word' id='word_1_177' title='bbox 540 2765 576 2829; x_wconf 91' lang='lat' dir='ltr'>in</span> <span class='ocrx_word' id='word_1_178' title='bbox 603 2766 745 2832; x_wconf 90' lang='lat' dir='ltr'>carmine</span> <span class='ocrx_word' id='word_1_179' title='bbox 773 2790 792 2831; x_wconf 90' lang='lat' dir='ltr'>a</span> <span class='ocrx_word' id='word_1_180' title='bbox 820 2771 928 2831; x_wconf 86' lang='lat' dir='ltr'>stante</span> <span class='ocrx_word' id='word_1_181' title='bbox 956 2765 1055 2830; x_wconf 90' lang='lat' dir='ltr'>choro</span> <span class='ocrx_word' id='word_1_182' title='bbox 1083 2766 1134 2829; x_wconf 87' lang='lat' dir='ltr'>vel</span> <span class='ocrx_word' id='word_1_183' title='bbox 1163 2771 1293 2831; x_wconf 89' lang='lat' dir='ltr'>cantore</span> <span class='ocrx_word' id='word_1_184' title='bbox 1319 2771 1449 2831; x_wconf 90' lang='lat' dir='ltr'>cantato</span> <span class='ocrx_word' id='word_1_185' title='bbox 1474 2766 1631 2851; x_wconf 84' lang='lat' dir='ltr'>tripediae</span> 
     </span>
     <span class='ocr_line' id='line_1_24' title="bbox 349 2871 1633 2958; baseline 0.001 -22"><span class='ocrx_word' id='word_1_186' title='bbox 349 2873 440 2937; x_wconf 86' lang='lat' dir='ltr'>iuxta</span> <span class='ocrx_word' id='word_1_187' title='bbox 474 2873 620 2958; x_wconf 90' lang='lat' dir='ltr'>dipodias</span> <span class='ocrx_word' id='word_1_188' title='bbox 652 2873 731 2937; x_wconf 89' lang='lat' dir='ltr'>ferri</span> <span class='ocrx_word' id='word_1_189' title='bbox 758 2895 854 2958; x_wconf 87' lang='lat' dir='ltr'>posse</span> <span class='ocrx_word' id='word_1_190' title='bbox 885 2878 918 2938; x_wconf 89' lang='lat' dir='ltr'>et</span> <span class='ocrx_word' id='word_1_191' title='bbox 949 2873 1015 2936; x_wconf 89' lang='lat' dir='ltr'>iam</span> <span class='ocrx_word' id='word_1_192' title='bbox 1043 2895 1062 2936; x_wconf 88' lang='lat' dir='ltr'>a</span> <span class='ocrx_word' id='word_1_193' title='bbox 1088 2871 1235 2938; x_wconf 89' lang='lat' dir='ltr'>Lesbicis</span> <span class='ocrx_word' id='word_1_194' title='bbox 1263 2874 1368 2957; x_wconf 88' lang='lat' dir='ltr'>poetis</span> <span class='ocrx_word' id='word_1_195' title='bbox 1395 2874 1430 2937; x_wconf 95' lang='lat' dir='ltr'>in</span> <span class='ocrx_word' id='word_1_196' title='bbox 1459 2873 1633 2937; x_wconf 91' lang='lat' dir='ltr'>notissima</span> 
     </span>
     <span class='ocr_line' id='line_1_25' title="bbox 349 2977 1632 3065; baseline 0.001 -22"><span class='ocrx_word' id='word_1_197' title='bbox 349 2979 499 3064; x_wconf 86' lang='lat' dir='ltr'>stropha,</span> <span class='ocrx_word' id='word_1_198' title='bbox 526 3003 608 3065; x_wconf 89' lang='lat' dir='ltr'>quae</span> <span class='ocrx_word' id='word_1_199' title='bbox 632 2979 673 3044; x_wconf 87' lang='lat' dir='ltr'>ab</span> <span class='ocrx_word' id='word_1_200' title='bbox 692 2977 814 3044; x_wconf 83' lang='lat' dir='ltr'>Alcaeo</span> <span class='ocrx_word' id='word_1_201' title='bbox 837 3002 956 3045; x_wconf 92' lang='lat' dir='ltr'>nomen</span> <span class='ocrx_word' id='word_1_202' title='bbox 979 2979 1093 3064; x_wconf 81' lang='lat' dir='ltr'>traxit,</span> <span class='ocrx_word' id='word_1_203' title='bbox 1123 2979 1280 3044; x_wconf 87' lang='lat' dir='ltr'>admissas</span> <span class='ocrx_word' id='word_1_204' title='bbox 1304 3003 1374 3045; x_wconf 91' lang='lat' dir='ltr'>esse</span> <span class='ocrx_word' id='word_1_205' title='bbox 1398 2980 1478 3045; x_wconf 91' lang='lat' dir='ltr'>mihi</span> <span class='ocrx_word' id='word_1_206' title='bbox 1503 2980 1632 3064; x_wconf 90' lang='lat' dir='ltr'>quidem</span> 
     </span>
     <span class='ocr_line' id='line_1_26' title="bbox 348 3084 1213 3172; baseline 0 -20"><span class='ocrx_word' id='word_1_207' title='bbox 348 3109 540 3172; x_wconf 89' lang='lat' dir='ltr'>persuasum</span> <span class='ocrx_word' id='word_1_208' title='bbox 563 3093 621 3152; x_wconf 87' lang='lat' dir='ltr'>est.</span> <span class='ocrx_word' id='word_1_209' title='bbox 668 3086 782 3171; x_wconf 88' lang='lat' dir='ltr'>Neque</span> <span class='ocrx_word' id='word_1_210' title='bbox 806 3108 857 3152; x_wconf 90' lang='lat' dir='ltr'>me</span> <span class='ocrx_word' id='word_1_211' title='bbox 879 3087 915 3151; x_wconf 91' lang='lat' dir='ltr'>in</span> <span class='ocrx_word' id='word_1_212' title='bbox 937 3108 1032 3151; x_wconf 82' lang='lat' dir='ltr'>versu</span> <span class='ocrx_word' id='word_1_213' title='bbox 1056 3084 1213 3152; x_wconf 83' lang='lat' dir='ltr'><strong>0.x1v5</strong></span> 
     </span>
    </p>
   </div>
   <div class='ocr_carea' id='block_1_6' title="bbox 721 3204 1258 3245">
    <p class='ocr_par' dir='ltr' id='par_1_7' title="bbox 721 3204 1258 3245">
     <span class='ocr_line' id='line_1_27' title="bbox 721 3204 1258 3245; baseline 0.004 -2"><span class='ocrx_word' id='word_1_214' title='bbox 721 3204 1258 3245; x_wconf 59' lang='lat' dir='ltr'>Aoo-ool-.²ot.³ua-o-</span> 
     </span>
    </p>
   </div>
   <div class='ocr_carea' id='block_1_7' title="bbox 349 3290 1630 3484">
    <p class='ocr_par' dir='ltr' id='par_1_8' title="bbox 349 3290 1630 3484">
     <span class='ocr_line' id='line_1_28' title="bbox 349 3290 1630 3378; baseline 0.001 -22"><span class='ocrx_word' id='word_1_215' title='bbox 349 3290 431 3357; x_wconf 88' lang='lat' dir='ltr'>duae</span> <span class='ocrx_word' id='word_1_216' title='bbox 459 3291 618 3377; x_wconf 89' lang='lat' dir='ltr'>tripodiae</span> <span class='ocrx_word' id='word_1_217' title='bbox 645 3296 817 3376; x_wconf 83' lang='lat' dir='ltr'>tantopere</span> <span class='ocrx_word' id='word_1_218' title='bbox 846 3291 1026 3375; x_wconf 86' lang='lat' dir='ltr'>offendunt,</span> <span class='ocrx_word' id='word_1_219' title='bbox 1054 3296 1090 3355; x_wconf 92' lang='lat' dir='ltr'>ut</span> <span class='ocrx_word' id='word_1_220' title='bbox 1117 3292 1267 3378; x_wconf 87' lang='lat' dir='ltr'>neglecta</span> <span class='ocrx_word' id='word_1_221' title='bbox 1295 3293 1382 3356; x_wconf 91' lang='lat' dir='ltr'>omni</span> <span class='ocrx_word' id='word_1_222' title='bbox 1411 3292 1630 3357; x_wconf 76' lang='lat' dir='ltr'>concimritate</span> 
     </span>
     <span class='ocr_line' id='line_1_29' title="bbox 349 3396 1066 3484; baseline -0.003 -22"><span class='ocrx_word' id='word_1_223' title='bbox 349 3404 382 3462; x_wconf 91' lang='lat' dir='ltr'>et</span> <span class='ocrx_word' id='word_1_224' title='bbox 405 3399 593 3484; x_wconf 87' lang='lat' dir='ltr'>symmetria</span> <span class='ocrx_word' id='word_1_225' title='bbox 615 3421 745 3463; x_wconf 83' lang='lat' dir='ltr'>versum</span> <span class='ocrx_word' id='word_1_226' title='bbox 766 3397 854 3462; x_wconf 90' lang='lat' dir='ltr'>hunc</span> <span class='ocrx_word' id='word_1_227' title='bbox 876 3396 912 3460; x_wconf 91' lang='lat' dir='ltr'>in</span> <span class='ocrx_word' id='word_1_228' title='bbox 934 3397 1066 3461; x_wconf 93' lang='lat' dir='ltr'>modum</span> 
     </span>
    </p>
   </div>
   <div class='ocr_carea' id='block_1_8' title="bbox 347 3520 1629 4866">
    <p class='ocr_par' dir='ltr' id='par_1_9' title="bbox 721 3520 1256 3556">
     <span class='ocr_line' id='line_1_30' title="bbox 721 3520 1256 3556; baseline -0.004 0"><span class='ocrx_word' id='word_1_229' title='bbox 721 3520 1256 3556; x_wconf 62' lang='grc' dir='ltr'>ιυυ.υυῑ--υ[..υυ;υ-</span> 
     </span>
    </p>

    <p class='ocr_par' dir='ltr' id='par_1_10' title="bbox 347 3600 1629 4866">
     <span class='ocr_line' id='line_1_31' title="bbox 348 3600 1626 3688; baseline -0.003 -19"><span class='ocrx_word' id='word_1_230' title='bbox 348 3608 515 3687; x_wconf 89' lang='lat' dir='ltr'>percutere</span> <span class='ocrx_word' id='word_1_231' title='bbox 534 3603 679 3668; x_wconf 90' lang='lat' dir='ltr'>audeam.</span> <span class='ocrx_word' id='word_1_232' title='bbox 711 3600 797 3667; x_wconf 90' lang='lat' dir='ltr'>Nam</span> <span class='ocrx_word' id='word_1_233' title='bbox 815 3602 878 3666; x_wconf 89' lang='lat' dir='ltr'>hoc</span> <span class='ocrx_word' id='word_1_234' title='bbox 897 3623 1024 3688; x_wconf 93' lang='lat' dir='ltr'>quoque</span> <span class='ocrx_word' id='word_1_235' title='bbox 1042 3601 1113 3666; x_wconf 91' lang='lat' dir='ltr'>fieri</span> <span class='ocrx_word' id='word_1_236' title='bbox 1132 3623 1228 3685; x_wconf 90' lang='lat' dir='ltr'>posse</span> <span class='ocrx_word' id='word_1_237' title='bbox 1243 3601 1400 3685; x_wconf 91' lang='lat' dir='ltr'>arbitror,</span> <span class='ocrx_word' id='word_1_238' title='bbox 1418 3605 1455 3665; x_wconf 91' lang='lat' dir='ltr'>ut</span> <span class='ocrx_word' id='word_1_239' title='bbox 1469 3601 1626 3665; x_wconf 88' lang='lat' dir='ltr'>saltantes</span> 
     </span>
     <span class='ocr_line' id='line_1_32' title="bbox 348 3706 1629 3795; baseline -0.002 -20"><span class='ocrx_word' id='word_1_240' title='bbox 348 3732 413 3775; x_wconf 91' lang='lat' dir='ltr'>non</span> <span class='ocrx_word' id='word_1_241' title='bbox 431 3711 546 3776; x_wconf 88' lang='lat' dir='ltr'>iisdem</span> <span class='ocrx_word' id='word_1_242' title='bbox 565 3714 662 3794; x_wconf 90' lang='lat' dir='ltr'>atque</span> <span class='ocrx_word' id='word_1_243' title='bbox 681 3709 865 3795; x_wconf 82' lang='lat' dir='ltr'>gradientes</span> <span class='ocrx_word' id='word_1_244' title='bbox 884 3709 1011 3794; x_wconf 83' lang='lat' dir='ltr'>legibus</span> <span class='ocrx_word' id='word_1_245' title='bbox 1026 3714 1204 3774; x_wconf 87' lang='lat' dir='ltr'>teneantur.</span> <span class='ocrx_word' id='word_1_246' title='bbox 1237 3706 1434 3773; x_wconf 85' lang='lat' dir='ltr'>Praesertim</span> <span class='ocrx_word' id='word_1_247' title='bbox 1448 3707 1483 3772; x_wconf 93' lang='lat' dir='ltr'>in</span> <span class='ocrx_word' id='word_1_248' title='bbox 1498 3708 1629 3773; x_wconf 90' lang='lat' dir='ltr'>mimica</span> 
     </span>
     <span class='ocr_line' id='line_1_33' title="bbox 348 3815 1628 3902; baseline -0.002 -20"><span class='ocrx_word' id='word_1_249' title='bbox 348 3818 522 3883; x_wconf 89' lang='lat' dir='ltr'>saltatione</span> <span class='ocrx_word' id='word_1_250' title='bbox 540 3838 605 3882; x_wconf 91' lang='lat' dir='ltr'>non</span> <span class='ocrx_word' id='word_1_251' title='bbox 619 3816 713 3880; x_wconf 86' lang='lat' dir='ltr'>video</span> <span class='ocrx_word' id='word_1_252' title='bbox 728 3839 785 3881; x_wconf 91' lang='lat' dir='ltr'>cur</span> <span class='ocrx_word' id='word_1_253' title='bbox 799 3815 975 3901; x_wconf 89' lang='lat' dir='ltr'>tripodicas</span> <span class='ocrx_word' id='word_1_254' title='bbox 989 3817 1112 3902; x_wconf 79' lang='lat' dir='ltr'>figuras</span> <span class='ocrx_word' id='word_1_255' title='bbox 1127 3816 1285 3901; x_wconf 90' lang='lat' dir='ltr'>dipodieis</span> <span class='ocrx_word' id='word_1_256' title='bbox 1300 3816 1482 3881; x_wconf 88' lang='lat' dir='ltr'>immiscere</span> <span class='ocrx_word' id='word_1_257' title='bbox 1495 3838 1628 3901; x_wconf 90' lang='lat' dir='ltr'>prorsus</span> 
     </span>
     <span class='ocr_line' id='line_1_34' title="bbox 347 3922 1629 4008; baseline 0 -21"><span class='ocrx_word' id='word_1_258' title='bbox 347 3945 415 3988; x_wconf 93' lang='lat' dir='ltr'>non</span> <span class='ocrx_word' id='word_1_259' title='bbox 438 3923 574 3989; x_wconf 88' lang='lat' dir='ltr'>licuerit.</span> <span class='ocrx_word' id='word_1_260' title='bbox 616 3922 740 3998; x_wconf 80' lang='lat' dir='ltr'>Quibus</span> <span class='ocrx_word' id='word_1_261' title='bbox 765 3924 802 3987; x_wconf 93' lang='lat' dir='ltr'>de</span> <span class='ocrx_word' id='word_1_262' title='bbox 826 3922 934 3988; x_wconf 90' lang='lat' dir='ltr'>causis</span> <span class='ocrx_word' id='word_1_263' title='bbox 959 3927 1084 3988; x_wconf 91' lang='lat' dir='ltr'>utnon</span> <span class='ocrx_word' id='word_1_264' title='bbox 1107 3923 1213 3988; x_wconf 88' lang='lat' dir='ltr'>facilis</span> <span class='ocrx_word' id='word_1_265' title='bbox 1236 3923 1284 3987; x_wconf 89' lang='lat' dir='ltr'>fui</span> <span class='ocrx_word' id='word_1_266' title='bbox 1306 3923 1341 3987; x_wconf 90' lang='lat' dir='ltr'>in</span> <span class='ocrx_word' id='word_1_267' title='bbox 1364 3923 1514 4008; x_wconf 90' lang='lat' dir='ltr'>tripodiia</span> <span class='ocrx_word' id='word_1_268' title='bbox 1537 3924 1629 3988; x_wconf 82' lang='lat' dir='ltr'>iuxta</span> 
     </span>
     <span class='ocr_line' id='line_1_35' title="bbox 348 4029 1628 4114; baseline 0.001 -21"><span class='ocrx_word' id='word_1_269' title='bbox 348 4029 495 4114; x_wconf 89' lang='lat' dir='ltr'>dipodias</span> <span class='ocrx_word' id='word_1_270' title='bbox 514 4029 733 4114; x_wconf 88' lang='lat' dir='ltr'>admittendis,</span> <span class='ocrx_word' id='word_1_271' title='bbox 750 4029 798 4094; x_wconf 88' lang='lat' dir='ltr'>ita</span> <span class='ocrx_word' id='word_1_272' title='bbox 815 4029 1096 4094; x_wconf 88' lang='lat' dir='ltr'>artificiosioribus</span> <span class='ocrx_word' id='word_1_273' title='bbox 1111 4030 1260 4095; x_wconf 91' lang='lat' dir='ltr'>remediis</span> <span class='ocrx_word' id='word_1_274' title='bbox 1276 4029 1434 4114; x_wconf 87' lang='lat' dir='ltr'>tripodias</span> <span class='ocrx_word' id='word_1_275' title='bbox 1450 4053 1489 4095; x_wconf 83' lang='lat' dir='ltr'>ex</span> <span class='ocrx_word' id='word_1_276' title='bbox 1503 4030 1628 4095; x_wconf 92' lang='lat' dir='ltr'>melicis</span> 
     </span>
     <span class='ocr_line' id='line_1_36' title="bbox 348 4134 1627 4222; baseline 0.001 -22"><span class='ocrx_word' id='word_1_277' title='bbox 348 4141 381 4201; x_wconf 90' lang='lat' dir='ltr'>et</span> <span class='ocrx_word' id='word_1_278' title='bbox 408 4134 702 4221; x_wconf 88' lang='lat' dir='ltr'>hyporchematicis</span> <span class='ocrx_word' id='word_1_279' title='bbox 728 4136 925 4200; x_wconf 88' lang='lat' dir='ltr'>carminibus</span> <span class='ocrx_word' id='word_1_280' title='bbox 954 4159 1156 4203; x_wconf 84' lang='lat' dir='ltr'>summovere</span> <span class='ocrx_word' id='word_1_281' title='bbox 1184 4136 1307 4202; x_wconf 82' lang='lat' dir='ltr'>veritus</span> <span class='ocrx_word' id='word_1_282' title='bbox 1338 4159 1418 4201; x_wconf 87' lang='lat' dir='ltr'>sum.</span> <span class='ocrx_word' id='word_1_283' title='bbox 1473 4137 1627 4222; x_wconf 91' lang='lat' dir='ltr'>Inprimis</span> 
     </span>
     <span class='ocr_line' id='line_1_37' title="bbox 349 4242 1627 4330; baseline 0.001 -23"><span class='ocrx_word' id='word_1_284' title='bbox 349 4243 452 4307; x_wconf 82' lang='lat' dir='ltr'>sicubi</span> <span class='ocrx_word' id='word_1_285' title='bbox 485 4242 566 4307; x_wconf 89' lang='lat' dir='ltr'>duae</span> <span class='ocrx_word' id='word_1_286' title='bbox 597 4242 745 4327; x_wconf 84' lang='lat' dir='ltr'>pluresve</span> <span class='ocrx_word' id='word_1_287' title='bbox 778 4243 937 4328; x_wconf 87' lang='lat' dir='ltr'>tripodiae</span> <span class='ocrx_word' id='word_1_288' title='bbox 970 4267 1040 4308; x_wconf 92' lang='lat' dir='ltr'>sese</span> <span class='ocrx_word' id='word_1_289' title='bbox 1073 4244 1252 4330; x_wconf 84' lang='lat' dir='ltr'>excipiunt,</span> <span class='ocrx_word' id='word_1_290' title='bbox 1283 4265 1303 4307; x_wconf 90' lang='lat' dir='ltr'>a</span> <span class='ocrx_word' id='word_1_291' title='bbox 1331 4243 1627 4309; x_wconf 82' lang='lat' dir='ltr'>vehementioribus</span> 
     </span>
     <span class='ocr_line' id='line_1_38' title="bbox 349 4348 1627 4436; baseline 0.003 -24"><span class='ocrx_word' id='word_1_292' title='bbox 349 4348 507 4413; x_wconf 87' lang='lat' dir='ltr'>machinis</span> <span class='ocrx_word' id='word_1_293' title='bbox 527 4348 755 4414; x_wconf 89' lang='lat' dir='ltr'>abstinendum</span> <span class='ocrx_word' id='word_1_294' title='bbox 773 4349 887 4435; x_wconf 88' lang='lat' dir='ltr'>putavi</span> <span class='ocrx_word' id='word_1_295' title='bbox 904 4373 1013 4436; x_wconf 91' lang='lat' dir='ltr'>neque</span> <span class='ocrx_word' id='word_1_296' title='bbox 1028 4352 1060 4416; x_wconf 91' lang='lat' dir='ltr'>in</span> <span class='ocrx_word' id='word_1_297' title='bbox 1082 4352 1257 4417; x_wconf 88' lang='lat' dir='ltr'>schematis</span> <span class='ocrx_word' id='word_1_298' title='bbox 1277 4352 1420 4417; x_wconf 88' lang='lat' dir='ltr'>metricis</span> <span class='ocrx_word' id='word_1_299' title='bbox 1440 4375 1511 4418; x_wconf 90' lang='lat' dir='ltr'>eam</span> <span class='ocrx_word' id='word_1_300' title='bbox 1530 4374 1627 4436; x_wconf 89' lang='lat' dir='ltr'>quam</span> 
     </span>
     <span class='ocr_line' id='line_1_39' title="bbox 348 4454 1626 4543; baseline 0.004 -25"><span class='ocrx_word' id='word_1_301' title='bbox 348 4477 447 4539; x_wconf 87' lang='lat' dir='ltr'>supra</span> <span class='ocrx_word' id='word_1_302' title='bbox 469 4454 649 4540; x_wconf 82' lang='lat' dir='ltr'>significavi</span> <span class='ocrx_word' id='word_1_303' title='bbox 672 4455 759 4521; x_wconf 81' lang='lat' dir='ltr'>viam</span> <span class='ocrx_word' id='word_1_304' title='bbox 782 4458 860 4522; x_wconf 87' lang='lat' dir='ltr'>duas</span> <span class='ocrx_word' id='word_1_305' title='bbox 885 4458 1045 4543; x_wconf 88' lang='lat' dir='ltr'>tripodias</span> <span class='ocrx_word' id='word_1_306' title='bbox 1064 4459 1099 4522; x_wconf 89' lang='lat' dir='ltr'>in</span> <span class='ocrx_word' id='word_1_307' title='bbox 1121 4464 1188 4523; x_wconf 91' lang='lat' dir='ltr'>tres</span> <span class='ocrx_word' id='word_1_308' title='bbox 1207 4459 1354 4542; x_wconf 91' lang='lat' dir='ltr'>dipodias</span> <span class='ocrx_word' id='word_1_309' title='bbox 1373 4459 1626 4525; x_wconf 82' lang='lat' dir='ltr'>transformandi</span> 
     </span>
     <span class='ocr_line' id='line_1_40' title="bbox 347 4560 1626 4651; baseline 0.004 -26"><span class='ocrx_word' id='word_1_310' title='bbox 347 4560 473 4647; x_wconf 82' lang='lat' dir='ltr'>ingredi</span> <span class='ocrx_word' id='word_1_311' title='bbox 501 4584 598 4627; x_wconf 90' lang='lat' dir='ltr'>ausus</span> <span class='ocrx_word' id='word_1_312' title='bbox 626 4586 706 4628; x_wconf 86' lang='lat' dir='ltr'>sum.</span> <span class='ocrx_word' id='word_1_313' title='bbox 753 4562 800 4629; x_wconf 92' lang='lat' dir='ltr'>Ut</span> <span class='ocrx_word' id='word_1_314' title='bbox 822 4565 908 4630; x_wconf 91' lang='lat' dir='ltr'>enim</span> <span class='ocrx_word' id='word_1_315' title='bbox 931 4565 964 4629; x_wconf 94' lang='lat' dir='ltr'>in</span> <span class='ocrx_word' id='word_1_316' title='bbox 988 4565 1116 4631; x_wconf 89' lang='lat' dir='ltr'>creticis</span> <span class='ocrx_word' id='word_1_317' title='bbox 1140 4571 1173 4630; x_wconf 90' lang='lat' dir='ltr'>et</span> <span class='ocrx_word' id='word_1_318' title='bbox 1196 4565 1424 4632; x_wconf 87' lang='lat' dir='ltr'>choriambicis</span> <span class='ocrx_word' id='word_1_319' title='bbox 1447 4566 1626 4651; x_wconf 87' lang='lat' dir='ltr'>ionicisque</span> 
     </span>
     <span class='ocr_line' id='line_1_41' title="bbox 348 4670 1625 4759; baseline 0.004 -27"><span class='ocrx_word' id='word_1_320' title='bbox 348 4670 494 4733; x_wconf 85' lang='lat' dir='ltr'>versibus</span> <span class='ocrx_word' id='word_1_321' title='bbox 527 4670 641 4736; x_wconf 90' lang='lat' dir='ltr'>umbra</span> <span class='ocrx_word' id='word_1_322' title='bbox 674 4673 831 4757; x_wconf 89' lang='lat' dir='ltr'>quaedam</span> <span class='ocrx_word' id='word_1_323' title='bbox 864 4672 1067 4758; x_wconf 81' lang='lat' dir='ltr'>rhythmicae</span> <span class='ocrx_word' id='word_1_324' title='bbox 1096 4673 1338 4757; x_wconf 82' lang='lat' dir='ltr'>aequabilitatis</span> <span class='ocrx_word' id='word_1_325' title='bbox 1370 4674 1437 4739; x_wconf 88' lang='lat' dir='ltr'>ictu</span> <span class='ocrx_word' id='word_1_326' title='bbox 1469 4674 1625 4759; x_wconf 87' lang='lat' dir='ltr'>primario</span> 
     </span>
     <span class='ocr_line' id='line_1_42' title="bbox 347 4775 1502 4866; baseline 0.004 -26"><span class='ocrx_word' id='word_1_327' title='bbox 347 4775 437 4860; x_wconf 86' lang='lat' dir='ltr'>pedis</span> <span class='ocrx_word' id='word_1_328' title='bbox 461 4779 634 4863; x_wconf 90' lang='lat' dir='ltr'>compositi</span> <span class='ocrx_word' id='word_1_329' title='bbox 658 4779 839 4845; x_wconf 85' lang='lat' dir='ltr'>catalectici</span> <span class='ocrx_word' id='word_1_330' title='bbox 862 4802 965 4866; x_wconf 91' lang='lat' dir='ltr'>aequo</span> <span class='ocrx_word' id='word_1_331' title='bbox 989 4779 1160 4846; x_wconf 81' lang='lat' dir='ltr'>intervallo</span> <span class='ocrx_word' id='word_1_332' title='bbox 1183 4782 1337 4846; x_wconf 90' lang='lat' dir='ltr'>redeunte</span> <span class='ocrx_word' id='word_1_333' title='bbox 1361 4780 1502 4846; x_wconf 88' lang='lat' dir='ltr'>efficitur</span> 
     </span>
    </p>
   </div>
   <div class='ocr_carea' id='block_1_9' title="bbox 0 0 1708 5378">
    <p class='ocr_par' dir='ltr' id='par_1_11' title="bbox 0 0 1708 5378">
     <span class='ocr_line' id='line_1_43' title="bbox 0 0 1708 5378; baseline 0 4"><span class='ocrx_word' id='word_1_334' title='bbox 0 0 1708 5378; x_wconf 95' lang='lat' dir='ltr'> </span> 
     </span>
    </p>
   </div>
  </div>
 </body>
</html>
