3406 5378
748 387 897 438 ISTHMIA
916 388 951 439 ll.

210 566 244 610 ao
264 559 335 623 ταῖς
358 553 512 632 λιπαραῖς
535 546 571 611 ἐν
591 545 762 630 Ἀθάναις,
785 547 846 613 οὐκ
870 546 1021 632 ἐμέμφθη

262 655 465 739 ῥυσίδιφρον
487 665 580 739 χεῖρα
603 652 800 730 πλαξίπποιο
823 657 945 736 φωτός,

262 887 323 950 τὰν
346 888 536 970 Νικόμαχος
558 886 639 950 κατὰ
662 886 779 969 καιρὸν
802 883 887 968 νεῖμ’
913 884 1054 960 ἁπάσαις
1077 884 1193 960 ἁνίαις.
1284 881 1366 949 Ἀντ.
1386 883 1429 968 β’.

263 994 336 1057 ὅντε
360 991 413 1057 καί
437 993 577 1077 κάρυκες
595 989 651 1056 Ὡ-

306 1109 368 1183 ρᾶν
392 1098 547 1182 ἀνέγνον,
571 1100 797 1184 σπονδοφόροι
821 1099 972 1187 Κρονίδα
1450 1115 1483 1162 35

264 1209 370 1289 Ζηνὸς
391 1205 523 1288 Ἀλεῖοι,
545 1208 711 1283 παθόντες
733 1207 798 1271 πού
821 1231 852 1270 τι
876 1204 1051 1290 φιλόξενον
1075 1209 1186 1289 ἔργον·

209 1330 242 1376 25
262 1313 419 1400 ἁδυπνόῳ
443 1313 481 1377 τέ
499 1337 555 1377 νιν
579 1313 761 1391 ἀσπάζοντο
785 1323 882 1399 φωνᾷ

263 1419 402 1505 χρυσέας
425 1419 461 1484 ἐν
484 1420 644 1503 γούνασιν
668 1423 825 1486 πιτνόντα
851 1423 957 1496 Νίκας

265 1664 363 1734 γαῖαν
382 1650 445 1715 aaa
464 1649 637 1735 σφετέραν,
657 1653 717 1715 τάν
736 1653 777 1734 δὴ
796 1648 963 1716 καλέοισιν
979 1649 1157 1734 Ὀλυμπίου
1175 1652 1259 1727 Διὸς
1302 1648 1367 1715 'Era
1386 1650 1430 1733 β’.
1449 1667 1484 1714 40

262 1761 373 1834 ἄλσος
397 1756 439 1821 ἵν’
468 1757 649 1834 ἀθανάτοις
673 1757 902 1842 Αἰνησιδάμου

262 1866 377 1941 παῖδες
401 1863 437 1929 έν
459 1877 568 1949 τιμαῖς
591 1868 735 1948 ἔμιχθεν.

210 1992 243 2034 ao
263 1971 315 2036 καί
341 1974 402 2055 γίιρ
427 1973 488 2036 οὐκ
511 1971 654 2053 ἀγνῶτες
676 1971 756 2056 ὑμῖν
780 1970 848 2036 ἐντὶ
871 1973 967 2056 δόμοι

262 2081 336 2143 οὔτε
360 2080 494 2162 κώμων,
518 2076 543 2143 ὦ
570 2077 792 2163 Θρασύβουλ’,
816 2078 956 2162 ἐρατῶν,

264 2187 338 2249 οὔτε
363 2188 572 2269 μελικόμπων
596 2185 722 2250 ιἰοιδᾶν.

281 2421 329 2494 22..
348 2411 420 2482 νεῖμ’
441 2411 563 2496 ἁπάσαις
586 2414 657 2468 coni.
677 2415 775 2468 Pauw:
798 2422 877 2483 νωμᾶ
902 2411 1007 2477 πάσαις
1028 2413 1107 2467 codd.
1127 2446 1162 2454 —
1181 2418 1222 2468 23.
1246 2412 1367 2483 ἀνέγνον
1386 2413 1484 2538 scripsi

210 2486 379 2539 Abrensrum
399 2488 509 2538 secutus
528 2485 574 2538 h1c
593 2489 622 2539 et
640 2485 669 2540 P.
685 2504 713 2538 rx
727 2501 752 2540 rs
771 2483 876 2539 collato
895 2485 923 2539 P.
939 2501 1032 2539 1v1ao:
1052 2484 1179 2555 ἀνέγνων
1193 2486 1256 2540 BD
1271 2518 1302 2524 -
1324 2492 1364 2539 24.
1382 2482 1437 2539 Ἀλε
1451 2505 1484 2539 ου

211 2556 298 2682 sithi}
318 2589 353 2680 {a
372 2562 413 2681 Ξῖ).
434 2556 590 2621 ἀσπάζοντο
609 2573 643 2610 ex
662 2556 834 2622 ἀσπάζονται
860 2573 927 2611 corr.
948 2557 975 2610 Β
1002 2587 1034 2596 -
1062 2563 1102 2609 26.
1129 2554 1260 2610 πίτνοντο
1281 2558 1318 2624 Ι),
1344 2565 1484 2610 πιτνῶντα

211 2645 252 2681 e.
291 2644 322 2681 ra
355 2646 373 2680 n
394 2645 414 2681 r.
434 2659 469 2668 -

280 2776 321 2823 21.
342 2765 507 2839 ῥυσίδιφρον
526 2779 604 2840 χεῖρα
624 2788 734 2825 currum
752 2773 878 2824 tuentem
897 2788 1025 2837 manum,
1044 2787 1078 2823 ne
1098 2771 1190 2823 metae
1209 2770 1371 2824 curribueve
1390 2787 1484 2824 aemu-

211 2841 300 2895 lorum
319 2841 540 2896 concertantium
564 2840 744 2897 collideretur
762 2873 796 2882 -
815 2848 857 2895 22.
883 2838 1061 2911 Νικόμαχον·
1086 2840 1160 2894 hunc
1179 2840 1378 2896 Atheniensem
1398 2841 1484 2895 fuisse

209 2912 378 2967 scholiastae
402 2913 530 2980 tradunt,
555 2929 588 2966 ex
613 2913 665 2968 hoc
684 2913 758 2983 ipso,
778 2913 889 2984 opinor,
909 2914 971 2967 loco
990 2912 1180 2967 coniecturam
1199 2911 1335 2967 facientes
1356 2944 1389 2953 -
1408 2911 1482 2982 νεῖμ’

210 2984 334 3045 άπάσαις
348 2982 450 3051 ἁνίαις,
469 2984 596 3038 admovit
610 3002 659 3038 suo
675 2988 799 3055 tempore
818 3001 932 3038 manum
951 2982 1080 3037 omnibus
1099 2983 1226 3052 habenis,
1246 2986 1278 3037 ut
1295 2984 1383 3038 citato
1403 3001 1486 3038 cursu

211 3058 313 3107 metam
339 3055 603 3124 circumveheretur‚
627 3055 656 3109 id
679 3057 753 3124 quod
778 3055 881 3109 clarius
900 3054 1041 3125 Vergilius
1060 3057 1128 3109 Aen.
1143 3075 1160 3108 v
1174 3072 1213 3110 oie
1232 3070 1266 3108 ex
1287 3055 1382 3111 ressit:
1405 3057 1486 3110 addit

209 3128 289 3192 frenc
312 3128 379 3192 f'eris
400 3128 577 3249 πιακίδιιςραι
599 3129 687 3181 urania
710 3129 826 3194 efficacit
844 3128 964 3182 habenae
986 3159 1022 3166 —
1045 3132 1086 3181 23.
1111 3125 1174 3181 όντε
1193 3125 1252 3180 scil.
1301 3126 1485 3195 icomachum‚

210 3197 259 3264 qui
283 3196 407 3266 proxime
431 3199 529 3251 antece
551 3197 586 3264 it,
610 3215 666 3253 non
686 3198 882 3265 Xenocratem,
906 3197 954 3265 qui
977 3197 1082 3268 primae
1106 3200 1200 3268 partes
1224 3200 1284 3252 toto
1308 3197 1337 3250 in
1361 3197 1484 3252 carmine

210 3268 333 3335 obtinet,
352 3267 419 3321 licet
439 3269 540 3321 mirum
558 3268 647 3322 videri
666 3270 757 3338 possit
775 3268 903 3348 aurigam
922 3268 1016 3349 potius
1035 3285 1119 3337 quam
1140 3268 1274 3323 victorem
1293 3268 1383 3338 princi
1404 3286 1449 3323 em
1468 3286 1485 3323 a

210 3338 331 3392 Pindaro
350 3339 468 3393 laudari.
506 3339 561 3393 Sed
581 3339 728 3409 Olympica
746 3339 865 3394 victoria
884 3338 970 3393 eohus
989 3340 1124 3393 Theronis
1144 3340 1206 3407 luit,
1225 3357 1281 3394 non
1301 3342 1332 3393 ut
1351 3288 1485 3394 lsibmica

210 3414 239 3463 et
263 3409 381 3478 Pythice
403 3410 522 3463 fratrum
540 3410 675 3465 Theronis
698 3415 728 3465 et
746 3411 911 3464 Xenocratis
935 3410 1101 3475 communis;
1127 3414 1273 3480 praeterea
1297 3410 1484 3465 Nicomachus

210 3482 372 3535 etiamnunc
390 3481 464 3535 inter
482 3481 560 3536 vivos
579 3482 666 3536 luisse
685 3486 714 3537 et
731 3481 884 3551 praecipua
902 3481 996 3551 gratia
1014 3482 1184 3550 Thrasybuli
1202 3499 1269 3535 usus
1291 3499 1352 3536 esee
1373 3482 1485 3536 videtur

213 3586 243 3591 —
264 3555 384 3621 κάρυκες
398 3552 484 3620 Ὡρᾶν
500 3597 505 3607 .
519 3598 542 3607 ..
559 3551 750 3623 σπονδοφόροι
770 3551 904 3621 Κρονίδα,
923 3553 1034 3607 fetiales
1054 3553 1122 3619 Elei,
1142 3552 1191 3620 qui
1210 3572 1273 3607 cum
1292 3570 1380 3622 aeque
1399 3557 1485 3622 atque

209 3625 370 3678 sacerdotes
389 3625 508 3678 Romani
528 3625 615 3679 fastos
635 3626 796 3693 conderent,
815 3628 925 3694 tempus
940 3623 1069 3677 ludorum
1084 3622 1273 3695 designabant
1287 3628 1373 3693 atque
1387 3642 1485 3695 pacem

210 3700 238 3749 et
256 3696 383 3749 indutias
398 3693 573 3819 (ἐκεχειρίαν)
581 3713 636 3765 per
654 3696 738 3751 serias
757 3696 831 3750 lovis
847 3695 1058 3749 denuntiabant.
1093 3695 1296 3749 Posterioribus
1311 3696 1485 3765 temporibus

210 3771 302 3821 certae
318 3767 429 3821 cuidam
444 3784 459 3821 c
472 3767 529 3820 assi
544 3768 721 3822 sacerdotum
735 3783 836 3822 nomen
851 3764 1054 3835 σπονδοφόρων
1069 3765 1191 3819 inditum
1205 3765 1291 3820 fuisse
1308 3767 1398 3820 titulis
1410 3767 1486 3820 Eleis

210 3843 334 3903 constat3
350 3839 420 3892 conf.
432 3838 577 3894 Botticher
589 3838 721 3909 Olympia
734 3858 760 3909 p.
773 3856 818 3893 iai.
838 3838 898 3892 Hoc
913 3837 974 3892 loco
988 3836 1101 3890 fetiales
1116 3836 1167 3903 illi,
1182 3853 1245 3889 cum
1260 3837 1485 3906 hospitalitatem

211 3910 337 3977 aliquam
353 3909 599 3979 Agrigentinorum
618 3909 725 3981 experti
739 3913 840 3978 esseut,
855 3908 976 3963 libenter
990 3907 1192 3962 Nicomachum
1207 3907 1336 3978 aurigam
1350 3908 1486 3963 Theronis

211 3981 359 4050 agnovisse
375 3982 518 4048 dicuntum
533 3981 580 4035 vix
596 3981 669 4035 enim
683 3982 800 4036 verbum
814 3978 934 4050 ἀνέγνον
948 3980 983 4034 de
997 3979 1205 4034 renuntiatione
1213 3979 1328 4033 victorie
1339 3997 1373 4033 ex
1387 3979 1487 4034 tabula

210 4052 287 4105 sacta
302 4052 427 4122 accipere
442 4051 508 4105 licet
523 4084 556 4092 -
571 4058 613 4106 24.
628 4051 772 4116 παθόντες
785 4052 841 4107 πού
855 4072 882 4106 τι
896 4051 1044 4121 φιλόξενον
1059 4049 1155 4119 ἔργον·
1172 4069 1228 4119 quo
1242 4051 1304 4105 loco
1318 4054 1348 4104 et
1361 4053 1486 4121 tempore

210 4124 333 4192 hospitio
349 4123 513 4177 Nicomachi
533 4127 561 4177 et
580 4140 677 4193 regum
692 4123 937 4194 Agrigentinorum
955 4122 999 4176 usi
1018 4125 1119 4189 essent¹
1139 4124 1224 4191 poeta
1242 4140 1299 4176 non
1318 4121 1485 4191 ‹leclaravil3

210 4195 275 4248 inde
300 4195 436 4264 suspicari
460 4195 527 4248 licet
551 4195 644 4263 Eleos,
668 4213 723 4264 quo
748 4194 924 4266 splendorem
947 4194 1076 4247 ludorum
1095 4193 1249 4263 patriorum
1269 4198 1417 4264 augerent,
1437 4212 1487 4264 per

212 4267 322 4335 legatos
342 4283 420 4335 reges
440 4265 553 4320 Siciliae
573 4267 608 4320 ad
628 4267 758 4322 obeunda
771 4266 926 4321 certamina
941 4264 1089 4334 Olympica
1107 4264 1243 4319 invitasse
1263 4298 1295 4305 —
1316 4273 1357 4321 26.
1378 4265 1408 4320 έν
1423 4267 1485 4333 γοό-

211 4356 293 4391 νασιν
316 4335 450 4391 πιτνόντα
475 4335 578 4400 Νίκας·
603 4336 637 4392 cf.
653 4338 687 4393 N.
702 4356 756 4392 vel
778 4335 869 4399 Νίκας
893 4336 922 4390 ἐν
946 4337 964 4390 ά
984 4337 1099 4390 κώνεσσι
1122 4339 1228 4390 πιτνίον
1248 4369 1280 4376 -
1301 4343 1343 4391 27.
1368 4338 1420 4390 τὰν
1436 4381 1441 4390 .
1457 4381 1486 4392 ..

211 4409 305 4470 άλοος·
326 4412 416 4462 totum
435 4426 533 4477 agrum
552 4408 651 4463 Eleum
669 4408 742 4463 Iovis
762 4409 872 4463 hortum
888 4424 948 4461 esse
962 4357 1099 4476 iacebant,
1113 4411 1145 4460 ut
1159 4408 1188 4463 Ρ,
1204 4427 1230 4460 rr
1245 4426 1271 4463 aa
1286 4409 1403 4476 Libyam
1420 4409 1488 4470 Διὸς

211 4490 304 4534 κᾶπον
319 4484 348 4533 et
362 4481 390 4533 P.
406 4499 433 4532 ιν
449 4497 473 4534 ee
489 4480 671 4548 Cyrenaicum
686 4496 785 4551 agrum
799 4487 892 4534 κᾶπον
903 4475 1065 4547 Ἀφροδίτας
1079 4479 1254 4549 nuncupavit
1317 4486 1350 4532 ‘29
1374 4482 1485 4542 παῖδες·

211 4552 322 4605 Theron
336 4553 365 4605 et
379 4552 559 4620 Xenocrates,
573 4551 641 4605 licat
654 4569 740 4605 unum
754 4551 910 4605 Therouem
920 4549 1051 4619 Olympia
1065 4550 1165 4604 vicisse
1180 4555 1265 4619 poeta
1279 4551 1357 4604 dicat
1371 4551 1402 4606 0.
1415 4571 1434 4603 ιι
1448 4569 1487 4609 oa:

212 4625 261 4677 sed
285 4625 363 4676 amat
385 4622 523 4676 Pindarus
546 4641 599 4677 usu
621 4621 739 4693 pluralis
763 4639 821 4676 rem
844 4638 1014 4692 exaggerare
1038 4625 1067 4675 et
1089 4622 1183 4690 plures
1206 4621 1313 4690 gloriae
1334 4623 1487 4692 participes

212 4695 316 4755 διδότω
341 4694 375 4748 cl.
396 4695 415 4749 l.
437 4714 444 4745 r
467 4712 489 4748 ιι
511 4727 542 4734 -
563 4694 593 4749 ἐν
616 4703 708 4763 τιμαῖς
731 4693 858 4764 ἔμιχθεν·
884 4692 1037 4747 bonoribus
1061 4692 1155 4747 affecti
1179 4695 1256 4755 sant;
1282 4694 1315 4747 cs.
1336 4695 1368 4747 Ο.
1383 4712 1393 4744 ι
1411 4714 1437 4748 νο
1457 4694 1487 4747 ἐν

212 4764 408 4836 αἱμακουρίαις
431 4763 560 4835 μέμικται
584 4798 619 4805 -
643 4771 685 4821 31.
709 4767 808 4836 νόμον
823 4809 828 4819 .
846 4808 851 4818 .
868 4808 873 4817 .
888 4765 992 4818 ἀοιδᾶν
1015 4764 1244 4818 comissationum
1267 4781 1487 4835 pomparumque

212 4842 241 4891 et
260 4839 415 4891 carminum
434 4837 463 4891 in
483 4837 679 4892 comissatione
699 4837 895 4891 canendorum.

266 4938 397 4978 imulare.
414 4937 449 4981 ιο.
465 4938 566 4978 curin.
1243 4930 1276 4978 22
