3406 5378
709 400 864 452 Olrl'blPlA
886 403 918 454 X.
1411 402 1452 465 79

175 567 255 627 idem
283 571 401 643 tempus
429 556 517 627 factis
545 570 689 646 cognatas
716 588 763 630 res
791 573 919 628 tractare
948 572 979 628 et
1006 570 1154 628 similibus
1182 571 1384 630 locutionibus
1407 572 1453 631 uti
1531 588 1536 598 ’

174 657 204 715 in
227 657 342 734 libello,
368 658 427 715 Zur
450 656 648 735 Chronologie
672 658 880 717 Pindarischer
904 659 1149 737 Siegesgesbnge,
1173 681 1200 736 p.
1221 672 1255 718 42
1275 679 1321 738 ss,
1345 660 1451 737 proba-

173 746 271 804 vimus
295 749 325 804 et
348 747 427 804 infra
450 747 584 805 carmina
607 746 638 804 P.
654 765 686 803 ιιι
704 751 735 805 et
753 748 776 804 I.
794 766 827 804 111
850 753 1057 823 comparantes
1082 750 1260 810 evincemus.
1305 750 1452 809 Brevibus

173 835 268 911 igitur
292 836 458 894 intervallis
482 836 644 894 interiectis
667 839 788 911 poetam
810 837 941 912 primum
960 838 1046 897 ludos
1066 837 1238 913 Olympicos
1262 839 1299 897 ab
1323 838 1451 898 Hercule

173 924 330 982 institutos
354 918 403 1003 (Ο.
428 917 471 1005 x),
495 925 600 983 deinde
625 945 730 1002 agrurn
755 925 946 1001 Olympicum
970 927 1007 985 ab
1031 926 1158 986 Hercule
1183 929 1311 986 oleastro
1335 928 1450 1004 Hyper-

173 1013 261 1073 boreo
291 1014 439 1073 consitum
468 1005 517 1095 (0.
543 1008 604 1096 ιιι),
636 1015 673 1072 ad
703 1018 886 1090 postremum
916 1014 1061 1075 Oenomai
1091 1021 1121 1074 et
1151 1017 1271 1092 Pelopis
1301 1020 1450 1076 certamen

172 1103 251 1161 ludis
271 1100 436 1179 Olympicis
459 1103 614 1179 praevium
634 1096 682 1183 (O.
704 1102 728 1183 ι)
748 1104 928 1162 carminibus
952 1106 1119 1164 illustrasse
1143 1106 1227 1165 duco.
1260 1107 1324 1164 Hoc
1348 1110 1449 1165 autem

172 1195 307 1250 nostrum
335 1212 462 1270 cannen,
486 1193 566 1269 quod
595 1192 631 1250 ab
655 1193 865 1269 exsuperantia
888 1194 1011 1252 iuvenili
1036 1197 1066 1252 et
1090 1195 1246 1253 ieiunitate
1271 1196 1450 1254 senescentis

172 1282 245 1339 artis
275 1301 371 1357 aequo
402 1282 560 1341 intervallo
591 1282 687 1359 abest,
719 1282 827 1340 Thebis
851 1302 869 1341 a
892 1287 982 1358 poeta
1011 1284 1135 1343 missum
1159 1303 1221 1343 esse
1246 1304 1280 1342 ex
1303 1302 1392 1343 versu
1416 1296 1450 1343 85

172 1374 305 1446 apparet.

261 1461 295 1517 In
320 1461 451 1535 proemio
476 1465 565 1536 praeta
590 1480 620 1519 se
648 1463 804 1537 tamquam
828 1482 862 1519 ex
886 1461 1035 1521 oblivione
1059 1482 1094 1521 ac
1116 1465 1238 1521 veterno
1262 1462 1386 1540 excitat,
1414 1466 1450 1521 nt

171 1567 289 1607 carmen
320 1549 372 1607 diu
402 1549 582 1625 promissum
613 1550 733 1608 tandem
764 1551 926 1626 aliquando
957 1570 1026 1609 cum
1056 1552 1175 1610 foenore
1204 1551 1307 1610 mittat
1330 1545 1448 1632 (1—12)

173 1637 335 1713 urbemque
367 1639 530 1697 Locrorum
563 1644 593 1697 et
623 1639 838 1716 Agesidamum
867 1640 1011 1699 victorem
1043 1660 1103 1698 nna
1136 1660 1205 1699 cum
1238 1641 1333 1716 alipta
1365 1641 1450 1702 lolao

172 1726 312 1785 laudibus
336 1730 422 1786 ornet
445 1719 588 1807 (lta—³23).
629 1728 665 1785 In
688 1728 847 1805 principali
871 1733 955 1804 parte
980 1729 1119 1788 carminis
1144 1722 1290 1811 (al-⁷7),
1314 1749 1383 1789 cum
1406 1731 1449 1788 fa·

171 1815 244 1874 bula
266 1819 329 1874 tam
353 1817 477 1895 longum
501 1836 619 1875 carmen
638 1836 736 1877 carere
756 1839 816 1877 non
835 1824 943 1896 posset,
962 1839 1059 1895 neque
1078 1819 1257 1879 domesticae
1276 1839 1323 1879 res
1341 1820 1449 1880 Locro-

172 1925 240 1963 rum
262 1906 530 1982 Epizephyriorum
553 1906 687 1964 fabulam
711 1908 946 1985 suppeditarent,
971 1907 1144 1984 Olympicus
1167 1909 1262 1986 ludoS,
1286 1908 1317 1967 in
1340 1908 1450 1985 quibus

171 1995 368 2073 Agesidamus
387 1995 518 2071 palmam
538 1997 633 2055 multo
653 2016 721 2054 cum
739 1997 840 2057 labore
859 2001 1017 2073 meruerat,
1033 1997 1070 2055 ab
1085 1998 1212 2057 Hercule
1232 1998 1367 2058 conditos
1386 2017 1449 2057 esse

172 2086 283 2142 narrat.
329 2084 429 2160 Atque
458 2085 588 2161 primum
616 2085 703 2144 ludos
731 2107 766 2145 cx
793 2087 916 2163 praeda,
946 2106 1006 2162 qua
1033 2086 1084 2145 ille
1108 2086 1227 2165 Augea,
1256 2087 1348 2163 impio
1378 2107 1447 2165 rege

171 2172 317 2250 Pisarum,
341 2173 457 2233 devicto
481 2174 597 2250 potitus
620 2178 706 2252 esset,
728 2175 884 2233 institutos
903 2193 965 2233 esse
984 2177 1076 2234 refert
1095 2167 1239 2257 (al—59).
1278 2176 1363 2252 Exin,
1383 2176 1448 2251 qui-

171 2281 240 2320 nam
257 2263 361 2338 primis
381 2263 440 2321 illis
459 2263 539 2322 ludis
557 2265 589 2321 in
608 2263 736 2342 singulis
759 2264 955 2322 certaminum
978 2264 1137 2341 generibus
1159 2265 1293 2340 praemia
1314 2265 1447 2342 tulerint,

171 2354 202 2409 et
226 2371 303 2427 qnae
327 2352 544 2412 sollemnitates
571 2354 735 2411 certamina
763 2352 817 2411 sub
846 2371 1002 2428 vesperum
1031 2357 1151 2412 secutae
1180 2354 1252 2430 sint,
1281 2354 1376 2411 facete
1400 2373 1447 2412 ex·

171 2441 257 2516 ponit
280 2433 424 2522 (so-77).
465 2442 537 2500 Inde
564 2442 594 2498 in
620 2446 751 2500 extrema
776 2445 860 2518 parte
887 2441 1026 2501 carminis
1052 2462 1121 2500 cum
1147 2443 1184 2501 ad
1208 2461 1254 2501 res
1277 2445 1448 2517 praesentes

170 2529 315 2608 rediisset,
335 2533 429 2589 semet
452 2530 551 2605 ipsum
574 2533 605 2587 et
627 2529 750 2589 chorum
773 2535 809 2588 ut
832 2531 959 2606 epinicio
983 2531 1113 2589 carmine
1138 2531 1175 2589 ad
1198 2550 1333 2590 normam
1357 2532 1447 2607 prisc·

171 2639 255 2677 orum
279 2619 402 2678 illorum
423 2619 562 2678 ludorum
581 2620 745 2695 composito
765 2620 895 2695 primum
913 2620 993 2679 Iovis
1013 2639 1122 2677 numen
1141 2620 1327 2696 praedicaret
1345 2621 1447 2680 cohor-

171 2711 253 2766 tatus
282 2708 415 2768 versibus
443 2728 507 2767 sero
536 2707 647 2785 missis,
678 2709 728 2767 sed
756 2713 855 2768 tamen
883 2712 969 2787 grate
993 2708 1271 2785 supervenientibus
1294 2709 1446 2769 civitatem

170 2797 331 2857 Locrorum
340 2797 579 2856 florentissimam
591 2800 621 2856 et
632 2817 758 2872 puerum
768 2799 911 2857 rictorem
923 2798 1156 2874 pulcherrimum
1169 2798 1275 2855 laudat
1284 2791 1445 2879 (ts-105).

258 2887 375 2944 Fabula
402 2906 478 2962 (puae
507 2887 562 2945 hoc
590 2888 719 2945 carmine
747 2890 778 2946 et
805 2888 895 2947 tertio
920 2887 1077 2964 Olympico
1105 2887 1234 2946 carmine
1259 2888 1294 2945 de
1317 2887 1446 2946 Hercule
1483 2930 1491 2943 .

170 2976 277 3034 Dorico
306 2976 458 3034 conditore
487 2975 627 3035 ludorum
652 2975 876 3053 Olympicorum
907 2977 1041 3052 exposita
1065 2980 1123 3053 est,
1148 2996 1327 3054 magnopere
1351 2976 1388 3034 ab
1412 2996 1447 3036 ea

170 3064 330 3143 discrepat,
359 3084 450 3140 quam
480 3065 646 3124 sacerdotes
673 3066 740 3124 Elei
767 3066 802 3125 do
826 3066 917 3125 Idaeo
940 3057 1069 3125 Hercule
1093 3069 1214 3126 auctore
1239 3063 1447 3141 Olympiorum

170 3153 332 3212 narrabant
355 3154 578 3233 (v.Paus.v111
601 3166 624 3229 7,
644 3165 667 3211 d.
693 3155 981 3231 Strab.vr11p.355.
1005 3155 1126 3215 Diodor.
1146 3174 1179 3212 ιιι
1201 3166 1242 3232 74,
1261 3166 1286 3213 4.
1307 3174 1323 3213 v
1344 3166 1386 3231 64,
1407 3147 1446 3235 a).

168 3241 297 3302 Videtur
318 3247 420 3302 autem
444 3243 592 3301 Pindarus
613 3246 741 3301 veterem
760 3246 873 3302 famam
892 3245 1075 3322 immutasse,
1093 3248 1130 3302 ut
1148 3244 1277 3322 gloriam
1300 3244 1446 3303 antistitis

170 3332 292 3391 Doricae
312 3332 414 3408 stirpis
434 3330 631 3407 amplificaret
649 3334 680 3390 et
698 3333 872 3392 memoriam
890 3333 1005 3404 Dorum
1024 3335 1056 3392 in
1075 3353 1181 3411 agrum
1200 3333 1344 3392 Pisanum
1362 3333 1446 3391 inva-

169 3420 303 3479 dentium
326 3441 395 3480 cum
418 3420 609 3480 institutione
628 3421 768 3480 ludorum
788 3420 1013 3499 Olympicornm
1032 3423 1234 3501 coniungeret.
1272 3422 1350 3481 Hinc
1368 3423 1444 3480 illud

168 3529 287 3586 quoque
307 3512 482 3587 explicatur,
502 3510 582 3585 quod
596 3511 720 3588 Augeae
739 3515 770 3569 et
783 3511 1015 3572 Molionidarum
1034 3531 1140 3572 causas
1159 3512 1280 3570 miscuit
1299 3516 1330 3570 et
1346 3511 1446 3570 varias

168 3599 351 3660 incursiones
374 3620 409 3660 ex
433 3599 557 3659 diversis
579 3599 752 3677 regionibus
775 3600 806 3658 in
825 3601 943 3661 Elidem
961 3601 999 3660 ab
1019 3601 1146 3661 Hercule
1166 3602 1262 3661 factas
1283 3602 1313 3659 in
1332 3602 1446 3660 famam

167 3689 258 3747 unius
272 3689 444 3765 splendidae
460 3689 655 3764 expeditionis
670 3689 824 3765 conflavit,
838 3711 865 3749 v.
875 3690 1034 3767 Luebbert,
1044 3691 1088 3749 De
1099 3690 1183 3748 Pind.
1192 3709 1281 3749 carm.
1290 3688 1408 3766 Olymp.
1417 3709 1445 3767 x,

168 3777 382 3856 Kiliae1881,
407 3777 565 3856 Originum
588 3778 761 3837 Eliacarum
785 3780 884 3855 capita
908 3780 1026 3856 selecta,
1050 3780 1240 3837 Meletemata
1264 3779 1299 3836 de
1323 3779 1445 3837 Pindari

166 3868 332 3927 carminum
354 3868 464 3944 quibus
479 3866 637 3943 Olympiae
657 3868 787 3945 origines
801 3868 883 3927 canit
896 3868 1038 3945 fontibus,
1053 3868 1174 3926 Bonnae
1192 3869 1285 3944 1882,
1302 3868 1445 3926 Wilamo-

166 3956 247 4033 witz,
270 3958 341 4016 Eur.
361 3957 482 4016 Herakl.
503 3976 511 4013 1
532 3968 592 4016 271.
1054 3961 1058 3967 ’

711 4091 754 4157 De
778 4092 899 4159 metris.

255 4223 401 4283 Carminis
429 4223 519 4284 huius
547 4224 664 4283 numeri
692 4228 764 4282 sunt
790 4224 940 4302 paeonici,
969 4225 1124 4300 dactylicis
1152 4229 1183 4283 et
1210 4224 1391 4301 logaoedicis
1414 4227 1445 4284 et

165 4313 296 4388 epitritis
318 4313 363 4371 ita
386 4313 481 4391 mixti,
505 4316 542 4371 ut
565 4319 596 4372 et
618 4314 793 4373 colometria
816 4317 847 4372 et
869 4314 979 4390 pedum
1006 4313 1111 4373 divisio
1136 4313 1350 4372 incertissimas
1375 4314 1443 4374 sint.

167 4401 231 4459 Iam
251 4406 365 4461 vetares
384 4403 523 4462 metricos
543 4404 691 4478 quomodo
711 4403 777 4462 cola
796 4403 886 4461 huius
905 4403 1044 4463 carminis
1063 4403 1222 4462 dividenda
1241 4406 1340 4462 essent
1358 4404 1443 4462 dubi-

165 4493 253 4569 tasse,
272 4492 385 4551 seholia
404 4492 442 4551 ad
460 4513 489 4553 v.
504 4504 539 4549 ⁶24
559 4495 721 4569 testantur,
741 4493 792 4551 sed
811 4494 899 4568 plane
919 4492 1036 4552 futtiles
1055 4493 1182 4552 istorum
1201 4493 1332 4552 rationes
1350 4493 1443 4552 fuisse

164 4598 232 4639 cum
246 4581 421 4641 colometria
435 4581 571 4641 codicum
590 4585 656 4639 tum
673 4582 777 4657 inepta
796 4582 955 4658 explicatio
973 4582 1150 4641 scholiastae
1169 4581 1285 4641 metrici
1300 4585 1441 4660 arguunt.

164 4669 291 4729 Maxime
321 4674 423 4730 autem
446 4669 602 4730 offensioni
630 4674 701 4729 sunt
724 4671 839 4747 epitriti
866 4672 956 4748 pedes
979 4672 1064 4730 iuxta
1087 4671 1274 4730 ditrochaeos
1297 4691 1388 4747 puros
1412 4675 1441 4730 et

163 4777 291 4833 paeones
311 4759 411 4837 positi,
431 4759 578 4835 siqnidem
596 4758 686 4817 buius
706 4760 858 4820 societatis
876 4762 938 4820 alia
956 4762 1091 4837 exempla
1110 4759 1180 4819 novi
1203 4761 1295 4820 nulla.
1337 4762 1442 4836 Neque

164 4867 236 4907 num
266 4853 345 4909 recte
368 4848 504 4907 versibus
527 4850 578 4907 str.
598 4860 623 4906 4.
643 4868 688 4924 ep.
709 4860 732 4908 1.
752 4861 767 4908 a
787 4849 944 4910 iambicam
967 4850 1077 4928 basim,
1104 4849 1239 4909 versibus
1263 4869 1308 4924 ep.
1328 4861 1352 4908 a.
1372 4861 1396 4908 4.
1417 4860 1441 4910 5.
