3406 5378
708 1329 927 1384 uuuuou.2.

460 1490 765 1575 ΣΩΓΕΝΕΙ
811 1492 1177 1576 ΑΙΓΙΝΗΤΗι

709 1683 930 1738 numusunae

732 1968 907 2040 strophae.
991 1959 998 1976 ¹

698 3520 938 3603 Argumentum.

272 3649 306 3706 ln
330 3650 385 3709 hoe
409 3649 538 3710 carmine
557 3651 675 3709 duabus
693 3649 855 3726 provinciis
873 3658 962 3726 poete
981 3654 1103 3710 linuatus
1127 3654 1172 3709 est
1196 3656 1226 3709 et
1249 3651 1368 3727 epinieii
1386 3651 1456 3710 seri-

183 3737 278 3813 bendi,
303 3758 363 3814 quo
382 3739 539 3799 victoriam
558 3739 683 3818 Sogenis
701 3739 882 3801 Nemeaeum
901 3740 1076 3816 illustraret,
1096 3742 1126 3798 et
1149 3739 1328 3800 defensionis
1347 3740 1457 3799 haben·

181 3826 244 3903 dae,
268 3846 329 3903 qua
351 3828 483 3906 erimina,
507 3829 617 3910 quibus
641 3829 678 3888 ob
702 3847 847 3905 paeonem
870 3832 960 3889 antea
982 3829 1107 3904 Delphis
1130 3830 1245 3888 factum
1264 3849 1283 3888 a
1302 3829 1457 3889 malevolis

180 3915 350 3975 hominibus
372 3918 540 3995 petebatur,
564 3919 764 3996 redargueret.
810 3918 1043 3994 Neoptolemum
1066 3918 1154 3994 enim,
1178 3919 1231 3994 qui
1254 3919 1331 3977 inter
1353 3918 1457 3978 heroes

179 4004 368 4080 Aeginetioos
396 4012 474 4083 erat,
502 4007 533 4065 in
561 4027 674 4084 paeane
702 4007 755 4066 illo
783 4008 881 4067 verbis
909 4004 1102 4085 ἀμφιπόλοισι
1125 4006 1314 4085 μαρνάμενον
1338 4015 1457 4086 μοιριᾶν

179 4090 244 4170 περὶ
267 4103 354 4170 τιμᾶν
378 4092 558 4155 ἀπολωλέναι
587 4089 629 4176 (u.
651 4097 740 4156 sohel.
765 4097 803 4155 ad
826 4117 872 4156 vv.
892 4108 935 4157 94.
957 4102 1023 4177 150)
1053 4100 1210 4172 tamquam
1233 4097 1380 4155 latronem
1403 4096 1456 4155 inr-

179 4182 306 4258 probum
330 4189 360 4242 et
383 4185 562 4264 sacrilegum
585 4186 753 4245 diffamasse
777 4180 980 4245 incusabatur.
1018 4185 1116 4244 Huius
1140 4185 1234 4263 igitur
1256 4185 1388 4245 oriminis
1412 4185 1456 4244 in-

179 4270 290 4329 vidiam
315 4272 446 4347 primum
470 4274 603 4333 omnium
630 4274 686 4334 sibi
715 4275 894 4334 abluendam
923 4295 984 4334 esse
1013 4275 1149 4351 putabat,
1172 4294 1210 4333 ne
1232 4274 1456 4352 Aegimurum,

180 4379 256 4436 quos
281 4381 315 4419 ex
335 4362 434 4421 animo
453 4363 606 4440 diligebat,
625 4364 727 4423 favore
745 4364 917 4440 privaretur
935 4383 1008 4423 neve
1028 4364 1161 4423 earmina
1179 4381 1235 4422 sua
1254 4364 1290 4422 ab
1310 4365 1457 4423 obtrecta-

180 4449 294 4508 toribus
323 4450 418 4511 sibilis
449 4453 682 4530 exagitarentur.
732 4453 815 4511 Adeo
846 4457 949 4511 autem
979 4452 1054 4512 haue
1085 4453 1263 4512 defensionis
1294 4472 1397 4512 euram
1427 4453 1456 4511 in

179 4542 243 4597 toto
274 4539 404 4598 carmine
435 4540 607 4616 praeualere
637 4541 747 4619 uoluit,
778 4545 814 4600 ut
837 4548 868 4601 et
890 4547 1053 4602 metrorum
1076 4562 1183 4621 genere
1207 4563 1255 4617 eo,
1284 4543 1365 4619 quod
1387 4562 1457 4619 pae-

179 4648 270 4687 enum
289 4628 446 4704 proprium
460 4632 545 4708 esset,
564 4632 701 4689 uteretur
719 4633 750 4689 et
769 4632 897 4691 colorem
916 4650 1065 4708 paeanum
1084 4631 1336 4708 dithyrambieum
1354 4631 1456 4690 multi-

180 4717 282 4776 tudine
312 4717 492 4796 figurarum,
523 4719 706 4778 transituum
734 4720 863 4796 abrupte
893 4722 1002 4797 forma,
1032 4721 1191 4780 uerborum
1213 4720 1456 4796 transpositionis

179 4807 305 4866 audacie
335 4807 512 4868 imitaretur.
560 4807 645 4878 Quod
675 4811 776 4870 autern
813 4830 848 4868 ex
884 4810 1035 4870 ueteribus
1072 4809 1276 4887 grammaticis
1311 4810 1457 4887 nonnulli,
