3406 5378
691 363 824 413 PYTHIA
842 364 873 414 V.

361 525 450 610 ὄφρα
472 526 516 609 μὴ
540 528 638 612 ταμίᾳ
661 524 773 610 Κυρά-

404 656 464 708 νας
487 632 602 716 ἀτελής
625 632 754 714 γένοιτο
777 632 1026 715 μαντεύ-μασιν.

361 861 456 926 daal
478 867 617 948 βαρειᾶν
639 866 750 928 νόσων
1035 866 1114 946 Στρ.
1139 861 1180 942 γ’.
1227 877 1260 923 85

360 968 513 1053 ἀκέσματ’
539 971 695 1055 ἄνδρεσσι
717 967 772 1033 καὶ
796 967 926 1050 γυναιξὶ
949 968 1052 1052 νέμει,

308 1094 341 1140 aa
360 1079 462 1159 πόρεν
485 1099 519 1140 τε
542 1079 679 1162 κίθαριν
702 1076 823 1140 δίδωσί
843 1099 877 1139 τε

406 1188 542 1248 Μοῖσαν
565 1176 614 1259 οἷς
638 1183 679 1247 ἀν
702 1181 815 1266 έθέλη,

361 1289 524 1374 ἀπόλεμον
547 1290 681 1373 ἀγαγὼν

361 1395 393 1472 ές
415 1397 581 1482 πραπίδας
604 1397 777 1480 εὐνομίαν,

360 1506 467 1586 μυχόν
489 1502 516 1566 τ’
546 1502 686 1587 ἀμφέπει

361 1613 533 1693 μαντήϊον·
558 1619 603 1697 τῷ
628 1611 850 1693 Λακεδαίμονι

310 1735 342 1781 70
362 1717 398 1782 έν
411 1717 524 1801 ’Ἀργει
547 1741 582 1782 τε
605 1715 659 1782 καὶ
683 1717 784 1804 ζαθέᾳ
807 1719 910 1804 Πύλῳ

361 1828 498 1890 ἔνασσεν
522 1824 684 1900 ἀλκᾶντας
701 1823 882 1909 Ἡρακλέος
1228 1841 1262 1887 96

361 1931 518 2012 ἐκγόνους
542 1933 700 2014 Αἰγιμιοῦ
723 1954 766 1995 τε.
812 1933 849 1995 τὸ
873 1929 904 1993 δ’
931 1930 1023 2014 έμόν,
1046 1932 1184 2016 γαρύειν

363 2037 426 2101 ἀπὸ
451 2037 609 2122 Σπάρτας
632 2036 796 2122 ἐπήρατον
818 2036 923 2114 κλέος·

220 2254 262 2303 69.
282 2248 418 2318 μαντήιον
436 2252 473 2319 τῷ
492 2249 537 2300 καὶ
559 2254 627 2301 Λακ.
647 2248 765 2314 BDE,
784 2250 829 2301 acl
850 2248 916 2303 eiec.
932 2249 1016 2301 Pauw
1036 2248 1120 2302 schol.
1142 2253 1261 2315 secutus,
1281 2258 1421 2318 guerrico,

148 2327 186 2391 τῷ
206 2321 251 2373 καὶ
273 2318 343 2373 coni.
358 2319 500 2372 Hermann
515 2351 548 2358 -
565 2324 605 2372 71.
627 2318 743 2373 ἔννασεν
757 2319 786 2373 D
800 2353 834 2359 —
850 2326 891 2372 72.
911 2320 1026 2389 γαρύειν
1046 2320 1115 2372 coni.
1131 2320 1288 2375 Hermann:
1307 2319 1419 2390 γαρύετ’

150 2393 217 2445 RD
239 2391 299 2460 (sed
319 2391 348 2444 D
367 2390 395 2443 in
414 2389 470 2459 lit,
489 2390 563 2444 unde
582 2389 714 2459 γαρύεντ’
736 2390 891 2459 antiquitus
911 2391 1045 2460 scriptum
1064 2391 1150 2444 fuisse
1170 2392 1329 2460 suspiceris)
1348 2392 1378 2445 E
1394 2395 1423 2444 et

149 2463 247 2528 schol,
268 2460 397 2586 yapdrvr’
414 2462 479 2532 ΡΩ
496 2462 536 2530 R,
556 2461 629 2514 unde
649 2461 764 2531 γαρύειν
782 2462 855 2515 τάπὸ
874 2461 941 2515 olim
961 2461 1133 2516 conieceram
1157 2495 1190 2501 —-
1215 2469 1256 2518 73.
1282 2466 1422 2531 Σπαρτῶν

149 2535 221 2587 coni.
240 2534 298 2587 Hec
320 2550 349 2586 cr
368 2566 402 2572 —

221 2682 262 2730 62.
287 2676 489 2745 μαντεύμασιν,
508 2691 580 2744 quae
598 2675 683 2729 Batto
703 2675 804 2744 Apollo
823 2675 940 2745 Delphis
958 2675 1087 2744 dederat3
1106 2676 1229 2730 breviter
1247 2692 1305 2729 rem
1324 2675 1421 2728 adum-

149 2749 230 2801 brare
255 2749 356 2815 poetae
381 2746 474 2813 licuit,
500 2746 575 2815 quod
606 2763 668 2800 eam
697 2746 756 2799 iarn
781 2750 866 2800 antea
896 2747 924 2801 P.
949 2767 976 2800 ιτ
999 2765 1012 2800 a
1034 2765 1069 2801 ss.
1092 2747 1173 2816 plene
1199 2750 1363 2800 narraverat
1391 2779 1420 2784 --

151 2825 184 2871 63
199 2837 234 2873 ss.
254 2818 355 2888 Apollo
369 2836 425 2871 non
440 2817 530 2872 solum
544 2818 604 2887 ipse
619 2817 778 2872 hominibus
793 2818 906 2886 mederi,
922 2819 970 2873 sed
986 2819 1071 2872 etiam
1087 2819 1258 2872 medicorum
1268 2818 1421 2886 Cyrenaeo-

150 2908 210 2942 rum
234 2892 323 2943 artem
342 2906 503 2959 promovere
522 2888 638 2955 dicitur3
658 2907 683 2944 v.
702 2889 804 2945 Herod.
823 2909 853 2942 111
873 2907 909 2944 rer
929 2899 1033 2957 πρῶτοι
1053 2889 1104 2961 μὲν
1128 2895 1318 2958 Κροτωνιῆται
1332 2890 1420 2958 ίητρολ

150 2959 275 3030 ἐλέγοντο
295 2961 351 3014 ἀνὰ
370 2961 421 3029 τήν
436 2959 557 3014 Ἐλλάδα
576 2956 663 3029 εἶναι,
682 2962 807 3030 δεύτεροι
826 2960 857 3015 δέ
876 2966 1032 3030 Κυρηναῖοι
1050 2994 1084 3001 -
1104 2966 1145 3016 66.
1166 2962 1199 3015 de
1219 2960 1422 3029 Cyrenaeorum

150 3032 251 3085 studiis
270 3032 384 3086 musicis
404 3033 476 3087 conf.
490 3050 534 3086 vv.
551 3049 596 3087 roa.
612 3049 659 3087 ιιι,
678 3033 708 3087 P.
723 3052 750 3085 ιν
765 3048 804 3087 roa
819 3065 851 3072 -
867 3039 909 3086 66.
928 3033 962 3087 cf.
978 3034 1043 3086 Hor.
1059 3034 1087 3089 C.
1102 3052 1133 3085 ιιι
1147 3050 1168 3093 ι.
1183 3050 1208 3086 ιι
1224 3049 1269 3087 vos
1288 3034 1345 3087 leae
1359 3049 1422 3087 coa-

151 3105 245 3158 siliam
263 3111 288 3158 et
306 3106 380 3158 dotis
398 3111 423 3157 ct
440 3105 505 3158 doto
523 3104 661 3173 gaudetis,
680 3104 783 3159 Anton.
802 3104 948 3159 Liberali
968 3113 1075 3158 παῦσαι
1093 3103 1268 3174 (Ἀπόλλωνα)
1288 3103 1423 3173 ἐμφύλιον

149 3172 270 3243 πόλεμον
290 3176 337 3227 κοιλ
357 3173 452 3242 ἔριδας
470 3175 518 3227 καὶ
536 3173 642 3240 στάσιν,
657 3174 805 3244 ἐμποιῆσαι
819 3176 883 3229 ἀντὶ
897 3176 1002 3229 τούτοιν
1017 3175 1047 3230 δ’
1065 3173 1198 3245 εὐνομίαν
1212 3176 1260 3229 καὶ
1274 3173 1360 3244 θέμιν
1375 3176 1421 3227 καί

150 3244 233 3315 δίκην
249 3278 280 3284 -
296 3252 329 3298 69
346 3263 380 3299 ss.
401 3244 516 3299 oracula
530 3244 677 3313 Apollinis,
692 3246 794 3314 quibus
808 3246 975 3300 Heraclidae
989 3251 1019 3301 et
1032 3247 1184 3317 Aegimius,
1199 3263 1247 3300 rex
1264 3246 1376 3311 Dorum,
1392 3250 1424 3298 ut

150 3317 179 3370 in
194 3316 386 3398 Peloponneso
394 3333 484 3391 ¹novas
494 3315 574 3369 sedes
584 3320 758 3384 quaererent,
768 3317 904 3387 compulsi
915 3320 987 3387 sunt,
998 3322 1082 3388 poeta
1091 3318 1246 3387 praedicat,
1256 3320 1288 3369 ut
1297 3317 1333 3370 ad
1342 3316 1422 3369 Dori-

151 3406 212 3441 cam
230 3387 367 3458 onginem
386 3390 590 3456 Cyrenaeorum
609 3387 684 3441 viam
703 3386 757 3441 sibi
776 3392 858 3457 paret
875 3422 909 3427 —
930 3396 963 3442 70
991 3390 1087 3461 Πύλῳ·
1108 3389 1209 3443 schol:
1229 3389 1285 3441 ἀπὸ
1305 3385 1356 3442 οὖν
1375 3396 1423 3456 τῆς

152 3460 246 3513 Πύλον
261 3459 312 3545 τήν
330 3459 483 3527 Μεσσήνην
502 3456 641 3529 σημαίνει·
662 3458 689 3512 οἱ
708 3459 760 3528 γὰρ
780 3461 909 3527 νεώτεροι
923 3460 951 3527 (i.
967 3477 989 3514 e.
1005 3464 1105 3529 poetae
1119 3462 1185 3529 post
1197 3460 1358 3527 Homerum)
1372 3458 1423 3527 τήν
1496 3465 1498 3470 “

153 3531 254 3598 Πύλον,
273 3552 306 3597 ης
321 3531 335 3583 ό
351 3530 465 3597 Νέστωρ
487 3531 585 3600 ἠγεῖτο,
605 3533 638 3584 οὐ
656 3532 721 3599 περὶ
739 3531 791 3599 τὴν
807 3530 963 3600 Τριφολίαν
977 3540 1026 3600 της
1039 3529 1191 3599 Ἀρκαδίας,
1211 3529 1280 3583 ἀλλὰ
1294 3532 1358 3597 περὶ
1371 3530 1423 3598 τὴν

151 3603 304 3671 Μεσσήνην
328 3600 464 3657 διδόασιν.
503 3601 537 3656 cf.
557 3602 587 3655 P.
606 3621 634 3654 vr
653 3619 679 3656 aa
698 3633 731 3641 -
752 3607 792 3656 72.
816 3601 894 3656 τόθ’
916 3603 995 3671 ἐμόν·
1020 3620 1053 3656 ex
1077 3601 1218 3656 constanti
1237 3619 1288 3654 usu
1308 3601 1422 3654 Pindari

151 3673 187 3726 ad
206 3677 320 3742 poetam
339 3674 439 3742 ipsum,
453 3690 509 3727 non
523 3673 559 3727 ad
575 3674 690 3727 chorum
703 3673 880 3727 referendum
894 3678 949 3735 est;
968 3673 1001 3727 cf.
1014 3674 1112 3740 Rehm,
1127 3691 1224 3727 comm.
1235 3673 1302 3742 phil.
1314 3673 1423 3726 Monac.

152 3760 190 3798 ιιι
205 3762 254 3810 ss.;
281 3763 362 3797 suum
385 3744 473 3815 igitur
495 3761 555 3799 esse
578 3748 662 3814 poeta
681 3744 762 3812 dicit,
789 3747 821 3797 ut
839 3744 957 3813 Spartae
974 3744 1149 3867 praeclaram
1169 3745 1273 3797 famam
1293 3744 1423 3810 illustret,

152 3815 224 3869 unde
243 3817 363 3870 maiores
383 3816 426 3869 sui
445 3815 571 3885 Aegidae
591 3816 710 3870 Theram
729 3815 864 3870 venerint.
900 3815 971 3885 Aegi
994 3833 1024 3868 as
1044 3819 1139 3869 autern
1158 3814 1212 3867 sibi
1231 3819 1326 3884 patres
1345 3815 1422 3880 dicit,

151 3887 225 3954 quod
244 3887 288 3940 illi
306 3886 409 3941 Thebis
428 3887 665 3941 Lacedaemonem
684 3886 793 3941 venisse
812 3891 841 3941 et
860 3887 1013 3956 Spartanos
1037 3887 1065 3939 in
1084 3885 1209 3954 Amyclis
1229 3885 1423 3955 expugnandis

151 3958 292 4012 adiuvisse
312 3959 487 4026 serebantur3
507 3959 541 4012 cf.
561 3960 581 4011 l.
600 3978 638 4012 ιιι
658 3975 691 4025 ιε,
709 3958 825 4012 Aristot.
845 3958 874 4011 in
894 3958 978 4013 schal.
999 3959 1035 4011 ad
1054 3958 1080 4012 h.
1100 3957 1118 4012 l.
1153 3957 1272 4010 'l'heram
1292 3973 1357 4010 vero
1376 3973 1423 4009 eos

152 4029 261 4083 venisse
279 4033 384 4098 narrat,
404 4030 478 4098 quod
497 4030 570 4083 inter
588 4029 722 4098 Lacones,
741 4047 810 4098 quos
830 4046 863 4082 ex
882 4030 1091 4084 Lacedaemona
1106 4029 1225 4082 Theram
1244 4027 1381 4095 migrasse
1396 4031 1425 4081 et

151 4118 214 4152 cum
228 4101 330 4169 Minyis
350 4101 472 4155 Lemniis
491 4102 654 4155 commixtos
674 4117 734 4155 esse
753 4104 865 4154 constat
883 4106 918 4170 (v.
933 4101 1034 4155 Herod.
1050 4120 1077 4153 ιν
1093 4104 1149 4170 ιιι),
1170 4098 1293 4169 Aegidas
1312 4115 1423 4168 quoque

151 4171 237 4224 fuisse
251 4171 374 4242 collegit,
385 4173 612 4240 quandoquidem
627 4174 735 4227 Caroea
745 4173 871 4242 Spartae,
880 4173 996 4241 Therae,
1011 4171 1125 4240 Cyrenis
1141 4170 1298 4241 agebantur
1312 4170 1423 4224 eadem·

150 4259 204 4310 que
219 4259 299 4296 sacra
314 4243 468 4297 domestica
482 4246 511 4298 et
524 4243 696 4298 hereditaria
709 4244 802 4312 gentis
812 4243 963 4298 Thebanae
974 4243 1144 4313 Aegidarum
1160 4259 1220 4296 esse
1230 4241 1422 4296 credebantur.

151 4316 242 4380 Atque
266 4313 337 4366 illud
360 4314 474 4383 quidem
497 4314 633 4369 historica
651 4316 705 4368 tide
725 4316 918 4368 confirmatum
937 4317 993 4383 est,
1012 4315 1084 4367 unde
1104 4313 1293 4368 Callimachus
1312 4329 1422 4381 quoque
1483 4366 1484 4370 ,

152 4383 227 4436 fatur
245 4384 337 4452 hymn.
357 4404 377 4436 11
397 4402 422 4439 re
437 4403 477 4440 ss:
503 4385 620 4454 Σπάρτη
640 4406 695 4445 τοι,
715 4390 848 4454 Καρνεῑε,
867 4385 932 4440 τόδε
950 4388 1105 4455 πρώτιστον
1124 4385 1255 4452 ἔδεθλον,
1272 4388 1275 4454 Ι
1292 4384 1424 4452 δεύτερον

151 4453 187 4508 αὖ
205 4458 292 4524 (θήρη,
310 4457 439 4522 τρίτατόν
458 4475 488 4526 γε
507 4454 558 4526 μὲν
577 4457 646 4511 ἀστν
661 4457 798 4526 Κυρήνης.
816 4460 820 4527 l
837 4457 867 4511 ἐκ
886 4458 937 4527 μέν
955 4476 985 4511 σε
1001 4457 1132 4526 Σπάρτης
1151 4455 1232 4511 ἕκτον
1251 4454 1330 4525 γένος
1347 4458 1423 4510 Oler-

152 4525 244 4580 πόδαο
261 4529 264 4595 l
282 4525 367 4596 ἤγαγε
388 4529 516 4613 Θηραίην
535 4527 562 4589 ές
581 4526 739 4583 ἀπόκτισιν·
761 4529 790 4582 ἐκ
810 4528 842 4582 δέ
861 4547 890 4582 σε
912 4529 1005 4597 Θήρης
1021 4531 1024 4598 Ι
1042 4526 1122 4591 οὖλος
1139 4526 1319 4596 Ἀριστοτέλης
1335 4526 1423 4600 'alodo-

151 4597 223 4651 στίόι
237 4597 364 4667 πάρθετο
378 4618 452 4669 γαιη,
481 4597 607 4652 Alterum
622 4599 759 4653 Pindarus
774 4600 888 4668 quidem
902 4600 1022 4654 credidit
1036 4600 1081 4653 vel
1095 4600 1206 4653 credere
1222 4615 1251 4651 se
1271 4597 1423 4665 simulavit,

151 4688 270 4740 magnae
287 4673 381 4723 autem
399 4669 571 4722 dubitationi
587 4670 738 4724 obnoxium
755 4688 815 4725 esse
832 4674 908 4740 puto.
942 4671 1021 4725 Certe
1038 4688 1119 4724 nemo
1137 4670 1303 4741 scriptorum
1320 4670 1424 4723 'llrebis

150 4741 283 4795 historico
302 4746 426 4810 tempore
442 4740 548 4794 Carnea
567 4743 632 4794 acta
651 4757 711 4795 esse
729 4745 850 4796 testatus
870 4746 914 4796 est
932 4759 1022 4811 neque
1041 4742 1248 4811 quisquamne
1266 4740 1423 4794 Luebberto

152 4812 264 4879 quidem
280 4816 404 4882 excepto,
419 4812 527 4866 idoneis
549 4815 721 4881 argumentis
740 4814 792 4868 hoc
811 4814 1001 4882 conprobavit.
1036 4813 1211 4881 Quamquam
1230 4813 1304 4865 enirn
1323 4828 1422 4865 nomeu

205 4912 327 4952 Pisoraca
342 4912 376 4953 ed.
391 4912 494 4952 Christ
1179 4907 1211 4954 1¹2
