3406 5378
817 1075 971 1127 ΠΤΘΙΟΝ.
990 1073 1036 1126 Η’.

489 1238 968 1321 ΑΡΙΣΤΟΜΕΝΕΙ
1008 1236 1365 1322 ΑΙΓΙΝΗΤΗι

820 1432 1029 1484 ΠΑΛΑΙΣΤΗι.

804 3268 1043 3350 Argumentum.

375 3396 577 3457 Aristomenes
607 3397 749 3456 Xenareis
778 3397 858 3455 filius
882 3398 1030 3475 Aegineta
1060 3418 1075 3455 e
1106 3397 1199 3456 nobili
1228 3401 1316 3474 gente
1347 3397 1560 3472 Midylidarum

288 3477 328 3565 (v.
348 3479 398 3567 38)
421 3486 568 3562 Pythiade
593 3490 633 3547 35
654 3513 696 3533 =
717 3489 781 3547 450
801 3479 896 3566 (446)
924 3506 949 3546 a.
970 3486 1036 3545 Chr.
1056 3487 1139 3546 lucta
1160 3487 1286 3562 Delphis
1309 3487 1413 3545 vicisse
1437 3505 1456 3542 a
1478 3487 1560 3545 seho-

286 3575 383 3634 liastis
411 3575 549 3635 traditur.
596 3576 708 3634 Verum
738 3575 773 3634 de
797 3579 930 3651 tempore
953 3576 1083 3651 primum
1107 3575 1144 3633 ab
1169 3573 1222 3634 Od.
1241 3576 1399 3653 Mueller0,
1423 3576 1560 3653 Aeginet.

286 3685 314 3740 p.
336 3675 400 3742 177,
429 3668 494 3724 tum
517 3684 536 3724 a
559 3664 708 3725 Boeckhie
736 3665 866 3742 Bergkio
894 3664 1062 3724 Luebberta
1090 3665 1279 3723 vehementer
1307 3664 1478 3722 dubitatum
1506 3667 1560 3740 est,

287 3753 340 3830 qui
363 3774 431 3813 eum
454 3774 480 3813 a.
501 3757 563 3814 456
588 3755 751 3832 Aeginetae
776 3753 813 3811 ab
837 3753 1068 3813 Atheniensibus
1091 3753 1164 3812 vieti
1186 3772 1277 3812 naves
1301 3754 1430 3830 tradere,
1458 3772 1559 3812 muros

286 3843 411 3920 diruere,
436 3843 583 3902 tributum
606 3843 733 3919 pendere
753 3843 847 3902 eoacti
866 3846 972 3920 essent,
991 3863 1025 3903 eo
1045 3846 1147 3901 autem
1170 3846 1312 3920 tempore,
1336 3862 1396 3919 quo
1419 3843 1474 3902 hoe
1497 3861 1560 3901 ear-

288 3952 354 3990 men
382 3933 573 4009 cantabatur,
598 3933 714 4010 Aegina
741 3932 880 3991 libertate
903 3932 964 3991 frui
987 3932 1135 3991 diceretur
1158 3924 1199 4012 (v.
1219 3924 1277 4013 98),
1301 3952 1458 3991 numerum
1481 3931 1560 3991 eodi-

286 4041 354 4080 eum
378 4016 421 4080 λε’
439 4022 470 4079 in
489 4022 533 4100 λγ
555 4013 703 4102 (Boeekb)
723 4022 770 4081 vel
789 4015 838 4100 ifi'
857 4013 1035 4102 (Luebbent)
1055 4021 1272 4080 emendandum
1291 4040 1353 4080 esse
1373 4025 1560 4098 censuerunt,

286 4115 322 4168 ut
352 4111 407 4169 hoe
437 4129 555 4169 earmen
585 4113 654 4169 ante
682 4111 830 4188 Aeginam
857 4110 1026 4187 subactam,
1054 4111 1105 4168 sed
1135 4130 1202 4169 eum
1232 4111 1292 4168 iam
1323 4111 1415 4169 saluti
1444 4111 1560 4169 insulae

286 4218 377 4276 grave
400 4200 566 4274 perieulum
592 4199 783 4276 impenderet,
807 4218 885 4258 anno
910 4201 972 4258 458
997 4191 1147 4280 (Boseth)
1170 4200 1217 4258 vel
1241 4201 1305 4258 462
1330 4201 1473 4275 seriptum
1497 4218 1559 4257 esse

287 4287 483 4362 perhiberent.
529 4288 629 4364 Atque
658 4288 683 4345 si
712 4288 846 4348 codicum
878 4287 950 4345 fides
978 4288 1144 4347 vellicanda
1176 4292 1233 4365 est,
1254 4279 1426 4347 ¹Luebberti
1458 4289 1560 4365 potius

287 4395 379 4453 quam
408 4375 552 4435 Boeekbii
582 4377 745 4435 sententiae
775 4397 875 4436 meum
907 4377 1056 4436 calculum
1091 4377 1226 4436 adiciam.
1280 4378 1443 4436 Hermanni
1481 4377 1559 4435 enim

287 4466 465 4524 sententiam
489 4485 606 4524 carmen
630 4467 685 4525 boc
708 4466 854 4541 Pythiade
877 4460 929 4543 κη’
947 4467 994 4524 vel
1014 4487 1092 4526 anno
1112 4469 1175 4526 478
1196 4486 1221 4525 a.
1243 4468 1308 4526 chr.
1328 4467 1472 4543 seriptum
1496 4486 1559 4524 esse

286 4555 437 4630 opinantis
467 4559 498 4613 et
520 4555 723 4630 Porphyriene
754 4559 844 4631 atque
869 4556 1011 4631 Typhone
1036 4548 1076 4635 (v.
1099 4568 1138 4613 12.
1161 4550 1207 4635 16)
1232 4558 1369 4632 Xerxem,
1401 4556 1558 4614 Persarum

286 4664 395 4721 regem,
414 4644 574 4721 significari
594 4645 749 4702 sentientis
763 4637 886 4725 (Opuse.
902 4664 944 4702 vu
965 4656 1015 4703 lat
1031 4639 1082 4726 ss)
1098 4645 1172 4702 nibil
1192 4666 1299 4722 moror,
1319 4646 1559 4721 quandoquidem
