3406 5378
211 341 276 404 338
679 343 827 394 Pmoun
846 342 1011 394 ammon.

262 503 303 568 οὐ
326 505 389 591 γάρ
413 504 532 588 πάγος,
556 502 633 569 οὐδὲ
657 504 844 592 προσάντης
866 503 887 567 ἀ
909 502 1069 578 κέλευθος
1092 504 1232 585 γίνεται,
1293 503 1386 584 Στρ.
1409 496 1457 580 γ’.

262 617 296 675 εί
314 635 364 686 τις
386 610 532 688 εὐδόξων
556 611 588 689 ές
610 612 667 676 ἀν-

307 717 398 802 δρῶν
421 719 497 801 ἄγοι
520 720 615 803 τιμάς
633 717 885 784 Ἑλικωνιάδων.
1477 730 1511 777 50

208 842 242 887 36
262 825 370 909 μακρά
394 825 565 907 δισκήσαις
588 825 815 910 ἀκοντίσσαιμι
839 824 991 909 τοσοῦθ’,
1014 826 1094 889 ὅσον
1117 824 1221 911 ὀργὰν

261 930 481 1016 Ξεινοκράτης
502 928 586 1017 ὑπὲρ
610 932 800 1017 ἀνθρώπων
822 938 979 1014 γλυκεῖαν

262 1041 364 1123 ἔσχεν.
410 1041 537 1115 αἰδοῖος
558 1036 619 1123 μέν
642 1034 684 1122 ήν
707 1038 818 1115 ἀστοῖς
841 1039 983 1124 ὁμιλεῖν,

263 1272 483 1356 ἱπποτροφίας
506 1295 539 1335 τε
563 1274 705 1355 νομίζων
729 1271 764 1336 έν
788 1270 1012 1336 Πανελλάνων
1034 1273 1139 1357 νόμῳ·
1288 1268 1383 1335 'Arm
1408 1267 1456 1352 γ’.
1476 1287 1511 1333 55

261 1376 316 1442 uui
339 1385 430 1443 θεῶν
454 1381 567 1455 δαῖτας
588 1377 729 1464 προσέτ-

307 1510 406 1550 τυκτο
428 1485 546 1561 πάσας·
570 1485 653 1550 οὐδέ
672 1508 749 1550 ποτε
773 1486 884 1563 ξενίαν

211 1609 246 1656 40
266 1588 366 1675 οὖρος
389 1591 585 1676 ἐμπνεύσαις
606 1591 770 1657 ὑπέστειλ’
797 1594 903 1657 ίστιόν
926 1589 1011 1676 ἀμφὶ
1034 1575 1207 1676 τράπεζαν·

262 1697 334 1763 ἀλλ’
360 1698 458 1784 ἐπέρα
481 1696 556 1763 ποτὶ
578 1695 639 1783 μὲν
665 1703 773 1764 Φᾶσιν
795 1703 944 1784 θερείας,

263 1805 299 1870 ἐν
321 1802 357 1869 δὲ
382 1817 517 1890 χειμῶνι
539 1804 647 1870 πλέων
670 1810 796 1871 Νείλου
818 1806 902 1891 πρὸς
925 1805 1035 1871 ἀκτάν.

1305 1929 1378 1996 'Em
1402 1930 1450 2014 γ’.

264 2040 308 2122 μή
331 2062 409 2119 νυν,
433 2038 483 2102 ὅτι
507 2035 673 2122 φθονεραὶ
696 2044 832 2102 θνατῶν
855 2034 981 2124 φρένας
1003 2035 1266 2120 ἀμφικρέμανται
1289 2040 1477 2123 ίελττίδες,

262 2143 337 2229 μήτ’
363 2144 483 2232 ἀρετάν
504 2166 583 2209 ποτε
606 2146 728 2226 σιγάτω
751 2143 918 2233 πατρῴαν,
1469 2162 1506 2210 σο

210 2268 245 2315 45
263 2248 346 2336 μηδὲ
369 2249 483 2316 τούσδ’
507 2252 646 2336 ὕμνους·
671 2251 743 2317 ἐπεί
762 2276 814 2316 τοι

263 2359 324 2424 οὐκ
347 2357 561 2435 ἐλινύσοντας
583 2359 705 2436 αὐτοὺς
727 2358 939 2445 εἰργασάμαν.

280 2595 321 2642 34.
342 2588 407 2658 ἀγυι
426 2588 467 2642 D:
494 2587 557 2658 ἀγει
575 2587 621 2641 vel
639 2588 704 2658 ἀγοι
722 2589 750 2643 Β
769 2620 801 2628 -
822 2595 863 2642 36.
884 2590 990 2656 ξενοκρ.
1011 2590 1039 2642 Β
1045 2590 1074 2643 D
1092 2621 1128 2628 —
1150 2594 1192 2644 38.
1216 2589 1389 2664 πανελλάνῳ
1408 2592 1441 2647 D
1466 2624 1501 2633 -

209 2669 251 2715 39.
272 2663 371 2723 δαῖτας
389 2677 422 2714 ex
442 2658 556 2713 scholiis
576 2660 619 2714 ed.
634 2659 755 2714 Morell.:
775 2658 885 2723 διαίτας
901 2660 963 2714 BD
981 2692 1014 2699 -
1034 2657 1209 2727 προσέπυκτο
1228 2661 1257 2715 D
1277 2694 1310 2702 —
1330 2669 1376 2717 40.
1399 2664 1503 2733 ούριος

209 2732 343 2795 πνεύσαις
367 2748 401 2785 ex
425 2731 510 2784 schol.
530 2731 601 2785 coni.
618 2731 761 2784 Hermann
776 2732 813 2784 ad
832 2732 1044 2786 Enr.Hee.1orn
1063 2764 1096 2771 —
1116 2731 1275 2786 ὑπέστειλεν
1294 2731 1346 2789 ίστ.
1368 2735 1443 2790 BD
1465 2768 1500 2776 -

209 2809 250 2859 41.
271 2809 359 2871 φασιν
382 2820 415 2857 ex
439 2802 545 2871 φράσιν
563 2804 591 2856 Β
609 2800 778 2870 -θερείας
801 2802 871 2856 coni.
891 2803 1000 2856 Heoker
1018 2803 1100 2871 (conf.
1120 2802 1221 2857 Herod.
1240 2823 1250 2855 1
1269 2808 1331 2873 ms):
1359 2804 1502 2875 θερείαις

207 2874 246 2943 D,
265 2872 377 2943 θερίαις
396 2875 431 2940 Β,
451 2871 562 2941 θέρειος
580 2873 652 2928 coni.
667 2873 856 2928 Wilamowitz
876 2906 908 2913 —
928 2881 970 2928 42.
989 2872 1076 2928 πλέον
1095 2875 1122 2927 Β
1141 2905 1173 2914 -—
1193 2874 1283 2929 ἀκτάν
1302 2876 1381 2932 BD:
1402 2878 1500 2943 ἀκτάς

208 2963 242 2999 ex
262 2945 375 2999 scholiis
395 2944 467 3012 Ala,
487 2944 559 3015 ἀράς
573 2962 607 2998 ex
621 2944 707 2998 schol.
722 2944 917 2999 Schneidewin
934 2977 970 2984 —
988 2951 1030 2998 43.
1050 2944 1273 3016 ἀμφικρίμονται
1288 2947 1318 3002 D
1334 2979 1370 2988 —
1391 2954 1436 3004 44.
1455 2969 1497 3004 σι-

208 3017 283 3087 γάσω
302 3016 373 3071 coni.
389 3016 518 3086 Hartung
537 3048 570 3056 -
589 3022 631 3069 45.
651 3016 687 3085 μή
707 3015 739 3070 δὲ
758 3017 837 3071 BD:
856 3016 923 3086 μήτε
942 3016 1013 3072 euni.
1032 3016 1130 3085 Heyne
1149 3048 1182 3057 -
1201 3024 1244 3071 46.
1265 3017 1385 3074 ἐλινύσσ.
1407 3022 1441 3075 D
1463 3054 1496 3062 -

280 3165 321 3212 34.
346 3160 382 3212 ad
405 3161 512 3213 ceteras
536 3158 654 3213 virtutes
673 3158 837 3212 Xenocratis
857 3159 1012 3213 orationem
1030 3162 1116 3228 poeta
1133 3160 1253 3214 reflectit
1270 3192 1305 3200 -
1324 3160 1352 3224 ἐς
1372 3162 1496 3231 ἀνδρῶν

209 3230 267 3286 scil.
288 3226 367 3284 οἷκον
389 3247 441 3283 usu
465 3228 578 3283 Graecis
602 3229 735 3283 familiari
760 3262 792 3269 -—
816 3234 858 3285 35.
882 3230 976 3300 μακρὰ
1000 3229 1145 3298 δισκήσαις
1168 3229 1375 3302 ἀκοντίσσαιμι·
1401 3233 1496 3315 longa

209 3302 342 3355 emittens
361 3300 478 3367 iiusuler3
497 3301 569 3354 nihil
589 3319 623 3354 ex
641 3301 693 3354 hoo
712 3300 773 3355 loco
793 3302 827 3355 de
847 3302 925 3356 (lisso
944 3304 1010 3357 ente
1029 3301 1153 3356 iaculum
1171 3302 1200 3356 in
1219 3303 1403 3372 quinquertio
1421 3310 1495 3358 unt

207 3374 293 3427 tendo
317 3371 449 3442 colligere
471 3371 550 3437 licet;
575 3372 660 3426 immo
683 3372 840 3440 δισκήσαις,
864 3373 939 3441 quod
963 3372 1000 3426 ad
1024 3374 1182 3427 obsoletum
1201 3374 1316 3429 verbum
1340 3372 1430 3429 δίσκω
1457 3392 1493 3431 ex

207 3443 319 3512 δίκσκω,
339 3447 370 3497 ut
388 3443 512 3498 διδάσκω
532 3460 565 3497 ex
584 3443 726 3498 διδάκσκω
745 3444 830 3511 redit,
851 3445 885 3498 de
904 3444 965 3513 ipso
985 3445 1077 3499 iaculo
1097 3444 1198 3499 emisso
1217 3445 1416 3515 accipiendum
1437 3451 1492 3503 est.

210 3516 249 3570 De
275 3515 353 3569 verbi
378 3514 522 3569 iaculandi
547 3515 688 3569 translata
713 3515 827 3570 notione
853 3516 924 3570 conf.
944 3516 978 3570 N.
998 3536 1026 3569 rx
1044 3532 1070 3571 τι
1090 3549 1122 3557 -
1149 3523 1191 3571 36.
1217 3515 1287 3586 ὑπὲρ
1312 3518 1491 3587 ἀνθρώπων,

208 3604 292 3656 supra
311 3587 425 3641 modum
443 3590 598 3641 ceterorum
616 3586 769 3656 hominum,
789 3591 821 3640 ut
838 3586 908 3655 ὑπὲρ
926 3586 1060 3641 ἁπάντων
1075 3588 1105 3642 Ο.
1121 3607 1139 3641 x
1153 3604 1186 3655 τι,
1206 3588 1278 3657 ἀνὴρ
1292 3586 1365 3657 ὑπὲρ
1379 3588 1491 3658 ἀνδρός

208 3659 241 3714 fr.
256 3675 280 3713 οι
301 3690 334 3697 -
353 3663 395 3712 38.
419 3657 450 3712 ἐν
468 3657 657 3712 Πανελλάνων
680 3660 767 3731 νόμῳ,
791 3662 823 3712 ut
845 3657 927 3712 ludos
950 3676 1043 3713 sauros
1067 3659 1191 3712 omnium
1215 3660 1384 3714 Graecorum
1408 3678 1487 3715 com-

208 3746 314 3799 munes,
333 3728 411 3783 velut
430 3729 590 3799 Olympicus
604 3729 738 3797 Pythieos
752 3730 909 3798 Isthmicos,
924 3730 1027 3797 obiret;
1047 3731 1080 3785 of.
1096 3730 1168 3785 Prol.
1183 3750 1272 3784 mxxv
1286 3764 1321 3771 -
1335 3737 1379 3786 49.
1398 3751 1488 3801 προσ·

208 3798 339 3868 ε’πτνκτο,
364 3802 493 3871 amplexu
518 3802 621 3870 tenuit,
640 3801 658 3855 i.
674 3818 697 3855 e.
712 3802 758 3871 pie
777 3801 865 3855 coluit
884 3833 916 3841 —
935 3808 977 3855 40.
998 3807 1098 3856 ventus
1117 3801 1180 3856 vela
1199 3802 1349 3872 hospitalis
1369 3820 1487 3858 mensae

208 3873 309 3926 inflans
328 3890 465 3941 nusquam
485 3873 695 3940 remittebatur,
714 3876 746 3926 ut
764 3890 916 3941 numquam
937 3875 1000 3928 vela
1019 3873 1211 3928 contrahenda
1230 3877 1335 3940 essent3
1360 3874 1488 3929 audacia

208 3944 389 4014 metaphorae
408 3945 496 3998 etiam
514 3949 634 4026 augetur
651 3944 777 4013 proximo
796 3961 891 4013 versu,
910 3964 965 4013 quo
984 3945 1209 4016 hospitalitatem
1228 3945 1306 3999 nullo
1326 3945 1393 3998 anni
1412 3949 1486 4000 tem-

207 4032 274 4085 pore
292 4016 481 4070 remittentem
500 4015 681 4084 navigatione
700 4018 809 4069 aestate
828 4016 941 4083 Phasin,
960 4017 1050 4071 hieme
1069 4017 1166 4071 Nilum
1184 4020 1298 4086 petente
1317 4015 1485 4074 illustravit.

208 4087 299 4141 Simili
324 4087 447 4159 imagine
474 4105 538 4139 usus
565 4090 609 4140 est
634 4087 908 4143 hermannno
931 4088 967 4156 ἣν
992 4096 1062 4157 χρῆν
1093 4087 1119 4142 σ’
1145 4087 1272 4142 ἐλαύνειν
1302 4086 1384 4154 τήνδ’
1412 4087 1487 4157 ὑπὲρ

208 4157 313 4212 Νείλου
332 4158 400 4227 ρὀάς
418 4155 487 4225 ὑπέρ
506 4178 534 4212 τε
555 4162 652 4211 Φᾶσιν.

280 4234 393 4284 43-48.
412 4230 544 4282 Extrema
562 4247 627 4299 pare
646 4229 729 4282 huius
748 4229 879 4283 carminis
899 4247 987 4296 aeque
1007 4232 1092 4297 atque
1111 4231 1265 4284 carminum
1284 4229 1314 4282 P.
1329 4249 1339 4281 1
1353 4233 1383 4283 et
1400 4249 1422 4282 11
1442 4230 1486 4284 in·

209 4304 268 4353 stu-r
287 4301 472 4355 additamenti
494 4301 677 4381 (post-scripti)
698 4304 748 4368 est,
768 4302 842 4369 quod
862 4303 1006 4353 uteorum
1025 4301 1129 4369 populo
1146 4304 1291 4355 caneretur
1305 4300 1412 4355 lactum
1427 4320 1487 4356 non

208 4376 278 4439 erat,
303 4372 352 4425 sed
375 4373 463 4425 vinem
488 4372 646 4426 commerui
670 4372 829 4441 epistolaris
853 4372 925 4424 inter
949 4373 1062 4439 poetam
1086 4376 1115 4425 et
1137 4372 1256 4425 amicum
1280 4371 1431 4426 obtinebat
1453 4407 1486 4415 -

209 4449 250 4496 43.
271 4464 323 4496 νυν
342 4460 396 4495 non
416 4446 474 4496 tum
494 4443 643 4513 separandi
662 4444 714 4498 hoc
734 4447 844 4511 tempus
864 4443 900 4495 ab
921 4441 984 4495 aliis
1003 4446 1098 4511 (nune)
1117 4460 1201 4511 quam
1220 4443 1406 4497 concludendi
1424 4445 1487 4499 vim

208 4514 316 4582 (igitur)
331 4514 433 4567 habero
449 4514 567 4569 videtur.
596 4514 707 4568 Invidia
721 4514 796 4568 enim
815 4513 890 4569 omni
910 4517 1034 4584 tempore
1055 4514 1108 4567 viri
1127 4515 1265 4585 principes
1284 4516 1489 4586 premebantur

209 4592 244 4645 (v.
261 4585 291 4639 O.
303 4605 329 4638 vr
344 4590 375 4651 ι),
389 4603 480 4653 noque
495 4603 544 4637 rur
558 4590 617 4638 tum
632 4587 722 4657 magis
737 4586 815 4657 regia
830 4586 928 4640 domus
939 4585 1086 4666 Agrigenti
1101 4585 1209 4639 invidia
1223 4586 1356 4656 flagrasse
1371 4587 1489 4643 <beetur

209 4655 385 4723 intellegitur
404 4688 435 4695 -—
456 4663 498 4710 ll.
518 4657 585 4726 μήτε
602 4702 607 4710 .
624 4700 629 4710 .
647 4701 651 4711 .
668 4657 736 4726 μηδὲ
757 4658 917 4711 defenditur
936 4657 1019 4710 eimih
1041 4674 1091 4709 usu
1112 4656 1175 4710 οὔτε·
1191 4702 1195 4710 .
1213 4701 1218 4711 .
1235 4702 1239 4711 .
1256 4656 1322 4712 οὐδέ
1340 4659 1369 4713 P.
1385 4678 1435 4711 vm
1452 4677 1489 4730 ar»,

208 4728 264 4781 nisi
274 4732 390 4797 uterque
401 4728 478 4782 locus
489 4728 616 4783 socordia
627 4729 780 4782 scribarum
792 4733 936 4797 corruptus
947 4732 991 4781 eet
1001 4760 1033 4767 —
1045 4734 1086 4782 44.
1098 4728 1200 4797 σιγάτω
1211 4729 1269 4785 scil.
1280 4729 1489 4803 Thrasybulus,

209 4800 244 4853 nil
256 4818 338 4869 quem
349 4817 378 4853 ae
389 4799 445 4853 iarn
455 4800 545 4854 redire
555 4803 638 4871 poeta
648 4800 760 4853 nomino
769 4799 904 4871 πατρῴαν
915 4798 1086 4865 significavit
1095 4831 1126 4840 —
1136 4806 1178 4852 46.
1190 4799 1373 4872 ἐλινύσοντας,
1383 4820 1443 4858 non
1455 4809 1490 4860 ut
