3406 5378
659 384 884 436 FRAGMENTA.

354 991 408 1058 Ἐν
431 989 467 1057 δὲ
486 989 600 1056 Ῥόδον
623 988 839 1054 κατένασθεν·

352 1103 453 1164 ἔνθεν
475 1097 506 1163 δ’
532 1095 783 1182 ἀφορμαθέντες
805 1095 938 1177 ὑψηλᾶν
960 1098 1058 1159 πόλιν
1081 1092 1335 1179 ἀμφινέμονται,

351 1211 486 1271 πλεῖστα
509 1202 568 1289 μὶν
592 1202 675 1287 δῶρ’
701 1202 881 1276 ἀθανάτοις
905 1198 1088 1284 ἀνέχοντες,

352 1311 466 1377 ἕσπετο
490 1310 521 1377 δ’
547 1311 669 1376 ἀενάου
691 1310 837 1375 πλούτου
860 1307 970 1393 νέφος.

657 1487 893 1542 ΑΛΕΞΑΝΔΡΩι.

691 1603 753 1659 120
777 1594 857 1678 [νεῖ.

353 1861 490 1945 Ὀλβίαν
513 1861 666 1946 ὁμώνυμε
690 1862 921 1943 Δαρδανιδᾶν,

350 1982 412 2034 παῖ
432 1970 645 2052 θρασύμηδες
666 1965 815 2051 Ἀμύντα.

690 2117 749 2174 121
777 2109 858 2193 [861.

324 2261 384 2268 --
456 2245 474 2267 ι
503 2261 518 2268 -
547 2259 563 2266 -
593 2214 874 2284 ειπερ---
908 2217 913 2244 =
945 2240 964 2265 υ

247 2441 251 2445 ·
298 2483 423 2566 Πρέπει
447 2484 478 2549 δ’
505 2483 651 2550 ἐσλοῖσιν
673 2483 852 2567 ὑμνεῖσθαι
876 2531 883 2546 .
907 2533 914 2546 .
939 2533 946 2546 .
972 2532 979 2547 .
1002 2485 1190 2559 καλλίσταις
1213 2482 1350 2559 ἀοιδαῖς.

193 2599 289 2655 τοῦτο
313 2590 376 2673 γάρ
400 2590 581 2667 ἀθανάτοις
604 2601 712 2674 τιμαῖς
734 2590 909 2667 ποτιψαύει
932 2593 1049 2673 μόνον·

193 2693 298 2781 ῥηθὲν
321 2697 451 2778 σθένει,
474 2698 614 2762 θνάσκει
637 2692 673 2760 δὲ
697 2692 839 2778 σιγαθὲν
861 2698 962 2762 καλὸν
985 2700 1091 2782 ἔργον.

752 2871 799 2925 IX.

664 2962 690 3027 Σ
700 2963 730 3027 Κ
741 2962 767 3027 0
778 2963 808 3026 A
819 2962 834 3026 Ι
846 2962 883 3026 Α.

559 3066 771 3125 Ξιιαοοςιννι
797 3067 992 3121 domuerat.

205 3760 248 3814 rr.
265 3765 322 3813 119.
352 3760 442 3814 Schol.
457 3760 536 3814 Pind.
553 3760 583 3816 Ο.
598 3779 619 3812 11
634 3776 659 3814 ιο
676 3777 709 3813 ex
724 3759 821 3814 eodem
836 3758 961 3813 encomio
980 3775 1035 3827 quo
1054 3758 1087 3813 fr.
1102 3774 1153 3814 11⁸:
1174 3757 1244 3813 ἔνιοι
1263 3757 1295 3813 δέ
1312 3777 1409 3829 φασιν,

134 3829 177 3884 ὅτι
196 3830 223 3886 οἱ
241 3840 291 3885 τοῦ
307 3830 438 3899 Θήρωνος
455 3829 590 3902 πρόγονοι
609 3829 671 3885 οὐδ’
684 3829 752 3893 ὅλως
771 3831 809 3893 είς
827 3830 879 3900 τὴν
896 3828 1000 3884 Γέλλαν
1019 3838 1154 3899 κατῆραν,
1173 3828 1233 3883 ἀλλ’
1251 3831 1338 3894 εὐθὺς
1352 3832 1409 3885 ἀπὸ

131 3900 228 3956 Ῥόδου
247 3903 286 3964 εἰς
304 3902 354 3971 τὴν
371 3901 547 3973 Ἀκράγαντα,
567 3904 603 3966 ὡς
621 3904 670 3957 καλ
686 3899 826 3970 Πίνδαρος
844 3899 927 3972 λέγει·
953 3901 987 3955 ἐν
1006 3900 1041 3954 di
1061 3905 1114 3955 κτλ.
1136 3933 1168 3941 -
1190 3908 1213 3955 1,
1233 3900 1409 3957 κατένασθεν

134 3973 206 4028 coni.
225 3973 329 4043 Bergk:
356 3974 532 4029 κατώκισθεν
559 3974 654 4041 codd,
680 3973 738 4028 scil.
758 3973 785 4028 ολ
805 3972 937 4041 Θήρωνος
963 3970 1098 4042 πρόγονοι
1126 4005 1159 4012 -
1188 3978 1212 4027 2.
1238 3972 1322 4028 πάλιν
1349 3973 1408 4029 scil.

132 4043 314 4115 Ἀκράγαντα,
333 4048 365 4097 ut
384 4030 491 4099 scholia
510 4045 611 4100 docent
630 4078 663 4086 —-
683 4052 706 4098 4.
727 4045 760 4099 cf.
780 4044 812 4099 0.
831 4064 850 4096 rr
871 4061 903 4098 ιο.

205 4115 248 4169 Fr.
265 4118 422 4169 120et121
439 4116 563 4171 eiusdem
582 4119 649 4170 eunt
667 4115 786 4170 encomii
800 4115 953 4169 Alexandri
972 4115 1046 4187 regia
1060 4116 1259 4181 Macedonum
1277 4121 1328 4170 120
1343 4133 1374 4169 su

134 4185 265 4256 peditent
283 4185 368 4241 nehel.
388 4186 466 4240 Pind.
486 4187 564 4242 Nem.
579 4207 618 4241 vn
638 4206 648 4243 1
668 4191 697 4242 et
714 4187 767 4241 Dio
786 4186 881 4255 Chrys.
897 4203 934 4241 or.
954 4206 975 4239 11
994 4203 1031 4252 τις
1051 4187 1084 4241 cf.
1103 4187 1188 4242 Solin.
1203 4203 1225 4255 a,
1240 4203 1264 4241 ιι
1284 4218 1317 4227 -
1336 4186 1351 4241 ὁ
1395 4219 1407 4229 -

133 4276 214 4383 wag:
235 4256 372 4382 dicein-vataa
385 4258 576 4383 Dimffinomen
595 4258 749 4313 Alexandri
772 4257 848 4326 quod
871 4258 945 4312 idem
968 4257 1063 4311 Paridi
1086 4257 1266 4312 Dardanidae
1285 4257 1341 4313 fuir
1358 4275 1408 4328 par

133 4347 179 4383 am
200 4347 218 4383 a
254 4346 267 4382 a
325 4345 340 4382 e
391 4347 414 4382 ει
484 4346 538 4383 ea.

205 4345 328 4455 iffi&
366 4348 478 4469 Βὶοὲιζιζε.
499 4401 533 4456 de
557 4401 630 4454 adm.
651 4401 678 4455 ri
698 4400 750 4454 die.
771 4400 912 4454 Demosih.
933 4416 971 4455 aa:
995 4397 1114 4470 πρέπει
1133 4400 1309 4470 ...ἔργον
1338 4398 1406 4456 mv-

134 4474 220 4539 δαρος
237 4478 321 4526 τοῦτο
340 4469 492 4540 πεποίηκεν
511 4473 550 4535 εἰς
565 4472 743 4541 Ἀλέξανδρον
766 4471 815 4526 τὸν
834 4468 1003 4540 Μακεδόνα,
1028 4473 1093 4541 περὶ
1117 4472 1152 4527 τὰ
1176 4472 1244 4542 μέλη
1270 4473 1318 4527 καλ
1342 4475 1408 4537 τοὺς

134 4538 261 4611 ῥυθμοὺς
286 4545 390 4612 μᾶλλον
413 4540 430 4611 ἦ
454 4544 518 4612 περὶ
542 4544 594 4613 τὴν
613 4542 686 4609 λέξιν
705 4543 883 4604 ἐσπουδακώς
902 4575 936 4583 -
956 4549 980 4597 1.
1008 4542 1124 4597 ἐσλοῖσιν
1142 4543 1275 4614 Sylburg:
1303 4544 1407 4600 ὅλοισιν

134 4613 214 4668 codd.
238 4613 398 4667 -lacuna
419 4617 508 4668 metro
531 4614 685 4683 indicatur,
711 4614 782 4669 καλὰ
809 4613 875 4684 ἔργα
900 4614 1005 4683 (potius
1031 4613 1162 4685 ἔργματα)
1188 4615 1278 4685 suppl.
1304 4616 1406 4687 Bergk,

134 4684 216 4752 θαμὰ
241 4685 301 4755 ipae
327 4685 521 4809 nupssleveram
544 4686 573 4739 in
596 4686 742 4756 proeedosi
768 4719 800 4727 -
827 4691 851 4740 2.
877 4693 970 4755 τιμαῖς
994 4685 1119 4741 Boeckh:
1143 4695 1249 4757 τιμαῖσι
1272 4687 1351 4741 codd.
1372 4720 1406 4728 -

134 4753 224 4826 όηθὲν
243 4756 309 4811 eiee.
329 4756 383 4811 Boi
404 4773 431 4823 e;
454 4755 549 4827 μόνον.
570 4753 660 4826 άηθὲν
678 4757 788 4827 σθένει,
812 4756 934 4831 θνᾴσκει
951 4757 1157 4812 Radermacher
1175 4761 1258 4813 erute
1277 4790 1310 4798 -
1330 4764 1354 4812 3.
1374 4757 1405 4813 δὲ

134 4826 253 4898 σιγαθὲν
271 4828 390 4883 Barnea:
414 4825 442 4882 δ’
463 4827 599 4883 ἐπιταθὲν
617 4829 697 4883 οοδδ.
