3406 5378
213 346 278 410 322
688 350 835 400 PINDARI
853 349 1018 401 semrom.

274 509 310 574 έν
333 512 444 592 λόγοις
467 508 501 574 δ’
526 509 637 575 ἀστῶν
661 509 822 592 ἀγαθοῖσί
841 534 899 595 μιν
922 512 1090 575 αἰνεῖσθαι
1114 510 1229 594 χρεών,
1299 513 1388 593 Στρ.
1409 508 1459 593 β’.

270 615 324 681 καὶ
347 618 596 702 μελιγδούποισι
621 617 845 683 δαιδαλθέντα
868 617 1033 702 μελιζέμεν
1057 616 1193 701 ἀοιδαῖς.

270 724 304 789 ἐκ
329 721 364 789 δὲ
387 727 605 810 περικτιόνων
628 723 788 789 ἑκκαίδεκ’
811 723 1048 811 Ἀρισταγόραν

216 847 250 895 2ο
270 830 389 914 ἀγλααὶ
412 844 500 896 νῖκαι
524 831 653 916 πάτραν
676 829 705 896 τ’
731 832 905 916 εὐώνυμον

269 937 516 1022 έστεφάνω-σαν
538 936 626 1025 πάλῳ

311 1042 365 1110 καὶ
389 1057 546 1130 μεγαυχεῖ
565 1048 764 1133 παγκρατίῳ.

268 1240 397 1319 ἐλπίδες
420 1239 451 1306 δ’
477 1241 692 1327 ὀκνηρότεραι
715 1240 841 1324 γονέων
863 1242 982 1318 παιδὸς
1003 1245 1081 1325 βίαν
1290 1237 1380 1305 'Aea
1402 1239 1454 1324 β’.

267 1352 363 1433 ἔσχον
387 1347 422 1413 ἐν
445 1353 591 1414 Πυθῶνι
614 1356 794 1434 πειρᾶσθαι
816 1348 872 1414 καὶ
893 1347 1052 1435 Ὀλυμπίῳ
1076 1346 1217 1436 ἀέθλων.

264 1453 320 1519 ναὶ
343 1457 388 1539 μά
412 1457 474 1540 γὰρ
498 1456 613 1541 ὅρκον,
637 1455 718 1540 ἐμὰν
742 1456 843 1534 δόξαν
864 1458 953 1542 παρὰ
978 1458 1148 1541 Κασταλίᾳ
1476 1472 1516 1519 aa

214 1578 248 1625 2ο
267 1559 321 1625 καὶ
344 1560 422 1647 παρ’
448 1560 615 1650 εὐδένδρῳ
639 1564 751 1647 μολὼν
774 1565 866 1650 ὄχθῳ
891 1566 1025 1648 Κρόνου

263 1668 401 1733 κάλλιον
424 1667 466 1732 ἀν
485 1709 498 1717 -
519 1670 658 1754 δηριών-

309 1799 376 1840 των
399 1774 548 1858 ένόστησ’
574 1775 777 1855 ἀντιπάλων,

265 1971 495 2056 πενταετηρίδ’
520 1968 638 2056 ἑορτὰν
656 1969 835 2056 Ἡρακλέος
857 1970 995 2056 τέθμιον
1306 1969 1376 2036 Ἐπ.
1396 1971 1447 2055 β’.
1470 1991 1509 2039 35

265 2079 432 2163 κωμάσαις
455 2077 682 2163 ἀνδησάμενός
703 2102 736 2143 τε
759 2081 865 2162 κόμαν
889 2077 924 2142 έν
947 2076 1147 2165 πορφυρέοις

266 2188 404 2272 ἔρνεσιν.
451 2185 534 2250 ἀλλὰ
556 2188 687 2271 βροτῶν
709 2186 768 2250 τὸν
790 2182 851 2269 μέν
873 2188 1090 2270 κενεόφρονες
1112 2180 1210 2268 αὖχαι

213 2309 247 2355 30
266 2291 299 2369 ἐξ
323 2292 463 2374 ἀγαθῶν
486 2294 619 2375 ἔβαλον·
643 2293 701 2356 τὸν
725 2289 757 2356 δ’
783 2288 825 2357 αὖ
848 2291 1129 2377 καταμεμφθέντ’
1154 2293 1239 2374 ἀγαν
1466 2312 1504 2359 40

284 2526 324 2574 lv.
351 2518 486 2575 ἀαθοῑσί
511 2541 559 2591 μιν
579 2521 648 2575 coni.
669 2519 841 2591 Mingarelli:
867 2522 989 2592 ἀγαθοῖς
1011 2519 1062 2591 μεν
1088 2521 1164 2588 BD,
1187 2516 1317 2588 ἀγανοῖσί
1341 2540 1393 2589 μιν
1419 2524 1498 2579 coni.

211 2591 320 2646 Hecker
339 2543 401 2648 coil.
417 2593 446 2646 P.
463 2611 490 2644 1v
506 2610 542 2646 ior
564 2625 596 2631 -
617 2598 657 2646 18.
677 2593 836 2662 μελισδοόπ.
852 2595 880 2646 Β
893 2625 928 2632 —-
942 2596 1013 2646 λανδ,
1030 2593 1059 2646 D
1074 2625 1104 2632 -
1121 2590 1261 2661 μελιζέμεν
1280 2591 1355 2646 BD:
1381 2592 1499 2663 μελίζεν

212 2663 281 2717 coni.
302 2662 396 2731 Pauvv,
420 2663 512 2732 μέλειν
531 2663 561 2717 έν
585 2663 756 2730 Hermann³,
785 2661 899 2734 μεμίγθ’
922 2664 952 2718 ἐν
977 2664 1131 2718 Mommsen
1155 2695 1188 2702 —
1214 2668 1254 2717 19.
1278 2682 1445 2729 περικτυον.
1467 2666 1499 2721 D

815 2757 830 2805 λ

211 2766 244 2773 -
261 2742 301 2789 21,
317 2743 452 2805 μεγαυχεῖ
464 2734 535 2787 coni.
550 2734 814 2859 θοοωίἀιΊμεγαλαο
833 2744 859 2789 st
871 2735 951 2790 codd.
967 2767 999 2777 -
1015 2741 1048 2789 22
1064 2738 1093 2788 et
1107 2740 1140 2787 23
1156 2752 1209 2788 om.
1224 2734 1254 2787 D
1268 2765 1301 2772 -
1317 2739 1358 2788 26.
1376 2735 1496 2806 ένοστή-

211 2803 290 2860 σαντ’
312 2807 372 2860 ἀντ.
392 2808 422 2861 D
441 2838 473 2845 -
494 2810 536 2860 28.
556 2806 654 2875 ἀνδησ.
698 2805 770 2861 rich:
790 2808 907 2874 ἀναδησ.
927 2808 954 2861 B
962 2807 992 2861 D
1010 2839 1043 2847 -
1063 2812 1105 2859 30.
1126 2805 1225 2878 ἔλαβον
1245 2805 1272 2858 Β
1293 2837 1324 2844 -

211 2951 240 3000 et
258 2947 371 3001 tertiam
389 2948 550 3017 pericopam
574 2948 704 3002 carminis
728 2947 836 3002 claudit
854 2952 908 3013 (vv.
925 2964 949 3002 is
968 2950 997 3001 et
1014 2951 1059 3018 aa),
1079 2947 1224 3001 contrairi
1243 2947 1336 3002 media
1355 2952 1495 3016 parentes

211 3018 393 3089 Aristagorae
419 3019 494 3073 iusto
517 3020 631 3073 maioris
645 3018 818 3079 ,timiditatis
841 3018 953 3073 incusat
971 3024 1006 3088 (v.
1022 3023 1059 3087 as)
1077 3051 1111 3059 -
1132 3025 1173 3073 16.
1200 3028 1253 3089 γᾶν
1277 3017 1493 3090 ἐπιεσσόμενος·

211 3091 245 3144 cf.
266 3089 345 3144 Hom.
366 3094 392 3143 Γ
407 3107 432 3144 οι
451 3090 550 3145 λάινον
573 3089 634 3143 ἕσσο
654 3100 769 3161 χιτῶνα,
789 3090 843 3145 ΑΡ.
863 3110 901 3144 vir
920 3108 959 3146 aaa
981 3089 1071 3145 Ἀίδαο
1097 3089 1188 3159 κακὴν
1215 3089 1370 3160 ἐπιειμένος
1388 3091 1494 3162 ἀχλύν.

210 3161 404 3231 Aristagoram
423 3161 475 3215 hoc
494 3162 555 3215 loco
576 3161 712 3215 Pindarus
731 3161 892 3215 mortalium
910 3179 1001 3216 rerum
1021 3161 1192 3216 infirmitatis
1208 3161 1347 3231 admonet,
1362 3179 1398 3217 ne
1414 3181 1494 3233 quae

211 3231 349 3286 humanae
363 3235 481 3285 naturae
496 3232 636 3302 denegata
651 3233 715 3300 sint,
734 3236 838 3287 temere
853 3238 981 3315 appetat-3
1002 3234 1050 3287 sed
1066 3232 1239 3287 sermonibus
1255 3235 1367 3302 (λόγοις)
1380 3234 1493 3290 civium
1513 3248 1518 3257 “

210 3302 291 3357 bonis
311 3307 340 3358 et
358 3302 528 3357 carminibus
552 3321 614 3357 eum
639 3304 754 3373 dignum
776 3321 836 3358 esse
855 3322 903 3373 qui
920 3304 1098 3374 praedicetur
1117 3307 1260 3358 asseverat
1279 3336 1311 3343 -
1332 3311 1374 3358 17.
1393 3303 1493 3376 λόγοις

209 3374 301 3428 ἀστῶν
325 3376 473 3444 ἀγαθοῖσι,
496 3375 577 3428 bonis
602 3374 704 3430 civium
728 3374 915 3442 sermonibus,
938 3376 986 3444 qui
1004 3376 1079 3431 viros
1099 3376 1168 3430 bene
1192 3376 1306 3429 meritos
1330 3391 1382 3428 sua
1400 3376 1492 3433 laude

209 3463 265 3499 non
279 3445 400 3514 privant,
415 3449 447 3499 ut
461 3445 592 3500 similiter
604 3449 690 3515 poeta
703 3446 775 3500 dixit
789 3447 808 3501 Ι.
824 3466 833 3499 1
847 3464 873 3501 so
888 3446 953 3509 ἔπος
967 3445 1092 3517 ἀγαθόν·
1113 3450 1210 3501 contra
1225 3445 1377 3500 scholiasta
1391 3448 1492 3504 ἀστῶν

209 3516 370 3585 genetivum
398 3517 564 3587 partitivum
592 3535 651 3571 esse
677 3520 754 3573 ratus
781 3520 916 3587 ἀγαθοῖσι
941 3518 977 3571 ad
1003 3520 1117 3572 verbnm
1143 3517 1285 3572 αἰνεῖσθαι
1313 3518 1427 3572 rettulit
1453 3552 1491 3561 —

211 3594 251 3640 18.
273 3587 412 3657 μελιζέμεν
432 3589 476 3642 vel
499 3589 573 3656 quod
595 3592 708 3659 propter
726 3588 905 3643 insolentiam
925 3593 1084 3643 contractae
1103 3590 1209 3643 formae
1227 3590 1339 3659 ἀοιδαῖς
1352 3588 1490 3645 Pauvrius

209 3659 355 3728 proposuit
373 3658 479 3728 μελίζεν
498 3660 628 3714 similiter
647 3664 731 3729 atque
750 3660 842 3730 μέλειν
860 3660 917 3713 vim
936 3659 1015 3713 verbi
1036 3660 1208 3714 intransitivi
1226 3660 1323 3726 hahet,
1340 3661 1373 3712 ut
1391 3660 1490 3715 simile

209 3730 277 3798 quid
291 3730 387 3784 valeat
403 3735 488 3800 utque
507 3731 662 3786 infinitivus
679 3732 787 3801 passivi
806 3732 961 3786 uisitetur:
982 3731 1156 3785 orationihus
1175 3730 1286 3785 laudari
1305 3733 1335 3785 et
1353 3732 1489 3787 carmini-

211 3802 263 3855 bus
278 3806 408 3856 ornatum
427 3802 456 3855 in
476 3819 522 3857 ore
542 3807 570 3857 et
588 3803 671 3857 corde
690 3803 794 3857 civium
808 3803 901 3857 vivere
917 3834 949 3841 —
965 3808 1007 3857 ⁸20.
1027 3802 1148 3871 πάτραν·
1169 3802 1289 3873 patriam
1307 3802 1405 3857 urbem
1421 3802 1488 3858 illu-

210 3873 310 3927 stravit
328 3877 357 3927 et
376 3874 534 3943 coronavit,
558 3875 632 3942 quod
657 3892 712 3929 nna
735 3892 798 3928 cum
821 3873 932 3927 nomine
951 3873 1065 3928 victoris
1088 3890 1188 3927 nomen
1210 3873 1321 3944 patriae
1339 3875 1489 3929 renuntia-

209 3944 304 4012 batur,
329 3944 384 3998 nisi
407 3943 518 4013 πάτραν
537 3950 650 4018 gentem
668 3945 850 4017 Aristagorae
868 3944 1032 4015 intellegere
1050 3945 1152 4011 mavis,
1172 3945 1283 4013 quade
1302 3944 1417 4000 notione
1436 3964 1489 4001 vo-

209 4015 303 4069 cabuli
322 4034 346 4070 v.
367 4015 400 4070 N.
421 4035 448 4069 vr
467 4034 492 4071 aa
511 4049 547 4058 -
566 4023 607 4070 24.
634 4018 681 4071 val
706 4016 745 4086 μὰ
770 4016 823 4087 γὰρ
849 4015 946 4084 όρκον,
973 4016 1043 4086 έμάν
1069 4015 1168 4082 δόξαν·
1196 4017 1272 4086 prior
1295 4016 1489 4085 aecusativus,

208 4086 237 4139 in
256 4086 376 4140 formula
396 4087 507 4140 iurandi
526 4089 573 4142 ναὶ
588 4090 617 4141 et
630 4086 669 4157 μὰ
686 4087 837 4155 sollemnis,
856 4086 950 4157 ellipai
969 4087 1151 4158 explicandus
1170 4093 1225 4143 est:
1254 4087 1370 4142 >refecto
1389 4104 1486 4143 saera-

208 4161 334 4212 mentum
352 4161 489 4221 antestor;
509 4159 581 4213 alter
599 4158 682 4228 ’ἐμὰν
696 4157 793 4225 δόξαν’
814 4158 961 4214 absolutus
976 4163 1028 4227 est,
1043 4163 1120 4214 ortus
1134 4175 1167 4213 ex
1183 4157 1267 4212 simii
1283 4176 1334 4212 usu
1348 4157 1489 4214 infinitivi

209 4228 331 4283 absoluti
354 4230 490 4284 formulae
514 4230 528 4283 έ
548 4231 575 4283 ολ
598 4232 706 4298 δοκεῖν,
730 4247 813 4299 quam
836 4248 872 4283 ne
896 4230 1044 4299 scriptores
1068 4230 1180 4298 quidem
1206 4230 1430 4300 aspernabantur
1449 4263 1486 4272 -

207 4300 285 4366 παρὰ
305 4299 463 4383 Κασταλίῳ,
482 4251 625 4371 Delphicis
644 4301 731 4368 ludis,
752 4301 828 4372 ὄχθῳ
847 4299 971 4368 Κρόνου,
992 4301 1145 4371 Ολγωμίοἰσ
1165 4301 1251 4368 ludis,
1271 4301 1320 4369 qui
1339 4301 1368 4354 in
1386 4301 1487 4358 radice

207 4370 288 4424 collis
313 4370 437 4425 Saturnis
460 4372 619 4442 agebantur
638 4406 670 4412 —
695 4379 736 4427 25.
761 4370 913 4444 εὐδένδρῳ,
937 4373 1063 4441 pulchris
1087 4372 1233 4426 arboribus
1257 4372 1377 4439 consito,
1405 4374 1487 4442 quod

208 4442 299 4510 inagis
318 4442 348 4494 in
366 4445 497 4496 naturam
516 4444 627 4510 montis,
645 4444 736 4513 qualis
751 4443 866 4497 Pindari
880 4446 974 4497 aetate
988 4442 1051 4513 fuit,
1066 4444 1188 4512 quadrat
1202 4461 1285 4511 quarn
1301 4442 1393 4511 ‹pualis
1407 4462 1486 4500 nunc

207 4516 251 4565 est
271 4544 301 4552 —
322 4519 365 4568 28.
385 4513 540 4583 κωμάσαις·
560 4516 595 4569 de
615 4515 773 4584 vespertina
792 4514 996 4583 comissatione,
1016 4518 1081 4585 post
1098 4513 1245 4568 victoriam
1261 4514 1389 4568 adaram
1406 4516 1485 4572 lovis

208 4583 244 4637 ab
260 4584 405 4638 sodalibus
420 4584 534 4640 victoris
551 4586 683 4640 instituta
697 4607 721 4641 v.
736 4586 809 4641 Prol.
824 4606 885 4639 serv
906 4618 937 4625 -
958 4586 1141 4654 πορφυρέοις·
1161 4603 1216 4639 non
1235 4584 1355 4639 colorem
1373 4586 1486 4642 frondis

207 4655 363 4726 oleaginus,
383 4657 432 4710 secl
452 4657 627 4727 splendorem
646 4664 676 4712 et
694 4657 860 4728 dignitatem
880 4675 998 4712 coronae
1021 4657 1220 4728 metaphorice,
1244 4655 1372 4710 similiter
1395 4662 1486 4727 atque

207 4727 333 4808 epitheto
356 4725 474 4800 χρυσέῳ,
498 4729 651 4799 significari
674 4728 790 4800 exposui
808 4728 845 4783 ad
865 4729 894 4784 P.
913 4749 940 4784 iv
960 4746 1006 4785 iss.
1036 4730 1067 4784 Ο.
1088 4749 1136 4782 vui
1156 4747 1174 4783 1.
1213 4728 1253 4781 De
1272 4727 1487 4786 instrumentali

207 4816 234 4852 vr
254 4798 471 4869 praepositionis
491 4800 521 4855 έν
540 4800 573 4854 cs.
595 4800 625 4855 0.
646 4820 689 4855 siv
712 4819 735 4854 ιο
754 4833 788 4841 -
807 4808 849 4855 30.
872 4798 1103 4872 καταμεμφθέντ’
1125 4800 1198 4871 ἄγαν
1218 4798 1308 4869 ι’σχόν·
1337 4800 1487 4869 passivam
