3406 5378
514 387 550 441 II.
578 387 628 438 DE
645 387 740 439 Aura
758 388 918 439 uermes
936 389 1092 442 PlNDARI.
1394 387 1442 443 LV

163 545 225 611 Sed
259 546 287 611 ai
320 552 477 630 quantum
509 570 628 632 pausae
661 549 747 614 inter
779 550 925 636 singulos
958 572 1070 616 versus
1100 551 1279 616 intercedat
1308 552 1441 617 definire

160 653 255 738 velis,
277 676 345 719 rem
370 653 542 719 admodum
566 654 732 721 difficilem
755 661 788 721 et
806 656 964 722 lubricam
984 679 1055 722 esse
1073 658 1252 744 intelleges.
1289 658 1336 723 Ut
1353 659 1440 724 enim

160 762 241 826 fines
264 783 384 845 pausae
404 766 551 826 accurate
570 762 697 828 definiri
714 769 868 849 possunt,
890 764 918 829 si
936 762 1064 829 uersum
1085 766 1308 831 catalecticum
1326 787 1439 831 versus

124 899 128 906 ·
160 869 200 932 ab
225 869 289 933 arsi
312 868 470 953 incipiens
496 869 726 954 subsequatur,
748 870 838 935 velut

452 994 812 1046 Lw.w;w-d

452 1082 1145 1171 ssw-wssstdssu--«lW2-ae,

157 1208 206 1272 ita
228 1208 255 1272 si
279 1230 408 1272 versum
431 1208 643 1273 acatalectum
666 1230 777 1274 versus
801 1209 842 1273 ab
866 1209 931 1273 arsi
954 1209 1111 1293 incipiens
1134 1210 1187 1274 vel
1205 1230 1333 1274 versum
1353 1215 1437 1274 cata-

157 1314 308 1380 lecticum
331 1337 443 1380 versus
467 1316 508 1379 ab
532 1316 680 1379 anacrusi
703 1315 862 1400 incipiens
886 1319 1054 1399 sequatur,
1076 1315 1165 1379 velut

404 1440 1210 1491 Lo--‡w-wfflmsw-wssm

404 1527 742 1596 &chaenicem
769 1569 788 1596 o
824 1524 1123 1613 -(0.v1113-<r)

402 1634 1044 1705 Lo--‡w-wmmsso-

368 1742 438 1811 ,ιζ
464 1785 483 1810 υ
510 1801 527 1810 -
555 1803 571 1810 -
615 1769 689 1810 τω
716 1802 732 1810 -
759 1769 902 1811 mcum
925 1739 1192 1829 (Omni-2),

155 1867 272 1932 dubius
304 1867 466 1939 haerebis.
498 1872 609 1932 utrum
640 1867 723 1931 nihil
754 1889 873 1951 pausae
906 1890 947 1931 an
974 1866 1181 1931 interuallum
1209 1868 1311 1932 totius
1341 1870 1432 1952 pedis

155 1996 197 2038 an
220 1974 356 2058 denique
378 1974 586 2039 intervallum
610 1974 711 2038 totius
735 1974 882 2058 dipodiae
902 1973 1182 2038 intermittendum
1201 1995 1272 2038 esse
1292 1996 1432 2040 censeas.

153 2079 266 2164 Neque
295 2102 333 2145 ex
362 2081 540 2147 sententiae
567 2080 824 2146 conformatione
847 2080 1159 2164 interpunctionisve
1181 2080 1269 2144 notis
1294 2082 1432 2146 multum

152 2187 265 2252 auxilii
289 2189 329 2252 ad
352 2187 572 2253 dubitationes
594 2188 676 2252 istas
698 2187 916 2273 profligandas
935 2192 1044 2272 petere
1063 2187 1200 2271 poteris,
1225 2189 1378 2270 quoniam
1396 2189 1431 2253 in

151 2293 259 2379 longis
287 2295 371 2379 odis,
399 2295 503 2380 qualis
531 2300 582 2359 est
604 2293 740 2378 Pythica
769 2299 884 2377 quarta
911 2293 1048 2380 triginta
1074 2315 1191 2358 novem
1216 2293 1433 2380 stropharum,

151 2402 247 2466 modo
270 2423 423 2488 magnam
445 2401 753 2485 interpunctionem,
777 2401 872 2465 modo
895 2400 1019 2466 nullam
1042 2399 1076 2464 in
1099 2401 1162 2464 fine
1181 2399 1299 2484 prioris
1318 2423 1430 2468 versus

150 2506 292 2590 positam
312 2507 466 2573 invenies.
504 2507 597 2573 Unde
616 2508 765 2591 equidem
782 2529 847 2572 non
867 2507 1023 2591 mirabor,
1046 2506 1074 2571 si
1093 2507 1166 2590 quis
1184 2511 1315 2591 poetam
1334 2510 1430 2574 certis

150 2634 324 2698 pausarum
356 2614 535 2679 intervallis
569 2614 714 2700 singulos
746 2636 859 2680 versus
892 2613 1130 2678 discriminasse
1167 2614 1298 2679 omnino
1333 2622 1432 2702 neget

149 2724 362 2805 nostrumque
385 2726 536 2786 conatum
558 2744 732 2805 pausarum
752 2721 846 2808 signa
863 2720 1067 2785 intericiendi
1086 2720 1181 2804 plane
1200 2720 1312 2786 reiciat
1332 2726 1430 2809 atque

149 2827 288 2892 damnet.
329 2826 451 2893 Verum
470 2850 511 2893 ne
530 2827 591 2894 hac
610 2829 740 2912 quidem
758 2828 793 2892 in
813 2827 1001 2911 quaestione
1022 2826 1131 2891 omnia
1150 2827 1294 2891 carmina
1308 2828 1426 2894 eisdem

149 2935 288 2999 modulis
320 2935 483 3000 metienda
515 2941 599 3000 sunt.
645 2935 786 3000 Multum
814 2934 900 3000 enim
928 2935 1079 3015 interest,
1111 2932 1294 2999 steteritne·
1310 2935 1428 3001 chorus

147 3040 234 3106 inter
256 3043 438 3107 canendum
462 3065 504 3107 an
522 3042 717 3126 processerit
736 3047 793 3105 aut
812 3041 989 3106 saltaverit.
1021 3040 1059 3103 In
1078 3039 1185 3124 priore
1205 3040 1290 3105 enim
1311 3064 1428 3128 genere

148 3148 327 3213 carminum
353 3149 424 3213 fieri
451 3149 597 3233 potuisse
625 3148 761 3234 largior,
788 3152 825 3212 ut
854 3152 952 3231 pocta
978 3169 1096 3232 pausas
1124 3147 1194 3230 ipse
1217 3168 1284 3212 non
1307 3151 1428 3215 curarit

148 3258 244 3339 atque
273 3276 383 3319 curam
411 3276 584 3339 pausarum
610 3254 783 3320 intervalla
808 3254 924 3338 pollice
948 3254 999 3319 vel
1021 3253 1112 3338 pedis
1136 3253 1253 3338 plausu
1277 3255 1426 3342 signandi

148 3360 412 3427 chorodidascalo
448 3362 633 3446 permiserit
641 3359 683 3449 ¹),
721 3384 784 3445 qua
816 3360 915 3426 simili
947 3361 1097 3425 libertate
1131 3360 1229 3426 etiam
1261 3367 1426 3428 nostrates

147 3468 265 3533 melodi
292 3473 444 3553 utuntur,
471 3490 545 3532 cum
575 3491 709 3552 pausam
736 3468 1097 3533 incommensurabilem
1120 3466 1300 3556 (Fermata)
1329 3471 1427 3536 versi·

145 3576 207 3640 bus
230 3575 425 3640 intericiunt.
464 3574 509 3639 At
527 3575 562 3639 in
582 3576 793 3661 carminibus,
816 3596 897 3659 quae
916 3581 953 3640 ut
971 3575 1089 3640 chorus
1107 3574 1193 3638 inter
1213 3574 1424 3660 gradiendum

145 3686 275 3747 caneret
298 3681 453 3748 distinata
476 3687 582 3767 erant,
609 3687 706 3766 poeta
728 3681 798 3766 ipse
821 3686 999 3746 metrorum
1024 3680 1278 3745 conformatione
1302 3682 1425 3765 prospi-

145 3809 217 3852 cere
235 3788 388 3873 debebat,
405 3794 443 3853 ut
461 3793 549 3853 certa
562 3788 734 3854 intervalla
747 3785 943 3874 (ἐμμέτρους
956 3784 1163 3871 ἀναπαύλας)
1177 3786 1263 3850 inter
1277 3788 1423 3873 singulos

144 3915 256 3959 versus
274 3895 519 3961 intermittenda
538 3894 743 3980 significaret.
776 3893 839 3961 Sed
859 3918 930 3959 cnm
950 3894 1002 3959 vel
1020 3893 1072 3957 his
1087 3893 1125 3957 in
1136 3893 1332 3958 carminibus
1346 3917 1423 3979 pau·

143 4022 253 4066 sarum
276 4001 533 4086 magnitudinem
558 4002 690 4066 definire
713 4002 886 4067 admodum
910 4000 1040 4066 difficile
1061 4022 1130 4064 esse
1149 3999 1311 4084 videatur,
1333 4023 1424 4084 prae-

143 4107 256 4173 sertim
280 4130 352 4173 cum
375 4113 489 4192 poetae
511 4109 642 4174 licuerit
668 4130 727 4193 pro
750 4108 876 4194 exiguis
899 4107 972 4172 istis
995 4105 1105 4191 pausis
1128 4106 1227 4191 longa
1248 4106 1423 4175 interludia

144 4215 276 4289 musicis
300 4215 429 4300 organis
454 4216 610 4299 explenda
632 4215 861 4299 intermittere,
888 4216 923 4279 in
951 4213 1124 4279 schematis
1149 4213 1287 4299 singulis
1311 4216 1422 4281 carmi·

127 4320 238 4386 'nibus
257 4321 443 4404 praemissis
462 4327 557 4387 notas
576 4327 759 4406 temporum
773 4322 918 4386 inanium
932 4321 1038 4386 nullas
1053 4320 1267 4386 adhibuimus.
1293 4319 1355 4387 Sed
1369 4322 1420 4388 his

141 4427 176 4491 in
189 4426 431 4514 Prolegomenis
449 4428 516 4493 iarn
534 4429 714 4513 periculum
732 4429 837 4494 facere
856 4429 979 4513 placuit
997 4428 1226 4492 nomrullorum
1241 4429 1420 4496 carminum

142 4534 378 4620 diagrammata
396 4535 593 4620 syllabarum
613 4540 646 4600 et
666 4558 841 4620 pausarum
859 4533 1038 4601 intervallis
1054 4535 1186 4600 definita
1199 4535 1419 4623 proponerc.²)

231 4695 258 4760 1)
276 4690 353 4748 Cous.
373 4691 489 4746 Aristot.
508 4691 597 4762 probl.
615 4698 660 4759 19,
676 4697 717 4747 22.

230 4765 257 4834 2)
275 4763 431 4845 Pausarum
447 4764 518 4845 lines
536 4763 633 4845 influe
649 4762 828 4846 stropharum
842 4766 871 4816 et
884 4763 1036 4833 spadorum
1052 4766 1128 4817 certo
1143 4762 1251 4817 definiri
1266 4781 1323 4818 non
1336 4780 1418 4833 posse

141 4838 169 4889 et
187 4852 205 4890 a
222 4851 267 4889 me
285 4852 336 4905 pro
354 4835 472 4889 arbitrio
491 4836 598 4905 positos
617 4851 679 4889 esse
696 4835 785 4889 libere
803 4834 902 4890 fateor.
