3406 5378
207 312 273 378 438
770 314 919 367 PINDARI

298 572 346 630 Et.
370 572 409 631 M.
434 582 477 649 60,
500 582 548 630 37:
576 563 676 648 Ἀλίρα
704 568 754 630 καὶ
781 483 890 649 Ἐλδδα
912 617 919 630 .
944 619 950 629 .
975 614 997 648 .,
1025 565 1142 651 Ἀλέρα
1169 567 1200 630 δὲ
1228 568 1307 650 παρὰ
1330 569 1486 655 Πινδάρῳ,

208 654 285 722 οἷον·
307 654 445 742 Ἀλὲρας
470 655 552 732 ὄζον
574 653 669 741 (ὠσόν
690 660 792 739 vulgo,
816 681 871 720 em.
895 653 1161 743 Hemsterhusiue),

751 804 813 864 295
854 805 917 864 203
935 848 942 861 .

300 910 402 987 Steph.
417 911 487 987 Byr.
509 902 667 982 Ἀπέσας·
687 958 692 969 .
710 958 715 969 .
732 958 737 970 .
757 907 826 990 ὅρος
838 797 897 988 [τῆς
915 798 1043 989 irreptus,
1066 906 1106 983 ὡς
1129 909 1282 991 Πίνδαρος
1305 908 1356 970 καὶ
1378 908 1487 969 Kauc-

212 1022 302 1080 μαχος
325 997 359 1060 ἓν
382 1000 479 1084 τρίτη,
502 996 559 1060 ἀπὸ
581 991 760 1078 Ἀφέσαντος
782 998 879 1080 ἥρωος
902 998 1130 1080 βασιλεύσαντος
1153 1007 1205 1078 τῆς
1228 998 1331 1079 χώρας.

751 1145 813 1204 296
854 1145 917 1203 268
937 1189 943 1201 .

301 1249 409 1310 Suidas
423 1241 481 1331 (=
497 1250 616 1310 Bekker
628 1249 685 1309 An.
700 1269 712 1308 1
726 1261 786 1329 442,
803 1137 852 1332 1).[
865 1138 990 1330 &potivff
1008 1253 1149 1327 θηλυκῶς
1163 1248 1194 1310 τδ
1209 1249 1343 1328 ὕφασμα,
1357 1246 1488 1329 ἀράχνης

212 1336 243 1400 δὲ
263 1336 422 1417 ἀρσενικῶς
441 1337 473 1399 τὸ
493 1339 624 1417 ζωύφιον
640 1389 646 1401 ,
663 1339 795 1417 ,εἴρηται
814 1335 846 1399 δὲ
865 1335 1021 1419 ἀράχνης
1039 1337 1089 1398 καλ
1107 1333 1176 1418 παρ’
1194 1334 1321 1423 Ἡσιόδῳ
1339 1337 1390 1399 καλ
1408 1337 1488 1419 παρὰ

213 1428 354 1514 Πινδάρῳ
372 1426 427 1488 ’καλ
450 1427 530 1509 παρὰ
553 1428 666 1512 Καλλίῳ
689 1420 844 1511 (Καλλίοις
866 1429 958 1488 Beklr.
982 1428 1048 1508 Ari,
1070 1427 1246 1512 Καλλιμάχῳ
1270 1428 1343 1488 coni.
1364 1421 1487 1510 Bergk).

753 1574 815 1632 τοι
841 1565 944 1652 [270]

300 1680 385 1739 Eust.
405 1680 443 1739 ed
467 1678 687 1757 Od.1406‚14:
710 1676 742 1739 τὸ
766 1678 933 1757 διαβάλλειν
957 1675 988 1738 δὲ
1012 1676 1049 1739 οὐ
1072 1676 1166 1756 μόνον
1189 1676 1410 1753 σνκοφαντικδν
1433 1675 1489 1757 ἔχει

211 1777 302 1847 νοῶν,
325 1766 399 1828 ὅθεν
420 1765 471 1828 καλ
493 1763 513 1845 ἡ
537 1767 675 1848 διαβολή,
702 1766 752 1828 καλ
775 1763 791 1826 δ
815 1765 894 1846 παρὰ
917 1767 1060 1852 Πινδάρῳ
1088 1765 1257 1846 διάβολος
1284 1762 1487 1848 ἅνθρωπος.

213 1857 296 1919 Conf.
320 1859 406 1919 Eust.
430 1857 468 1916 ad
490 1857 525 1916 Il.
551 1868 610 1936 128,
635 1868 677 1916 38.

300 2035 396 2096 Schol.
420 2035 572 2112 Aristoph.
595 2035 651 2097 Av.
676 2046 740 2095 930:
770 2032 836 2114 ἕμλν
869 2035 943 2095 τεῒν·
974 2034 1102 2115 χλευάζει
1131 2042 1190 2094 τῶν
1221 2034 1490 2115 δνδυραμβυποιῶν

211 2124 263 2187 τὸν
287 2132 395 2205 συνεχῆ
418 2123 450 2187 ἔν
473 2130 533 2197 τοῖς
555 2125 701 2197 τοιούτοις
719 2123 877 2204 Δωρισμδν
899 2123 949 2185 καλ
972 2123 1095 2203 μάλιστα
1112 2121 1164 2185 τὸν
1183 2124 1340 2205 Πίνδαρον
1360 2132 1489 2204 συνεχῶς

210 2212 330 2296 λέγοντα
351 2212 384 2276 ἐν
407 2219 470 2288 ταῖς
493 2212 623 2293 αι’τήσεσι
645 2212 677 2274 τὸ
700 2211 790 2293 ἐμίν.

754 2361 817 2419 299
859 2360 946 2416 271.

303 2467 352 2525 Et
376 2465 451 2526 (iud.
477 2476 541 2543 193,
565 2476 599 2524 9:
631 2351 949 2544 ἕξεστηκῶς[διχῶ]ς
981 2461 1090 2544 λέγεται
1121 2463 1201 2543 παρὰ
1235 2464 1409 2550 Θουκυδίδῃ
1441 2463 1491 2525 καλ

214 2554 358 2640 Πινδάρῳ
382 2550 427 2614 tet
451 2551 505 2633 μὲν
528 2551 561 2614 τὸ
584 2553 744 2631 μαίνεσθαι
765 2551 814 2614 κα1
838 2551 970 2635 ἔκφρονα
993 2546 1079 2632 είναι,
1102 2550 1148 2614 δελ
1172 2550 1204 2614 δὲ
1227 2552 1259 2614 τὸ
1283 2552 1490 2635 ὑπαναχωρεῑν

211 2642 263 2705 καλ
285 2640 495 2725 ὑπεξίρχεσθαι
517 2640 537 2722 ἢ
560 2640 751 2720 ἀφίστασθαι.

757 2787 821 2846 300
845 2779 948 2865 [ειη.

301 2896 350 2953 Et
370 2895 408 2954 M.
428 2904 489 2971 304,
509 2904 556 2953 59:
579 2888 751 2952 ἐπέτειον·
774 2889 823 2952 eut
845 2901 898 2952 τοῦ
922 2900 980 2952 νῦν
1003 2890 1095 2963 ἔτους.
1124 2885 1178 2952 ἐπ’
1202 2889 1280 2965 ἔτος
1302 2890 1358 2974 γάρ
1382 2893 1432 2955 δεῖ
1445 2891 1489 2955 λε’-

212 2990 329 3065 γεσθαι,
342 2981 393 3043 τὸν
411 2980 552 3043 ἐνεστῶτα
570 2979 684 3061 καιρόν,
703 2979 768 3061 οὐχὶ
786 2979 835 3040 διὰ
854 2989 906 3041 τοῦ
926 3004 960 3058 φ,
978 2978 1050 3040 ἀλλὰ
1069 2979 1119 3040 διὰ
1137 2990 1189 3042 τοῦ
1208 3004 1240 3060 τι,
1260 2981 1300 3054 ὣς
1319 2999 1395 3061 φησι
1414 2984 1491 3044 Πίν-

214 3073 304 3154 δαρος
327 3070 376 3132 καί
399 3067 606 3150 Δημοσθένης.
651 3070 768 3130 Similia
791 3070 938 3147 praecipit
961 3070 1092 3148 cyrillus
1115 3070 1146 3129 in
1170 3071 1239 3132 cod.
1264 3071 1351 3130 Vind.
1376 3093 1405 3133 n.
1429 3084 1489 3133 319.

304 3303 417 3379 1801101.
432 3303 518 3363 Hom.
534 3302 566 3360 Ω
581 3314 646 3363 277:
669 3299 718 3362 καὶ
736 3216 890 3383 wittigis.
912 3301 947 3362 τά
969 3301 1083 3383 ἅρματα
1102 3299 1184 3363 ἔντεά
1202 3305 1307 3382 φησιν·
1332 3302 1491 3377 ἱππείοις

214 3391 331 3454 ἔντεσι
354 3390 460 3473 μίτρα
484 3385 661 3474 (μεταΐσσων
684 3393 776 3472 vulgo
800 3413 835 3452 ex
858 3393 920 3453 οοδ.
944 3385 993 3473 Β).
1032 3393 1166 3453 Pertinet
1189 3394 1226 3452 ad
1251 3392 1284 3454 0.
1309 3412 1364 3452 ιω
1388 3390 1446 3474 10].

305 3621 416 3706 [801101.
439 3625 541 3685 Ambr.
565 3625 649 3684 Pind.
674 3623 708 3685 Ο.
731 3644 775 3684 vn
799 3635 846 3684 86:
870 3623 988 3698 ξανθὰν
1011 3622 1043 3685 δὲ
1065 3623 1139 3685 κατὰ
1161 3624 1216 3702 τὴν
1240 3622 1368 3703 ἔμφασιν
1391 3623 1451 3704 ἔφη
1475 3622 1491 3685 δ

215 3714 368 3794 Πίνδαρος
392 3712 519 3794 νεφέλην
542 3712 597 3791 τὴν
620 3712 727 3794 ἔγκυον
751 3704 845 3774 οὖσαν
867 3723 989 3793 χρυσοῦ,
1011 3713 1090 3775 καθὸ
1113 3712 1163 3774 καλ
1185 3712 1240 3790 τὴν
1263 3714 1344 3794 ὕδωρ
1365 3713 1491 3793 ἔχουσαν

215 3804 366 3883 ζοφώδη.
390 3797 507 3885 (Ambr.
526 3804 589 3863 0οδ.
609 3804 662 3879 qui
680 3804 726 3862 bis
749 3804 896 3863 scholium
918 3804 1016 3881 habet,
1041 3805 1135 3863 altero
1158 3804 1236 3864 100οε
1259 3803 1397 3883 καθάπερ
1422 3804 1492 3864 ὅταν

215 3894 296 3974 ὕδωρ
319 3887 384 3978 (ἔχη
408 3889 791 3970 αδδ.801ιτουδετ)δάήρ,
815 3892 951 3971 ζοφώδης
972 3887 1078 3975 ἐστίν),
1102 3912 1161 3953 non
1179 3893 1302 3952 Pindari
1326 3894 1422 3971 ipsius
1445 3895 1491 3966 ζ-

216 3983 321 4063 φώδης
345 4003 408 4044 esse
431 3981 573 4059 videtur}

305 4161 401 4221 Crem.
420 4161 477 4220 An.
498 4160 550 4220 Ox.
571 4172 636 4238 329,
657 4171 703 4219 17:
732 4156 855 4221 Εὔναν
879 4155 965 4240 (εὔαν
988 4161 1065 4239 0οδ.,
1089 4180 1163 4221 corr.
1186 4152 1333 4241 Dindorf)
1357 4159 1495 4237 θηλυκὸν

215 4249 295 4331 καρὰ
318 4249 469 4333 Πινδάρῳ.
507 4250 589 4310 0001.
610 4250 700 4309 Bekk.
717 4250 772 4308 An.
788 4270 831 4328 gr.
848 4261 916 4309 1376
940 4249 996 4321 Εἰς
1020 4253 1058 4310 αν
1081 4247 1217 4328 θηλυκὸν
1241 4247 1297 4310 οὐκ
1320 4247 1437 4330 ἔχομεν’
1461 4250 1492 4311 τὸ

215 4339 318 4416 εὐνᾶν,
341 4338 477 4416 εὐνᾶνος,
496 4334 512 4399 δ
530 4338 745 4418 καρατίθενταί
765 4361 842 4411 τινες
860 4335 900 4410 ὡς
922 4337 1070 4416 θηλυκόν,
1092 4339 1261 4417 νομίζοντες
1285 4337 1340 4416 τὴν
1364 4346 1494 4419 γυναῖκα

217 4429 382 4507 σημαίνειν,
401 4428 533 4488 δείκνυσι
546 4429 723 4508 Λοάτιερκος
741 4426 773 4488 ίν
792 4433 832 4512 τῷ
850 4426 916 4508 περὶ
935 4437 1028 4508 γενῶν
1047 4427 1091 4488 ὅτι
1109 4425 1264 4508 ἀρσενικοῦ
1283 4425 1390 4509 γένους
1405 4427 1491 4490 ἐστίν.

760 4573 823 4632 304
849 4566 951 4651 [273]

306 4680 354 4739 Et.
378 4680 416 4738 M.
441 4691 502 4758 401,
526 4691 572 4738 21:
595 4675 713 4758 ίχὲτης
737 4675 753 4738 δ
776 4679 934 4757 πλούσιος,
957 4676 997 4751 ὡς
1020 4678 1182 4758 Πίνδαρος.
1228 4680 1275 4738 An
1300 4679 1432 4756 pertinet
1455 4679 1492 4739 ad

218 4789 245 4829 v.
268 4769 287 4827 l.
312 4765 409 4848 ἔχε’της
431 4789 485 4845 pro
509 4765 612 4847 ἓκέτης
636 4769 667 4828 Ρ.
691 4788 711 4828 v
733 4767 771 4828 4?
