3406 5378
209 318 275 383 382
768 319 918 371 PINDARI

298 596 438 671 Apollon.
457 595 546 671 Dysc.
568 593 604 651 de
628 597 705 668 synt.
725 611 747 650 11
767 604 799 650 ‘21
821 612 848 668 p.
870 602 933 650 loo:
957 588 1113 670 ἀποροῦσι,
1135 598 1197 661 πῶς
1222 584 1259 649 ὃν
1284 581 1374 648 εἶπεν
1396 580 1507 647 Ἀθα-

209 683 425 762 μαντιάδαν,
448 680 499 742 καὶ
522 681 662 757 Σισύφου
685 682 860 760 παρίστησιν
876 727 881 739 .
899 728 904 739 .
920 680 971 739 ,τί
987 678 1042 759 γάρ
1066 678 1097 738 τὸ
1120 676 1259 757 ἐμποδὼν
1279 677 1338 755 τὴν
1361 665 1388 761 ᾧ
1408 674 1506 737 &urea

209 773 320 850 νυμίαν
347 770 488 850 κτητικήν
516 769 658 850 ὑπάρχειν
686 768 963 850 μεταλαμβάνεσθαί
985 790 1013 827 τε
1036 768 1078 839 είς
1101 766 1132 827 τὸ
1156 766 1261 847 αὐτῆς·
1291 764 1440 828 ἐκέλοντο
1465 771 1507 847 τῷ

209 861 301 941 αὐτῆς
324 861 425 937 παιδί,
448 856 485 921 ὃν
508 859 557 919 καὶ
577 854 819 939 Ἀθαμαντιάδηυ
842 851 932 918 εἶπεν.

798 1022 815 1077 τ
843 1016 901 1094 [2]-

263 1213 353 1290 ὅστις
376 1213 417 1297 δὴ
441 1213 561 1297 τρόπος
586 1207 751 1289 ἐξεκύλισέ
770 1233 834 1274 νιν.

797 1376 816 1435 8
857 1378 900 1434 3.

297 1484 437 1543 Eustath.
458 1482 513 1543 od.
532 1504 559 1560 p.
582 1493 663 1560 1715,
683 1494 730 1541 63:
760 1479 802 1540 ότι
826 1368 911 1540 &isaii
929 1478 961 1540 τὸ
984 1488 1119 1540 τοιοῦτον
1142 1476 1215 1538 κατὰ
1238 1477 1327 1559 γένος
1353 1478 1506 1562 εἰρῆσθαι

212 1570 382 1684 ρύδὲτερομ,
409 1569 449 1644 ὡς
476 1570 613 1650 ἐμφαίνει
641 1571 793 1650 Πίνδαρος
827 1567 859 1629 ἐν
887 1562 1098 1647 Ἰσθμιονίκαις
1131 1564 1222 1628 είπὼν
1254 1568 1335 1648 τρία
1370 1579 1506 1648 κρᾶτα,

210 1683 276 1738 ητοι
298 1684 417 1741 κραατα.

838 1787 856 1844 9

301 1893 422 1953 Servius
444 1893 475 1951 in
498 1893 587 1970 Verg.
607 1890 713 1969 Georg.
732 1902 810 1949 181:
838 1889 987 1948 Pindarus
1014 1887 1047 1949 ἐν
1073 1894 1135 1961 τοῖς
1159 1880 1305 1968 Ἰσθμίοις
1333 1891 1506 1971 γαμβρός

211 1978 277 2042 ἀντὶ
299 1990 352 2042 τοῦ
375 1980 511 2061 νυμφίου
534 1980 619 2040 dixit.

825 2107 875 2165 10.

263 2189 684 2241 Ξω-ω--ἑυ--

262 2293 409 2361 Έλπίσιν
433 2294 617 2372 ἀθανάταις
640 2295 734 2383 ἁρμῷ
758 2292 925 2380 φέρονται.

267 2544 318 2610 Οὐ
341 2545 465 2623 ψεῦδος
489 2542 594 2630 ἐρύξω.
826 2464 876 2518 11·

259 2774 435 2860 Ἐυίκησαν
458 2779 499 2841 οἳ.
519 2824 553 2843 ..
825 2693 876 2751 12·

210 2989 335 3040 mentum
350 2986 386 3040 ad
403 2985 539 3057 originem
554 2985 683 3039 ludorum
698 2985 892 3040 isthmicorum
908 2987 1025 3055 special,
1040 2985 1075 3039 de
1089 3003 1146 3054 qua
1160 3004 1185 3040 v.
1201 2987 1286 3042 schol.
1302 2987 1385 3043 Pind.
1402 3008 1431 3059 p.
1444 3007 1498 3046 au:

211 3058 377 3128 χορεύουσαι
395 3055 492 3112 τοίνυν
514 3055 581 3111 ποτε
606 3056 637 3110 αλ
660 3058 798 3126 Νηρείδες
824 3056 1006 3126 ἐπεφάνησαν
1024 3062 1062 3111 τῶ
1081 3058 1198 3131 Σισύφῳ
1216 3059 1264 3112 καλ
1284 3058 1437 3115 ἐκέλευσαν
1457 3063 1499 3124 είς

210 3129 295 3200 τιμὴν
312 3137 362 3252 ησύ
381 3127 555 3197 Μελικέρτου
575 3128 655 3198 ἄγειν
672 3128 707 3182 τά
721 3126 843 3198 Ἰσθμια.
875 3127 916 3182 De
935 3128 1020 3182 Inone
1039 3114 1113 3183 inter
1130 3129 1265 3183 Nereides
1283 3134 1400 3200 recepta
1420 3150 1446 3185 v.
1462 3132 1497 3186 Ο.

210 3219 231 3252 n
249 3217 284 3255 εκ.
324 3202 342 3255 '.
361 3219 389 3252 11
408 3216 429 3254 ο.

281 3272 324 3325 Fr.
344 3277 360 3324 6
379 3270 502 3340 pertinet
521 3269 557 3323 ad
576 3270 609 3324 fr.
630 3276 659 3335 ος
687 3273 762 3325 τεοῖο
782 3269 960 3341 grammatici
978 3264 1000 3342 ᾦ
1019 3269 1065 3325 vel
1085 3266 1113 3325 ολ
1131 3287 1186 3324 non
1204 3271 1241 3324 ad
1260 3271 1422 3343 Sisyphum,
1443 3274 1495 3328 sed

210 3343 246 3396 ad
266 3346 384 3396 mairem
403 3341 573 3408 Melicertao,
593 3341 672 3395 euius
691 3341 796 3396 menlio
816 3345 901 3395 antea
916 3340 993 3394 facta
1007 3357 1067 3396 esse
1081 3342 1200 3410 videtur,
1216 3343 1393 3397 rettulerunt.
1423 3344 1495 3399 llius

209 3412 299 3537 fiiiupn
321 3412 494 3536 lhlelicerlem
516 3411 745 3482 Ἀδαμαυτιάδαν
769 3417 854 3483 poeta
877 3412 962 3481 dixit,
986 3413 1061 3480 quod
1080 3413 1217 3467 Athamas
1236 3413 1296 3468 eius
1315 3417 1399 3484 pater
1418 3420 1494 3484 erat,

210 3502 244 3538 c.
288 3501 440 3539 ro.oxv11.

282 3555 323 3608 De
347 3554 444 3624 primis
468 3554 541 3609 ludis
565 3554 691 3610 Isthmiis
714 3553 800 3608 referi
822 3554 876 3608 llio
895 3572 933 3610 or.
953 3574 1046 3608 mvn
1065 3575 1090 3626 p.
1108 3572 1145 3609 τοι
1165 3556 1207 3609 ed.
1228 3554 1343 3612 Reiske:
1369 3558 1417 3611 acl
1438 3557 1495 3627 γάρ

209 3645 253 3679 τοι
272 3626 320 3679 καί
338 3627 435 3695 ἀγῶνα
452 3635 563 3694 πρῶτον
582 3627 720 3681 ἐνταυθοῖ
735 3623 857 3695 τεθῆναί
875 3644 963 3696 φασιν
982 3627 1037 3681 ὑπὸ
1055 3636 1111 3681 τῶν
1130 3626 1181 3680 δύο
1201 3631 1278 3681 θεῶν
1301 3631 1494 3697 (Ποσειδῶνος

211 3698 259 3751 καλ
274 3694 388 3766 Ἡλίου),
409 3699 456 3751 καλ
476 3706 589 3767 νικῆσαι
603 3696 734 3766 Κάστορα
753 3695 804 3766 μὲν
823 3696 946 3766 στάδιον,
966 3697 1075 3753 Κάλαϊν
1094 3696 1125 3752 δὲ
1144 3700 1276 3753 δίαυλον
1296 3700 1344 3752 καλ
1362 3698 1418 3769 γὰρ
1433 3702 1493 3754 Κά-

210 3768 274 3822 λαΐν
292 3787 363 3838 φασι
381 3771 498 3838 δραμεῖν
519 3766 695 3840 ἀπεχόμενον
718 3776 767 3823 τοῦ
790 3767 935 3824 πέτεσθαι.
962 3768 1055 3824 δεῖδὲ
1080 3770 1211 3832 καὶτοὺς
1237 3769 1348 3839 ἄλλους,
1375 3769 1493 3839 ἐπείπερ

210 3838 373 3909 ἠρξάμεθα,
392 3838 574 3910 ἀθλοφόρους
591 3859 620 3894 τε
639 3844 778 3911 λεχθῆναι
798 3841 845 3893 καλ
864 3839 1043 3910 νικηφόρους.
1078 3839 1195 3910 Ὀρφεύς
1213 3840 1336 3915 κιθάρᾳ,
1352 3840 1495 3912 Ἡρακλῆς

210 3910 385 4001 παμμάχιον,
404 3911 516 3981 πυγμὴν
535 3912 728 3980 Πολυδεύκης,
747 3909 841 3980 πάλην
859 3913 981 3981 Πηλεύς,
1000 3909 1097 3966 δίσκον
1118 3916 1190 3967 Τελα
1220 3914 1263 3981 ’ν,
1284 3910 1414 3967 ἐνόπλιον
1435 3916 1492 3982 Θη-

211 4000 280 4045 σευς.
307 3981 391 4052 ἐτύθη
416 3981 447 4036 δὲ
470 3984 518 4037 καὶ
541 3981 635 4037 ἵππων
658 3984 747 4052 όιγίσν,
771 3984 820 4036 καλ
843 3981 922 4038 ἐνίκα
946 3981 1039 4052 κέλητι
1061 3982 1113 4053 μὲν
1133 3986 1176 4037 oa
1192 3988 1267 4049 θον,
1291 3982 1439 4058 τεθρίππῳ
1459 3984 1492 4039 δὲ·

211 4054 329 4124 Νηλεύς.
350 4051 458 4124 ἐγένετο
473 4052 504 4107 δὲ
519 4055 568 4108 καλ
582 4063 654 4109 νεῖον
668 4053 777 4124 ἅμιλλα,
796 4054 844 4107 καλ
860 4053 942 4124 Ἀργὼ
962 4053 1052 4109 ἐνίκα·
1073 4056 1118 4108 καὶ
1135 4056 1203 4123 μετὰ
1218 4063 1307 4109 ταῦτα
1322 4057 1373 4109 ούκ
1393 4055 1491 4110 ἔπλευ-

212 4143 271 4195 σεν,
292 4123 352 4179 ἀλλ’
374 4125 463 4192 αὐτὴν
482 4124 625 4194 ἀνέθηκεν
644 4124 659 4178 δ
677 4124 774 4179 ’λάσιον
794 4124 920 4179 ἐνταῦθα
939 4131 976 4197 τῷ
996 4129 1159 4180 Ποσειδῶνι.
1198 4126 1253 4181 Sed
1271 4126 1401 4195 quumvis
1420 4127 1491 4181 haec

211 4196 256 4265 iis,
275 4212 347 4265 quae
367 4196 401 4250 de
420 4195 518 4265 primis
538 4196 612 4250 ludis
628 4196 782 4265 Olympicis
801 4196 837 4250 ab
856 4196 975 4251 Hercule
994 4197 1132 4251 institutis
1147 4197 1285 4252 Pindarus
1300 4197 1331 4252 Ο.
1346 4217 1365 4251 x
1378 4198 1492 4259 cecinit,

211 4267 316 4321 similia
335 4267 400 4334 sini,
419 4274 513 4321 tamen
534 4284 590 4321 non
609 4284 626 4321 a
642 4268 763 4321 Pindaro
783 4268 908 4336 profecta
927 4286 987 4322 esso
1007 4269 1137 4322 videnlur
1156 4269 1204 4322 sed
1224 4270 1261 4323 ab
1281 4269 1372 4323 otioso
1392 4269 1493 4338 aliquo

211 4338 347 4407 sophista,
358 4337 406 4406 qui
414 4339 639 4408 Argonautarum
655 4338 766 4392 fabulas
782 4356 844 4392 oum
858 4339 1054 4394 Isthmicorum
1070 4340 1197 4394 ludorum
1212 4340 1320 4411 origine
1335 4340 1491 4395 coniunxit.

282 4409 325 4462 Fr.
346 4416 369 4463 l.
408 4408 498 4478 Apoll.
514 4410 595 4479 Dyse.
611 4410 646 4463 de
664 4427 741 4480 pron.
757 4429 782 4479 p.
799 4426 838 4465 aas
852 4412 889 4466 A:
910 4411 948 4465 ἔτι
968 4412 1015 4465 καλ
1035 4411 1052 4480 ἡ
1072 4413 1116 4466 vla
1135 4410 1266 4466 τάσσεται
1284 4412 1330 4466 ἐπί
1348 4412 1491 4480 πλήθους·

211 4478 302 4542 ὅστις
317 4523 322 4534 .
335 4523 358 4533 ..
374 4500 436 4534 νιν.
456 4477 599 4550 Πίνδαρος
611 4479 813 4552 ’λσθμιονίκαις
827 4513 861 4521 -
876 4483 1013 4548 ἐξεκύλισε
1028 4483 1100 4537 coni.
1111 4482 1233 4538 Bekker:
1249 4481 1413 4553 ἐξεκυλίσθη
1429 4485 1490 4538 cod.

282 4550 325 4607 Fr.
346 4556 369 4605 8.
407 4552 545 4606 vocabulo
565 4550 664 4621 κρατί
682 4556 829 4623 praeterea
847 4571 913 4607 usus
933 4557 977 4608 esi
995 4554 1074 4608 Pind.
1094 4554 1124 4608 Ρ.
1143 4574 1153 4607 1
1172 4572 1192 4609 a.
1211 4573 1250 4607 111
1269 4573 1302 4610 ia.

282 4622 325 4676 Fr.
342 4628 446 4676 10-28
466 4623 594 4678 Eustuth.
610 4623 683 4677 Prol.
699 4624 792 4692 Pind.;
812 4623 897 4693 locoa,
917 4626 990 4680 unde
1005 4625 1139 4694 hauserit,
1159 4626 1287 4694 qiiamvis
1307 4642 1363 4679 non
1382 4624 1491 4681 indica·

211 4691 291 4761 verit,
311 4696 406 4748 tamen
426 4711 459 4747 ex
478 4695 561 4764 pleno
581 4694 676 4749 codice
696 4694 878 4765 epiniciorum
898 4698 1031 4767 pleraque
1046 4713 1110 4751 eum
1124 4697 1285 4767 sumpsisse,
1304 4698 1369 4751 inde
1388 4698 1492 4752 marito

209 4764 347 4836 Bergkius
362 4764 486 4837 collegit,
501 4767 576 4836 quod
591 4783 647 4820 non
661 4765 733 4820 alios
748 4766 835 4821 libros
849 4773 962 4839 praeter
977 4767 1099 4839 epinicia
1112 4768 1278 4823 Eustochiae
1294 4768 1393 4823 afferre
1409 4769 1491 4825 solet.
