3406 5378
813 1144 971 1200 NEMEON.
991 1145 1030 1199 A'.

502 1308 931 1396 ΤΙΜΑΣΑΡΧΩιΙ
986 1309 1344 1393 ΑΙΓΙΝΗΤΗι

755 1506 857 1555 ΠΑΙΔΙ
877 1505 1085 1556 ΙΙΑΛΑΙΣΤΗι.

832 1805 1007 1874 Strophae.

794 2717 1033 2798 Argumentum.

364 2847 499 2907 Victoria
521 2847 679 2924 Nemeaea,
704 2865 795 2923 quarn
819 2846 1028 2906 Timasarchus
1047 2846 1224 2906 Timocratis
1246 2846 1326 2906 filius
1345 2846 1493 2925 Aegineta
1516 2867 1552 2906 ex

275 2936 481 2996 illustrissima
504 2939 592 3013 gente
617 2935 872 2994 Theandridarum
894 2937 978 2995 lucta
1004 2937 1182 2995 consecutus
1210 2940 1287 3013 erat,
1314 2938 1467 3012 praeclaro
1495 2936 1552 2995 boc

275 3026 405 3085 carmine
431 3025 610 3083 illustratur.
650 3025 691 3082 Ut
709 3024 789 3083 enim
807 3018 885 3083 aliae
908 3027 1011 3103 gentes
1034 3024 1148 3083 nobiles
1167 3025 1368 3103 Aegineticae‚
1393 3025 1434 3084 sic
1458 3025 1551 3084 etiam

275 3113 531 3174 Theandridarum
563 3132 637 3191 gens
669 3113 816 3192 gymnicis
845 3113 1057 3172 certaminibus
1091 3113 1223 3190 impense
1255 3134 1377 3191 operam
1409 3114 1549 3192 navabat,

273 3203 352 3263 unde
375 3203 502 3263 maiores
522 3199 891 3279 Timasarchi01ympicis
914 3201 1063 3262 Isthmicis
1085 3202 1241 3262 Nemeaeis
1265 3203 1381 3263 coronis
1405 3203 1478 3263 clari
1501 3224 1549 3263 en·

274 3293 424 3352 stiterunt.
471 3291 640 3370 Singularis
667 3311 736 3350 vero
765 3292 832 3351 laus
859 3292 948 3350 huius
970 3291 1068 3371 gentis
1092 3296 1170 3368 erat,
1198 3292 1278 3367 quod
1302 3293 1387 3351 iuxta
1409 3293 1550 3371 gymnica

273 3382 374 3440 studia
397 3381 489 3441 etiam
512 3381 627 3441 musica
650 3381 817 3457 exercebat3
836 3381 971 3458 inprimis
991 3380 1153 3456 Timocriti,
1172 3380 1267 3456 patris
1287 3380 1479 3458 Timesarchi‚
1500 3401 1549 3440 ars

272 3469 381 3529 fidibus
413 3470 550 3545 cauendi,
583 3469 737 3547 Euphenis
770 3470 819 3528 avi
851 3469 979 3544 epinicia
1011 3469 1144 3528 carmina
1174 3489 1192 3529 a
1222 3470 1351 3528 Pindaro
1384 3469 1549 3529 laudantur

272 3552 314 3641 (v.
341 3572 381 3619 14.
406 3552 462 3640 90).
508 3560 614 3635 Alipta
637 3559 845 3618 Timasarchus
873 3558 995 3618 Melania
1022 3557 1198 3618 Atheniensi
1226 3579 1299 3618 usus
1327 3562 1392 3618 erat
1422 3551 1464 3639 (v.
1489 3551 1548 3640 93'),

272 3649 358 3708 cuius
381 3649 529 3708 Pindarus
552 3649 644 3707 etiem
668 3646 775 3707 O.v111
799 3659 832 3706 54
856 3650 886 3707 et
909 3647 944 3705 N.
964 3667 995 3706 vr
1021 3659 1053 3706 ‘14
1077 3648 1259 3708 mentionem
1283 3649 1362 3709 fecit.
1410 3648 1549 3708 Ceterum

271 3757 330 3797 non
360 3739 422 3797 sine
450 3757 558 3816 magno
587 3737 687 3796 labore
715 3741 746 3795 et
775 3737 908 3813 periculo
936 3737 1161 3796 Timasarchum
1192 3738 1348 3797 victoriam
1378 3741 1546 3813 reportasse

271 3846 374 3887 versus
393 3838 498 3886 28-32
518 3828 658 3904 arguunt.
680 3858 721 3866 —
742 3826 785 3885 De
805 3831 937 3902 tempore
957 3826 1096 3885 carminis
1115 3826 1191 3884 nihil
1210 3828 1370 3886 memoriae
1394 3826 1547 3903 proditum

271 3921 324 3994 est,
349 3917 400 3976 sed
424 3937 459 3976 ex
477 3916 562 3974 varia
580 3915 705 3992 ratione,
725 3933 785 3991 qua
804 3920 893 3990 poeta
912 3915 1064 3975 Melesiam
1082 3916 1156 3975 locis
1175 3916 1306 3975 laudatis
1326 3920 1547 3993 commemorat,

270 4004 368 4065 elucet
391 4006 467 4064 hano
486 4005 642 4063 victoriam
662 4007 731 4063 ante
751 4003 784 4063 Ο.
804 4022 860 4063 v111
878 4006 909 4063 et
926 4003 963 4063 N.
983 4024 1021 4082 vr,
1042 4005 1103 4064 sire
1124 4008 1192 4064 ante
1213 4024 1325 4064 annum
1344 4008 1409 4065 460
1429 4024 1455 4064 a.
1470 4005 1546 4083 Chr,

245 4088 329 4169 ''quo
358 4114 435 4154 anno
464 4112 582 4152 carmen
612 4092 645 4152 Ο.
664 4111 720 4151 vru
748 4094 862 4153 facturn
890 4096 947 4170 est,
977 4097 1095 4169 partam
1126 4112 1197 4153 esse.
1243 4095 1403 4153 Praeterea
1432 4095 1546 4153 laetum

271 4187 336 4241 turn
359 4173 501 4258 temporis
521 4185 635 4241 statum
654 4202 753 4242 rerum
771 4182 962 4258 publicarum
979 4183 1072 4242 fuisse
1090 4183 1218 4241 necdum
1236 4184 1402 4259 quidquam
1420 4183 1548 4258 periculi

269 4271 484 4350 Aeginetarum
508 4272 641 4330 libertati
669 4271 706 4330 ab
726 4271 957 4331 Atheniensibus
981 4272 1158 4346 impendisse
1182 4275 1247 4332 tota
1268 4272 1382 4332 indoles
1406 4272 1547 4331 carminis

268 4361 379 4437 gaudio
404 4361 492 4436 quasi
511 4361 674 4419 exultantis
694 4360 834 4420 declarat.
873 4359 958 4429 Quod
977 4380 1046 4419 vero
1068 4360 1221 4418 Salamina
1240 4361 1381 4438 Cypriam
1400 4361 1479 4420 inter
1497 4362 1546 4420 de·

269 4468 339 4508 cora
362 4449 496 4528 Aeginae
520 4454 608 4525 poeta
631 4451 765 4509 recenset
784 4442 825 4530 (v.
845 4442 893 4530 48)
913 4451 944 4507 et
967 4449 1078 4507 fabulis
1102 4450 1242 4526 mythicis
1265 4451 1371 4527 utitur,
1395 4454 1432 4508 ut
1455 4470 1546 4526 quam

267 4539 328 4597 late
356 4539 490 4616 Aeginae
521 4559 591 4614 opes
621 4543 745 4615 pateant
775 4540 969 4614 demonstret,
1000 4538 1054 4598 hoc
1084 4539 1128 4597 ita
1159 4540 1352 4617 interpretor,
1382 4542 1418 4597 ut
1447 4540 1544 4615 specie

266 4628 399 4704 mythice
428 4633 598 4703 praesentes
625 4646 672 4686 res
700 4628 929 4686 Atheniensium
958 4647 1120 4704 eorumque
1152 4628 1299 4687 sociorum
1327 4629 1545 4706 Aeginetarum

266 4720 335 4793 post
363 4737 496 4795 pugnarn
525 4718 560 4774 erl
591 4717 816 4792 Eurymedonta
843 4737 896 4793 per
919 4720 1014 4775 ternus
1038 4722 1068 4775 et
1091 4717 1185 4775 maria
1209 4718 1427 4776 dominantium
1452 4718 1544 4795 signi-
