3406 5378
687 379 810 429 nsuss
829 380 903 432 viu.
1366 378 1431 442 295

155 549 305 606 cesserant
323 564 416 605 anuos
436 538 449 616 <
453 548 511 605 461
531 547 578 605 vel
594 538 681 623 463),
697 545 807 622 quibus
826 546 894 605 lites
915 546 992 605 inter
1006 545 1201 607 Athenienses
1220 549 1251 606 et
1270 547 1432 624 Aeginetae

155 636 212 695 seri
237 639 358 712 coeptae
378 639 456 694 sunt.
494 633 723 694 Atheniensium
746 635 823 693 enim
848 635 968 695 fraudes
992 640 1023 694 et
1044 636 1194 714 perfidiae,
1214 637 1323 713 quibus
1343 637 1431 715 Aegi-

156 728 240 784 netas
264 727 483 801 oppresserunt,
503 724 656 800 aptissime
681 724 814 799 exemplo
834 724 911 783 vafri
931 728 962 784 et
980 725 1075 784 astuti
1089 725 1186 785 Ulixis
1205 726 1430 802 adumbrantur,

156 817 186 874 et
204 815 301 891 prisco
321 814 470 889 splendori
485 813 627 891 Aeginae,
646 832 714 872 cum
729 813 958 873 Atheniensium
978 819 1008 873 et
1025 814 1327 875 Lacedaemoniorum
1342 815 1432 875 duces

156 903 320 980 sapientiae
344 903 436 962 Aeaci
455 902 619 981 Aeginetae
644 902 853 980 oboediebant,
877 903 989 978 optime
1013 904 1176 979 opponitur
1199 904 1324 963 tristitie
1346 922 1431 979 prae·

155 1013 230 1069 sens,
254 1012 315 1069 qua
338 991 535 1051 Athenienses
557 991 687 1050 insulam
711 991 857 1069 Aeginam
881 992 997 1050 infestis
1021 993 1111 1051 armis
1135 993 1323 1053 invadebant.
1369 993 1432 1052 Hoc

157 1083 243 1142 modo
267 1082 292 1140 si
316 1100 433 1140 carmen
457 1081 698 1157 interpretamur,
721 1081 830 1139 mirum
858 1086 1007 1156 quantum
1031 1100 1078 1139 ars
1102 1085 1133 1141 et
1154 1081 1346 1158 pulchritudo
1370 1101 1432 1141 car-

157 1172 244 1230 minis
269 1174 410 1248 augetur,
433 1170 489 1230 hoc
512 1169 591 1228 enim
615 1189 650 1228 ex
673 1170 803 1228 carmine
826 1174 858 1229 et
880 1169 1028 1230 similibus
1050 1171 1232 1230 carminibus
1255 1171 1277 1229 I.
1297 1189 1348 1231 vn.
1369 1189 1431 1230 vui.

157 1260 262 1320 0.er
285 1262 411 1336 apparet
433 1259 597 1318 Pindarum
619 1278 678 1318 non
702 1259 799 1318 solum
823 1259 978 1335 splendore
1005 1258 1170 1339 figurarum
1193 1263 1225 1320 et
1247 1261 1431 1319 sublimitate

155 1349 372 1410 sententiarum
404 1349 559 1424 excellere,
591 1367 695 1407 verum
727 1348 819 1406 etiam
849 1349 927 1407 veris
959 1348 1052 1407 animi
1085 1348 1240 1408 affectibus
1272 1352 1302 1408 et
1335 1349 1432 1426 ipsum

157 1438 335 1499 commoveri
364 1440 395 1498 et
421 1437 576 1497 hominum
598 1439 721 1513 pectora
744 1456 936 1498 commovere.
983 1436 1065 1506 Quae
1089 1457 1157 1498 cum
1180 1438 1224 1497 ita
1254 1438 1326 1515 sint,
1357 1438 1432 1497 nihil

157 1548 256 1588 moror
284 1527 469 1603 Leopoldum
492 1524 703 1603 Schmidtium,
727 1524 811 1584 Pind.
831 1526 900 1585 Leb.
920 1537 972 1585 430
987 1545 1039 1604 ss,
1063 1547 1081 1586 a
1104 1528 1211 1588 iuvene
1233 1530 1336 1605 poeta,
1365 1546 1432 1587 cum

157 1619 221 1677 eius
252 1635 299 1676 ars
330 1615 462 1676 nondum
491 1618 698 1675 consummata
728 1614 832 1692 fuerit,
862 1615 918 1674 hoc
949 1635 1066 1675 carmen
1099 1616 1244 1692 scriptum
1276 1635 1338 1676 esse
1369 1616 1432 1692 opi·
1549 1637 1551 1640 ’

156 1709 286 1767 nantem.

246 1796 288 1854 Ut
311 1814 398 1870 saepe
422 1794 453 1851 in
472 1793 654 1872 Aegineticis
678 1792 812 1870 epiniciis
836 1812 854 1852 a
877 1794 999 1853 numine
1022 1793 1124 1853 divino
1147 1797 1237 1870 poeta
1258 1793 1434 1870 auspicatur

158 1887 208 1965 (cf.
229 1884 262 1944 0.
283 1903 345 1943 vm.
369 1884 401 1942 P.
422 1902 484 1941 vni.
508 1882 544 1940 N.
564 1901 616 1941 vn.
639 1882 661 1943 1.
681 1875 724 1963 v),
748 1883 790 1942 sic
812 1882 843 1940 in
863 1883 918 1942 hoc
937 1902 1057 1960 quoque
1076 1884 1206 1943 carmine
1225 1903 1243 1942 a
1261 1883 1433 1961 Pubertate,

157 1975 264 2034 nuntia
283 1973 416 2050 Veneris,
440 1972 556 2032 orditur
575 1963 683 2052 (1-6),
707 1971 737 2030 id
762 1972 841 2048 quod
864 1975 895 2031 et
918 1973 1013 2031 aetati
1034 1973 1152 2032 iuvenis
1170 1972 1292 2033 victoris
1315 1973 1432 2052 egregie

157 2064 413 2124 accommodatum
437 2061 497 2119 fuit
519 2065 550 2120 et
573 2063 678 2137 aptum
706 2061 867 2120 transitum
894 2065 1001 2137 poetae
1028 2066 1118 2138 parat
1145 2062 1183 2121 ad
1211 2081 1326 2122 amores
1354 2062 1434 2122 Iovis

158 2157 189 2212 et
211 2153 345 2231 Aeginae
369 2151 517 2226 nymphae
541 2150 822 2226 commemorandos
845 2150 924 2209 unde
944 2151 1069 2226 Aeacus,
1089 2151 1270 2210 iustissimus
1288 2172 1348 2225 rex,
1367 2171 1434 2226 pro·

157 2244 275 2301 creatus
306 2240 360 2315 sit,
397 2239 482 2298 cuius
514 2238 632 2298 iudiciis
662 2238 788 2297 libenter
819 2239 890 2297 olim
920 2239 1009 2299 duces
1039 2239 1235 2298 finitimarum
1265 2241 1434 2299 civitatium

158 2330 313 2407 paruerint
336 2321 463 2409 (6-12).
501 2327 600 2385 Huius
623 2327 719 2405 igitur
740 2346 839 2406 genua
862 2331 952 2403 poeta
975 2328 1129 2404 amplexus
1152 2349 1205 2405 pro
1231 2330 1326 2388 salute
1351 2329 1434 2388 urbis

160 2423 191 2480 et
213 2419 324 2479 civium
348 2418 399 2494 pia
422 2420 493 2477 vota
516 2416 598 2493 facit,
623 2416 713 2475 simul
736 2416 892 2476 illustrans
915 2417 1018 2493 Lydiis
1036 2418 1131 2477 modis
1150 2418 1297 2477 victorum
1317 2418 1435 2477 Diuidis

158 2510 281 2585 eiusque
304 2507 400 2584 patris
423 2506 527 2584 Megae
551 2525 622 2581 opes
646 2524 714 2565 cum
737 2505 855 2565 iustitia
878 2507 1060 2585 coniunctas,
1084 2526 1159 2584 quas
1179 2507 1290 2566 similes
1308 2526 1371 2567 esse
1391 2508 1435 2566 ait

158 2598 284 2674 Cinyrae
309 2595 419 2674 Cyprii,
443 2595 528 2655 cuius
551 2596 633 2653 fama
656 2595 811 2673 Aeginetis
834 2595 1006 2673 gratissima
1029 2599 1060 2655 et
1083 2596 1170 2672 quasi
1189 2597 1348 2655 familiaris
1367 2597 1434 2673 fuit,

157 2687 237 2765 quod
260 2704 338 2745 unus
361 2705 396 2744 ex
418 2683 632 2761 pronepotibus
657 2684 747 2743 Aeaci
772 2685 885 2744 Teucer
908 2683 1061 2744 Salamine
1083 2685 1188 2745 urbem
1211 2686 1241 2743 in
1266 2685 1365 2761 Cypro
1389 2686 1432 2744 in-

157 2778 222 2836 sula
241 2775 414 2836 condiderat
432 2767 557 2855 (rt-18).
595 2772 669 2832 Cum
688 2773 749 2832 iam
768 2773 799 2833 in
819 2792 853 2833 eo
876 2776 967 2850 poeta
989 2776 1074 2852 esset,
1098 2777 1134 2833 ut
1157 2774 1193 2834 de
1216 2773 1343 2850 Cinyrae
1362 2776 1433 2834 fatis

156 2866 247 2925 verba
269 2866 394 2941 feceret,
424 2863 461 2922 ab
488 2863 544 2923 hoc
572 2862 694 2922 consilio
723 2866 846 2939 propter
871 2862 1015 2923 invidiam
1038 2864 1273 2923 obtrectatorum
1297 2882 1327 2922 se
1351 2883 1434 2924 revo-

158 2964 207 3014 cat
229 2958 260 3013 et
282 2953 393 3030 insigni
417 2953 551 3028 exemplo
574 2951 736 3011 domestico
760 2952 861 3011 Aiacis
886 2951 923 3011 ad
946 2971 1053 3011 manns
1081 2952 1137 3011 sibi
1165 2952 1333 3011 inferendas
1357 2972 1434 3012 com·

158 3044 238 3119 pulsi
261 3043 454 3118 demonstrat,
478 3045 592 3117 quanto
616 3042 684 3117 plus
709 3041 789 3117 apud
812 3041 946 3101 homines
965 3042 1079 3101 astutia
1098 3041 1209 3100 diserta
1228 3061 1320 3118 quam
1339 3042 1435 3101 virtus

158 3132 282 3208 simplex
305 3131 406 3191 valeat
425 3122 569 3210 (le—34).
606 3130 641 3188 In
666 3131 756 3190 tertia
778 3134 863 3206 parte
887 3131 1026 3190 carminis
1050 3125 1090 3212 (v.
1110 3123 1231 3211 35--51l
1250 3136 1341 3207 poeta
1359 3131 1434 3191 tales

157 3240 254 3282 mores
278 3238 310 3279 se
334 3219 516 3279 detestatum
539 3218 623 3278 enixe
647 3219 766 3278 studere
790 3219 875 3297 dicit,
905 3222 942 3278 ut
964 3223 1070 3298 gratus
1094 3221 1208 3280 civibus
1232 3220 1381 3279 iustitiam
1405 3229 1436 3280 et

158 3330 275 3372 morum
302 3309 483 3385 probitatem
511 3326 607 3385 usque
636 3309 674 3367 ad
702 3312 866 3368 extremum
894 3309 1033 3385 spiritum
1061 3315 1159 3369 servet
1187 3312 1217 3369 et
1244 3312 1434 3370 strenuorum

158 3401 298 3476 virorum,
323 3398 427 3475 quales
450 3396 536 3456 Dinis
560 3400 591 3456 et
613 3397 715 3475 Megas
739 3397 812 3474 sint,
836 3398 948 3457 famam
971 3401 1082 3476 augeat
1105 3399 1255 3475 epiniciis,
1280 3417 1356 3475 quae
1381 3399 1433 3457 du·

157 3491 228 3548 dum
253 3488 368 3564 optima
391 3487 500 3546 solatia
523 3489 553 3546 et
576 3485 709 3563 praemia
732 3486 868 3546 laborum
892 3486 1063 3546 existimata
1086 3487 1154 3546 sint.
1175 3488 1348 3547 -Totum
1370 3506 1433 3547 car·

158 3599 223 3637 men
255 3577 352 3636 tribus
381 3575 528 3652 pericopis
558 3568 696 3655 (stropha
726 3575 915 3652 antistropha
945 3569 1114 3655 epodoque)
1145 3578 1276 3653 constat,
1306 3596 1434 3653 quarum
1519 3578 1521 3583 ’

158 3685 357 3744 unaquaeque
376 3666 497 3741 plenum
520 3668 551 3724 et
574 3664 605 3723 in
629 3684 660 3724 se
683 3665 857 3724 conclusum
876 3664 1092 3724 sententiarum
1111 3665 1211 3725 orbem
1233 3665 1434 3743 amplectitur,

159 3777 250 3833 qrram
264 3754 487 3832 compositionis
503 3754 735 3815 concinnitatem
753 3757 873 3830 poetam
892 3756 1092 3814 senescentem
1111 3754 1274 3814 excoluisse
1294 3755 1381 3815 docui
1396 3754 1433 3814 ad

159 3844 275 3905 Ofxrn.

704 3980 749 4046 De
771 3981 893 4046 metris.

247 4114 343 4172 blctra
372 4112 462 4173 huius
492 4111 631 4171 camninis
662 4131 680 4170 a
710 4111 868 4171 severitate
899 4112 1076 4171 Doricorum
1106 4112 1272 4170 carminum
1300 4110 1433 4186 dactylo·

157 4202 376 4279 epitriticorum
399 4202 467 4277 plus
490 4220 552 4260 uno
574 4201 693 4261 nomine
716 4200 881 4278 discedunt,
905 4201 1034 4276 primum
1059 4201 1138 4276 quod
1160 4200 1345 4276 abisyllaba
1369 4199 1433 4259 basi

158 4291 281 4367 stropha
304 4290 464 4367 exorditur,
483 4289 588 4349 deinde
612 4289 691 4365 quod
715 4295 814 4349 rectus
833 4308 937 4348 cursus
956 4308 1149 4348 numerorum
1168 4307 1255 4365 saepe
1274 4289 1433 4347 interrum-

160 4382 242 4457 pitur
261 4373 327 4461 (str.
347 4390 372 4439 l.
392 4391 416 4456 o,
436 4399 481 4455 ep.
502 4392 525 4438 1.
545 4391 569 4436 3.
590 4392 614 4437 o.
635 4371 675 4459 o),
694 4382 760 4437 tum
779 4380 858 4455 quod
878 4379 908 4436 in
928 4377 1015 4454 epodi
1038 4396 1127 4437 versu
1150 4384 1258 4454 quarto
1283 4378 1434 4437 trochaica

159 4469 289 4546 tripodis
312 4468 342 4526 in
366 4469 465 4529 locum
489 4468 653 4544 dactylicae
677 4468 820 4528 successit
841 4461 892 4545 (of.
913 4466 1080 4545 0.x1113),
1103 4467 1231 4544 denique
1255 4466 1335 4544 quod
1359 4470 1434 4527 stro-

158 4561 235 4635 phae
262 4576 366 4618 versus
394 4560 520 4634 quartus
548 4559 579 4615 et
607 4557 695 4633 epodi
722 4556 830 4616 tertius
853 4557 891 4615 ab
914 4560 1077 4633 anapaesto
1101 4556 1262 4634 incipiunt,
1286 4576 1363 4633 quae
1387 4576 1434 4615 res

159 4668 259 4708 omnes
287 4667 356 4707 cum
382 4646 504 4706 levitate
533 4645 645 4721 Lydiae
673 4646 845 4705 harmoniae
876 4639 915 4726 (y.
942 4656 986 4721 153
1019 4645 1055 4705 ef.
1080 4646 1157 4704 Prol.
1182 4652 1247 4723 aix)
1276 4647 1432 4706 cohaerere

160 4739 306 4797 videntur.
344 4736 490 4811 Strophae
512 4734 601 4810 primi
624 4752 728 4793 versus
751 4735 847 4794 altere
870 4735 987 4811 syllaba
1011 4737 1112 4792 utrum
1141 4753 1249 4810 anceps
1277 4753 1314 4793 an
1343 4735 1434 4811 longa

159 4827 250 4885 trium
274 4845 425 4885 morarum
449 4823 497 4900 sit,
521 4822 642 4883 avaria
665 4822 790 4883 lectione
810 4844 836 4883 v.
857 4836 890 4883 40
909 4824 1031 4900 pendet3
1055 4822 1193 4898 strophae
1217 4842 1320 4882 versus
1344 4843 1432 4899 quar-
