3406 5378
694 381 826 431 PYTffls
844 380 875 432 V.

359 543 548 625 πολύφιλον
571 539 696 607 ἑπέταν.

325 645 386 714 ool
410 648 547 734 θεόμορ’
571 647 754 735 Ἀρκεσίλα,

360 757 403 820 σύ
425 759 481 821 τοί
499 780 555 821 νιν
578 762 699 832 κλυτᾶς

360 865 480 939 αίῶνος
503 863 609 949 σἰκρᾶν
631 863 809 948 βαθμίδων
832 864 895 927 ἄπο

360 972 424 1034 σὺν
448 970 579 1058 εὐδοξίᾳ
601 973 809 1054 μετανίσσεαι

360 1075 449 1141 ἕκατι
471 1076 705 1162 χρυσαρμάτου
729 1076 915 1162 Κάστορος,

310 1201 341 1247 10
362 1183 478 1249 εὐδίαν
501 1182 537 1260 ὃς
559 1186 639 1268 μετδι
662 1183 828 1269 χειμέριον
851 1187 978 1269 ὄμβρον
1000 1184 1078 1248 τεὰν

360 1293 577 1356 καταιθύσσει
601 1291 766 1377 μάκαιραν
789 1289 909 1356 ἑστίαν.

361 1503 461 1589 σοφοὶ
484 1504 524 1570 δέ
543 1529 595 1571 τοι
618 1505 755 1571 κοίλλιον
1033 1502 1115 1569 Ἀντ.
1140 1502 1182 1568 α’.
1231 1522 1263 1568 15

361 1611 496 1698 φέροντι
520 1611 575 1677 καὶ
598 1613 659 1677 τὰν
682 1614 865 1678 θεόσδοτον
888 1613 1040 1697 δύναμιν.

360 1716 396 1784 σὲ
419 1717 453 1784 δ’
479 1718 658 1805 ἐρχόμενον
680 1718 717 1784 ἐν
740 1720 817 1806 δίκᾳ

404 1829 508 1903 πολὺς
531 1828 629 1910 όλβος
652 1824 881 1912 ἀμφινέμεται·

310 1952 342 1996 ιο
362 1935 399 1997 τὸ
422 1930 482 2017 μὲν
506 1934 555 1998 ὅτι
578 1935 735 2017 βασιλεὺς

361 2039 431 2105 ἐσσὶ
454 2045 600 2125 μεγαλᾶν
622 2045 763 2123 πολίων,

361 2150 425 2231 ἔχει
448 2146 605 2230 συγγενές
628 2145 659 2211 τ’

361 2254 536 2338 ὀφθαλμὸς
559 2256 768 2320 αἰδοιότατον
790 2254 902 2339 γέρας,

179 2563 208 2591 sc
220 2490 243 2539 5.
263 2481 381 2571 seipso}
398 2483 470 2539 coni.
485 2482 611 2565 Schmid:
630 2480 764 2565 θεόμοιρ’Ι
778 2483 868 2538 BOD
887 2515 920 2565 ᾖ
939 2489 963 2537 6.
984 2504 1030 2537 νιν
1048 2484 1075 2537 Β
1087 2483 1185 2538 0⁹⁰1)
1204 2485 1233 2536 et
1251 2481 1350 2571 ⁸⁰,¹¹⁰¹*
1369 2501 1422 2579 χον

148 2555 387 2690 &aihta
396 2554 809 2694 ttltllhl‘lffztttti
820 2553 1115 2696 tiilhdssffkfat
1126 2554 1423 2679 t·-“‘a⁹›‘⁶st³h{{

148 2699 178 2751 in
201 2699 346 2788 praec-doci
375 2698 540 2781 scripseram
568 2731 602 2737 —
632 2705 673 2751 1⁶2.
702 2694 734 2751 δέ
756 2718 799 2751 τοι
824 2697 942 2752 Mosch:
972 2695 1000 2750 δ’
1021 2698 1061 2750 ἔτι
1088 2695 1131 2765 (δέ
1153 2717 1179 2750 τι
1199 2698 1234 2778 β)
1262 2698 1289 2751 Β
1306 2695 1369 2750 01)
1389 2727 1421 2734 -

148 2768 977 2910 ttiit‘tttathl‘llddsullitthull:
992 2766 1423 2907 {cealloscathan

149 2912 219 2966 coni.
235 2913 376 2966 Hermann
391 2945 424 2952 -
441 2920 482 2968 18.
502 2910 681 2966 αἰδοιότατον
700 2912 771 2966 coni.
787 2911 914 2966 Schmid:
935 2909 1128 2965 αίδοιέστατον
1147 2909 1226 2964 codd.
1243 2913 1271 2963 et
1287 2908 1372 2963 schol.
1389 2941 1422 2948 -

151 3087 182 3093 —
202 3061 226 3107 4.
246 3054 402 3123 πολύφιλον
427 3051 542 3123 ἑπέταν,
569 3055 699 3109 comitem
723 3055 827 3108 multus
847 3054 951 3108 amicos
977 3054 1152 3121 afferentem,
1178 3055 1211 3105 ut
1235 3052 1264 3105 in
1284 3051 1422 3107 Ovidiano

148 3128 231 3181 ιίοιιοο
249 3129 303 3180 cris
320 3128 401 3193 felix,
424 3127 522 3180 multoe
544 3128 700 3181 ιιιιιαιταδίε
723 3128 824 3181 anticos
845 3158 870 3165 --
896 3133 919 3180 7.
939 3126 1031 3193 ἀκρᾶν
1049 3122 1199 3196 βαθμίδων
1224 3123 1294 3192 ἄπο,
1321 3123 1423 3177 iudea

148 3197 246 3266 primis
272 3196 408 3266 gradibus
433 3196 510 3251 vitae
535 3199 601 3251 tuae
626 3198 728 3252 beatae
754 3213 820 3267 opes
847 3214 910 3249 cum
935 3197 1039 3250 virtute
1065 3195 1227 3250 coniunctas
1253 3195 1364 3249 venaris
1388 3227 1422 3233 —

149 3274 173 3323 9.
192 3268 346 3336 Κάστορος·
366 3267 591 3336 Tyndaridarum
608 3285 688 3322 sacra
702 3286 720 3320 a
732 3268 942 3322 Lacedaemone
961 3284 1011 3338 per
1024 3267 1144 3320 Theram
1164 3266 1285 3319 insulam
1301 3264 1422 3334 Cyrenas

150 3339 239 3392 allata
266 3344 354 3407 erant,
381 3340 454 3392 uude
474 3339 562 3392 eisin
582 3343 671 3393 strata
691 3339 935 3393 viaurbisaedes
955 3342 1098 3392 exstructa
1124 3341 1197 3403 erat;
1224 3338 1259 3393 cf.
1279 3336 1365 3391 schol.
1386 3338 1423 3390 ad

148 3428 173 3464 v.
193 3428 246 3466 121:
272 3410 381 3480 λέγεται
400 3409 430 3464 δὲ
450 3413 498 3464 καὶ
522 3410 554 3464 τὸ
580 3411 657 3478 ἱερὸν
681 3420 737 3465 τῶν
763 3411 943 3478 Διοσκούρων
969 3409 1000 3463 ἐν
1026 3407 1118 3481 ἐκείνῃ
1142 3417 1175 3479 τῇ
1199 3407 1315 3482 πλατείᾳ
1340 3405 1421 3463 εἶναι.

150 3482 243 3535 Etiam
263 3482 293 3535 in
311 3481 431 3534 nummis
451 3482 620 3550 Cyrenarum
640 3482 785 3552 silphium,
812 3498 883 3550 <luae
907 3480 1007 3551 planta
1026 3479 1177 3549 Cyrenaico
1201 3480 1230 3533 in
1254 3496 1323 3550 agro
1342 3479 1422 3534 uber·

148 3552 217 3606 rime
243 3554 425 3619 nascebatur,
452 3571 515 3606 cum
541 3553 631 3607 stellis
657 3554 854 3608 Dioscurorurn
877 3553 1055 3606 coniunctum
1075 3555 1175 3605 exstat.
1213 3552 1422 3621 Peropportune

150 3628 244 3678 autern
264 3625 429 3678 felicitatem
445 3624 581 3678 Arcesilai
599 3625 734 3679 beneficio
749 3624 873 3679 Castoris
887 3624 992 3678 factam
1008 3623 1085 3690 dicit,
1100 3641 1118 3676 u
1145 3622 1193 3691 qui
1209 3626 1238 3676 et
1252 3622 1422 3691 equestrium

148 3696 331 3750 certaminum
375 3712 466 3749 raeses
491 3695 528 3748 sit
551 3700 579 3749 et
602 3712 730 3749 serenum
754 3695 862 3749 caelum
885 3699 950 3764 post
974 3693 1101 3747 turbidas
1128 3693 1266 3763 procellas
1290 3694 1423 3749 reducere

149 3767 291 3834 credatur,
311 3767 345 3821 cf.
388 3766 494 3821 or.C.1
511 3784 542 3834 ss,
558 3784 591 3822 εσ.
620 3767 705 3821 Recte
724 3767 799 3822 enirn
817 3766 854 3819 ad
869 3768 966 3820 turbas
980 3765 1086 3833 civiles,
1106 3765 1207 3833 quibus
1224 3765 1422 3834 llanrophilum

149 3855 259 3907 quoque
287 3839 317 3891 iu
345 3839 459 3892 exilium
488 3841 582 3891 actum
610 3855 670 3891 esse
699 3856 783 3908 supra
810 3838 839 3892 P.
859 3857 886 3889 rv
907 3854 945 3891 aaa
960 3856 994 3891 ss.
1016 3835 1209 3905 cognovimus,
1235 3836 1290 3888 ianr
1315 3840 1423 3889 veteres

149 3909 318 3963 scholiastae
343 3910 434 3963 locum
460 3910 640 3964 rettulerunt:
668 3918 751 3963 τοῦτο
776 3908 809 3963 δι’
833 3927 932 3977 φησιν,
961 3907 1003 3962 ὅτι
1029 3906 1190 3961 ίστασίαστο
1218 3906 1252 3959 τὰ
1279 3908 1341 3973 περὶ
1371 3908 1423 3975 τὴν

149 3981 282 4050 Κυρήνην
301 3982 450 4051 πράγματα
469 3986 506 4053 τῷ
523 3979 682 4054 Ἀρκεσιλάῳ
701 3979 763 4034 κατ’
786 3981 876 4034 ἐκεῖνο
895 3988 1002 4047 καιροῦ.
1033 3978 1113 4044 Quod
1128 3979 1164 4031 ad
1179 3980 1347 4031 structuram
1362 3996 1421 4031 ver-

148 4053 247 4105 borum
266 4054 377 4120 attinet,
397 4051 575 4106 accusativus
594 4052 661 4106 τεὰν
681 4049 774 4106 ἑστίαν
792 4052 896 4122 pendet
911 4068 928 4104 a
941 4050 1149 4120 praepositione
1168 4048 1239 4102 κατὰ
1255 4049 1333 4102 verbi
1347 4066 1421 4102 corn-

147 4123 232 4191 positi
252 4124 444 4191 attrectatores,
461 4127 494 4176 ut
511 4124 541 4178 P.
556 4142 584 4176 rv
599 4140 624 4178 ss
640 4121 779 4193 πλόκαμοι
798 4132 887 4177 νῶτον
906 4126 1105 4189 καταίθυσσον,
1126 4120 1304 4175 accusativus
1324 4118 1422 4174 εὐδίαν

147 4197 241 4247 auteur
265 4212 323 4248 rern
347 4195 500 4264 siguificat,
527 4211 599 4263 quae
623 4213 657 4248 ex
676 4194 790 4249 Castore
814 4194 906 4247 focum
926 4192 1061 4247 Arcesilai
1086 4191 1264 4246 illuminante
1283 4191 1423 4246 efficiatur

148 4298 181 4304 —
202 4271 243 4319 13.
269 4263 437 4320 θεόσδοτον·
464 4283 481 4319 a
504 4265 556 4320 deo
576 4266 686 4334 datum,
713 4265 787 4320 idem
806 4282 907 4319 nomen
930 4266 962 4318 tr.
983 4282 1009 4318 ss
1028 4264 1101 4317 redit
1120 4268 1149 4318 et
1167 4263 1225 4317 iam
1244 4263 1280 4316 ab
1298 4263 1423 4317 Hesiodo

149 4354 213 4406 opp.
227 4353 267 4390 aas
287 4340 451 4406 usurpatum
471 4339 521 4402 est
537 4337 573 4389 ad
588 4336 750 4407 analogiam
765 4336 912 4406 compositi
928 4334 1085 4398 διόσδοτος
1099 4335 1171 4388 falso
1187 4334 1258 4388 illud
1272 4334 1423 4388 formatum

148 4441 181 4447 --
202 4414 235 4461 15
255 4426 289 4463 ss.
315 4410 489 4461 lhrtnnatum
513 4407 583 4462 dicit
600 4408 788 4476 Arcesilaum,
812 4408 886 4477 quod
907 4411 935 4460 et
953 4407 1032 4477 regia
1055 4409 1196 4476 potestate
1215 4411 1330 4459 ornatus
1350 4406 1387 4460 sit
1406 4424 1423 4459 a

148 4479 301 4533 maioribus
330 4479 501 4533 hereditario
529 4479 588 4532 iure
618 4484 747 4551 accepta,
776 4482 805 4532 ct
829 4495 903 4533 nuuc
929 4479 965 4532 oh
991 4477 1139 4531 victoriam
1167 4477 1283 4547 Delphis
1312 4486 1423 4547 partam

148 4551 347 4604 comissatione
365 4551 497 4604 iuvenum
517 4551 674 4604 celebretur
692 4584 726 4591 —-
746 4556 787 4606 18.
811 4549 972 4620 ὀφθαλμός·
998 4553 1115 4603 nonest
1134 4567 1182 4602 cur
1201 4566 1264 4602 cum
1302 4548 1423 4618 larisque

147 4623 303 4677 editoribus
322 4622 473 4691 ὀφθαλμὸν
492 4622 681 4690 metaphorice
696 4623 790 4676 lumen
804 4622 933 4674 fortunae
948 4620 1156 4690 interpreteris,
1176 4620 1261 4673 immo
1276 4568 1424 4691 δφθαλμδς

149 4695 298 4764 estipsius
317 4693 463 4760 Arcesilai,
482 4693 531 4761 qni
549 4693 629 4746 vultu
648 4694 818 4765 gravitatem
833 4696 862 4746 et
875 4693 1053 4746 maiestatem
1072 4692 1167 4761 regiae
1186 4690 1336 4759 dignitatis
1356 4708 1423 4761 prae

148 4783 176 4819 se
201 4767 321 4834 ferebat,
345 4782 430 4833 cluam
449 4765 576 4819 innatam
595 4764 744 4834 (συγγενές)
763 4769 792 4818 et
810 4783 828 4818 a
846 4763 998 4818 maioribus
1018 4768 1163 4832 acceptam
1182 4756 1316 4817 habebat.
1353 4764 1422 4816 Rem

148 4838 287 4890 contrario
307 4837 433 4907 exeundo
459 4837 583 4890 illustrat
601 4836 697 4891 Cicero
721 4837 749 4889 in
769 4837 844 4891 Verr.
868 4856 894 4888 rs
916 4853 954 4890 ss:
980 4854 1009 4890 os
1030 4837 1148 4890 Ῑιοιιιίιιίο
1173 4837 1354 4904 insipiensque
1373 4836 1423 4888 ιίιι-
