3406 5378
555 386 603 438 111.
630 385 679 435 DE
698 384 806 435 LITDIS
825 385 871 434 ΕΤ
890 384 1068 438 EPINICIIS.
1315 382 1453 437 LXXXIII

172 551 260 611 sorte
287 544 373 611 inter
400 551 466 610 tres
495 545 632 611 victores
660 545 777 610 horum
805 545 903 610 trium
933 546 1059 629 parium
1088 551 1121 610 et
1149 546 1325 630 ephedrum
1356 547 1454 611 ducta

173 652 236 717 duo
259 653 351 737 paria
375 652 677 737 committebantur,
701 653 829 717 demum
852 653 915 716 duo
939 652 1078 717 victores
1100 653 1235 717 duorum
1260 653 1374 717 horum
1402 677 1456 738 pu-

173 759 258 824 rium
299 760 337 824 de
380 780 500 824 corona
541 759 719 824 certabant.
779 759 988 824 Reiciendam
1029 759 1131 843 igitur
1168 764 1259 843 patet
1295 759 1456 823 rationem

173 864 424 931 Boeehhionam.

263 970 351 1037 Satis
388 973 453 1037 iam
490 994 528 1036 ex
566 972 623 1058 iis,
664 996 745 1058 quae
783 975 879 1039 modo
917 974 1068 1058 exposui,
1109 980 1244 1058 apparet
1280 974 1352 1057 plus
1390 996 1455 1037 une

175 1081 270 1144 modo
303 1079 374 1144 fieri
405 1078 564 1164 potuisse,
603 1084 639 1143 ut
674 1102 757 1145 unus
795 1085 935 1165 quatuor
967 1079 1168 1144 adversarios
1201 1081 1353 1144 luctando
1387 1080 1456 1144 vin-

173 1190 268 1251 ceret.
319 1186 364 1250 Et
391 1189 428 1249 ut
456 1185 581 1249 duobus
611 1187 767 1271 exemplis
795 1186 973 1251 Pindaricis
1002 1187 1065 1250 diro
1097 1209 1134 1251 ex
1165 1187 1382 1250 monumentis
1407 1208 1456 1251 ae-

174 1292 301 1377 eedant,
329 1291 427 1356 titulo
452 1289 621 1376 Olympico
650 1315 679 1356 n.
705 1295 767 1357 130
789 1292 901 1379 (Areh.
925 1293 1003 1358 Zeit.
1030 1292 1131 1379 1878)
1159 1292 1328 1378 Philippus
1354 1294 1455 1357 Arcas

173 1398 374 1485 pugilatator
410 1398 573 1480 laudatur,
611 1398 697 1483 quod
729 1397 888 1484 τέσσαρας
920 1398 1036 1486 εὐθείᾳ
1068 1401 1189 1476 παῖδας
1220 1402 1328 1464 ἔκλινε
1359 1398 1457 1485 μάχῃ,

175 1510 209 1571 et
244 1504 395 1569 similiter
426 1526 456 1569 n.
488 1505 549 1569 128
583 1504 742 1569 Xenocles
774 1504 925 1569 luctator.
979 1504 1151 1570 Praeterea
1182 1506 1263 1570 illud
1296 1506 1455 1591 apparuit,

176 1613 315 1677 multum
337 1611 371 1674 in
396 1609 674 1675 vicissitudinibus
697 1612 910 1676 certaminum
934 1615 1057 1677 sortem
1076 1613 1224 1697 valuisse,
1248 1619 1281 1678 et
1300 1613 1351 1678 eui
1371 1612 1456 1696 quis-

175 1741 237 1806 que
269 1717 527 1784 committeretur
559 1722 591 1782 et
624 1740 775 1801 parumne
807 1719 966 1783 inveniret
1000 1720 1218 1785 adversarium
1251 1743 1292 1784 an
1322 1719 1453 1804 ephedri

175 1826 353 1891 feliciorem
382 1824 599 1889 conditionem
628 1824 807 1889 sortiretur.
855 1823 917 1890 Sed
944 1849 1023 1891 num
1051 1827 1134 1892 hane
1163 1827 1204 1891 ob
1228 1849 1358 1891 eausam
1384 1826 1456 1889 Pin-

176 1933 272 1998 darus
295 1930 336 1996 N.
355 1949 390 1995 vl
412 1932 450 1995 71
481 1930 600 1995 festina
629 1935 717 1994 sorte
739 1928 863 2018 (κλάρςο
887 1932 1056 2019 coerceret)
1081 1933 1148 1997 suis
1172 1932 1344 1997 clientibus
1368 1952 1457 1995 coro-

175 2062 252 2105 nam
276 2043 420 2123 ereptam
444 2059 514 2102 esse
538 2042 671 2121 questus
696 2037 753 2121 sit,
777 2060 834 2102 suo
859 2038 931 2102 loeo
955 2039 1220 2103 examinabimus

264 2145 316 2210 Ad
344 2149 544 2229 postremum
572 2144 610 2208 de
639 2144 834 2208 certantium
857 2166 992 2209 numero
1016 2145 1215 2229 quinquertii
1238 2145 1333 2210 nobis
1357 2144 1455 2209 disse-

175 2255 311 2320 rendum
347 2257 405 2316 est.
460 2250 567 2314 Huius
604 2251 690 2315 enim
727 2252 913 2316 certaminis
945 2252 1118 2336 peculiaris
1149 2253 1308 2336 quaedam
1341 2257 1457 2316 natura

175 2360 252 2446 fuit,
275 2359 428 2445 quoniam
451 2358 486 2421 in
510 2379 547 2421 eo
572 2357 669 2439 lucta,
693 2379 774 2442 quae
799 2358 879 2421 duos
904 2358 1105 2424 adversarios
1131 2361 1238 2424 solum
1261 2359 1457 2441 admitteret,

178 2490 250 2533 eum
275 2466 347 2531 aliis
372 2464 560 2551 generibus,
588 2485 669 2547 quae
697 2469 735 2527 ut
759 2487 888 2529 cursum
917 2471 950 2529 et
973 2465 1203 2530 iaculationem
1227 2465 1336 2550 plures
1360 2465 1457 2529 simul

176 2573 258 2638 inire
286 2577 435 2658 possent,
466 2571 639 2636 coniuncta
666 2575 744 2634 erat.
793 2570 902 2654 Atque
929 2571 982 2635 hie
1011 2573 1141 2656 quidem
1167 2573 1242 2636 inde
1264 2570 1359 2635 nobis
1387 2592 1459 2655 pro-

175 2679 384 2746 ficiscendum
412 2683 476 2763 est,
504 2677 591 2761 qnod
618 2677 766 2760 quamvis
794 2678 864 2742 fieri
891 2678 1048 2762 potuerit,
1077 2684 1113 2741 ut
1144 2678 1217 2761 quis
1246 2678 1395 2742 omnibus
1424 2678 1459 2740 in

177 2786 318 2871 quinque
337 2784 485 2869 partibus
500 2784 642 2849 vinceret
651 2782 685 2869 ¹),
704 2788 814 2848 tamen
828 2806 887 2849 usu
903 2784 1062 2870 veniebat,
1081 2791 1118 2850 ut
1133 2785 1189 2868 qui
1203 2785 1242 2849 od
1257 2791 1457 2869 postremum

177 2893 282 2958 vietor
308 2914 427 2957 corona
454 2891 645 2973 ornabatur,
673 2891 709 2955 in
737 2914 801 2955 una
824 2893 965 2956 alterave
992 2896 1085 2977 parte
1110 2891 1181 2956 aliis
1205 2892 1338 2955 inferior
1361 2891 1456 2976 (iinc—

180 2998 273 3085 κρος)
302 2998 488 3063 discessisse
515 2998 720 3062 iudicaretur.
767 2998 857 3063 Adeo
886 3021 961 3063 vero
992 3000 1053 3063 hoe
1082 2998 1151 3062 fieri
1175 2999 1314 3081 solebat,
1342 2998 1457 3081 utqui

177 3106 313 3172 summis
337 3107 371 3170 in
395 3104 567 3191 generibus
592 3104 671 3168 artis
697 3105 905 3189 agonisticae,
929 3127 1025 3170 eursu
1045 3111 1079 3169 et
1102 3105 1200 3189 lucta,
1222 3104 1371 3189 princeps
1392 3125 1458 3168 non

178 3218 278 3296 esset,
305 3212 360 3276 sed
388 3211 423 3275 in
451 3212 566 3276 ceteris
595 3211 767 3295 generibus
796 3210 868 3274 aliis
897 3211 1119 3295 antecelleret,
1146 3209 1332 3287 πένταθλος
1360 3209 1458 3296 vulgo

178 3318 345 3385 diceretur.
353 3316 379 3403 ²)
431 3318 501 3394 Quo
535 3340 608 3382 eum
641 3318 785 3400 accedat,
818 3317 904 3401 quod
936 3339 1002 3382 non
1036 3339 1147 3382 omnes
1180 3317 1220 3380 ad
1253 3316 1375 3381 luctam
1408 3316 1461 3379 ad-

178 3425 295 3491 missos
323 3447 393 3490 esse
422 3424 580 3489 Herodoti
603 3441 640 3487 1x
663 3426 706 3489 33
734 3429 768 3488 et
795 3422 1021 3508 Xenophontis
1050 3423 1133 3486 Hell.
1154 3441 1201 3486 vn
1227 3426 1262 3508 4,
1280 3424 1322 3487 29
1351 3444 1460 3487 narra-

178 3532 267 3599 tione
305 3536 449 3617 eonstat,
485 3538 648 3596 certamen
685 3530 883 3615 quinquertii
919 3530 1020 3594 videri
1052 3534 1162 3613 potest
1193 3530 1241 3594 itu
1272 3529 1459 3594 institutum

177 3639 293 3723 fuisse,
322 3644 359 3703 ut
386 3658 539 3701 numerus
568 3637 762 3702 certantium
790 3637 940 3722 deinceps
969 3637 1176 3703 minueretur.
1223 3637 1345 3713 Quodsi
1373 3638 1461 3702 lucta

179 3746 258 3832 duo,
290 3745 379 3811 disco
413 3749 480 3808 tres
513 3745 696 3827 certabant,
729 3766 767 3807 ex
798 3743 903 3808 tribus
932 3744 987 3828 qui
1017 3744 1187 3809 minimum
1215 3743 1304 3807 disco
1333 3742 1462 3807 valebat

180 3853 356 3919 certamine
385 3849 571 3914 luctaminis
596 3849 833 3915 excludebatur.
880 3849 1001 3914 Iamsi
1026 3851 1137 3914 eadem
1161 3849 1245 3913 ratio
1268 3848 1303 3911 in
1326 3848 1461 3931 reliquis

179 3959 329 4046 partibus
357 3956 556 4041 quinquertii
585 3957 700 4039 valuit,
729 3958 768 4021 ad
797 3957 917 4022 saltum
946 3979 1073 4041 omnes,
1100 3957 1139 4020 ad
1168 3978 1297 4020 cursum
1321 3955 1461 4038 quinque

271 4119 298 4185 1)
322 4114 466 4169 decidisse
490 4115 554 4183 hoc,
580 4115 628 4168 sed
652 4131 715 4168 raro
738 4117 860 4169 testatur
879 4115 1016 4169 Aristides
1038 4112 1158 4167 Panatb.
1177 4130 1204 4181 p.
1220 4117 1272 4165 318
1291 4112 1388 4180 Dine,
1413 4111 1463 4165 ubi

218 4190 331 4257 Quam
355 4189 481 4241 veterum
500 4186 712 4240 Atheniensium
738 4187 916 4241 concordiam
940 4189 969 4239 ot
986 4186 1182 4240 fortitudinem
1201 4183 1341 4250 laudavit,
1367 4183 1462 4238 addit:

180 4205 242 4330 idol
265 4258 317 4330 μὲν
341 4256 392 4313 οὖν
417 4256 484 4312 οὐδὲ
507 4257 659 4312 πένταθλοι
687 4261 819 4312 δοκοῦσιν
844 4258 870 4313 οἱ
892 4257 986 4312 πάντα
1010 4266 1141 4319 νικῶντες
1163 4264 1297 4309 τοσοῦτον
1314 4262 1372 4317 τοῖς
1392 4263 1463 4308 πᾶσι

180 4340 301 4399 κρατεῖν.
340 4328 447 4382 Eodem
470 4329 544 4382 redit
566 4345 621 4383 vox
645 4330 837 4399 Xenophontis
861 4329 934 4383 Hell.
954 4349 981 4381 ιν
1002 4334 1057 4395 hb
1081 4324 1299 4395 πυνθανόμενος
1322 4326 1337 4378 ὁ
1360 4325 1463 4396 Ἀγησί-

179 4407 260 4464 πολις
277 4410 333 4456 τῶν
347 4408 529 4468 στρατιωτῶν,
548 4398 627 4470 μέχρι
646 4398 697 4469 μὲν
716 4409 765 4453 ποῖ
782 4401 851 4468 πρὸς
871 4401 901 4453 τὺ
919 4410 1008 4470 τεῖχος
1030 4398 1132 4469 ἤγαγεν
1152 4398 1166 4451 ὁ
1183 4396 1363 4467 Ἀγησίπολις,
1379 4395 1463 4485 μέχρι

180 4471 213 4529 δὲ
235 4480 287 4527 πολ
306 4471 358 4541 τὴν
376 4472 469 4542 χώραν
488 4470 520 4524 id
530 4471 619 4539 ’ωσεν,
644 4469 735 4538 ὥσπερ
754 4470 912 4535 πένταθλος
935 4476 1027 4542 πάντῃ
1047 4470 1092 4523 ἐπὶ
1115 4470 1146 4523 τὸ
1170 4468 1255 4523 πλέον
1278 4470 1463 4541 ιἰπερβαλλειν

181 4544 319 4612 ἐπειρᾶτο.
357 4542 454 4597 Potuit
477 4492 586 4596 scilicet
609 4542 772 4612 pentathlus
797 4545 960 4597 nouaclum
979 4560 1034 4595 uno
1054 4542 1104 4595 sed
1123 4540 1263 4611 pluribus,
1287 4540 1462 4609 quinetiam

181 4615 311 4671 omnibus
349 4614 478 4669 oneribus
498 4614 661 4668 certaminis
681 4613 824 4668 excellere.

270 4690 298 4757 2)
348 4701 381 4740 oc
400 4684 569 4739 vocabulum
588 4685 616 4739 in
639 4685 818 4755 proverbium
839 4686 942 4740 abiisse
963 4687 1045 4741 docet
1064 4683 1141 4739 loeus
1161 4684 1205 4737 l's.
1225 4683 1351 4736 Platonis
1370 4683 1462 4737 lirast.
1500 4743 1503 4747 ,

182 4776 209 4829 p.
223 4758 311 4812 135ss
330 4760 359 4811 et
378 4773 531 4826 cognomen
548 4754 772 4824 Ἐρατοσθένους
789 4756 950 4813 πεντάθλου
971 4778 1014 4829 up.
1036 4757 1150 4811 Suidam
1170 4775 1192 4807 s.
1208 4773 1232 4809 v.
1251 4754 1464 4822 Ἐρατοσθένης,

184 4831 219 4885 de
237 4847 293 4899 quo
311 4832 516 4883 commentatus
536 4844 599 4880 cum
617 4827 727 4884 Platon.
743 4830 822 4884 Stud.
842 4848 868 4900 p.
885 4836 926 4886 to.

1218 4918 1251 4968 ,a
