3406 5378
619 408 769 458 rasurus
789 408 839 457 vn
859 404 927 475 [τη.
1346 403 1409 466 367

137 593 229 650 quam
253 574 333 651 quod
356 574 471 635 coronis
494 577 585 651 poeta
608 574 757 650 ceterique
781 573 869 632 amici
894 573 1025 632 redimiti
1049 592 1111 631 esse
1131 573 1273 631 dicuntur
1292 566 1332 653 (v.
1352 566 1410 653 39).

136 662 257 722 Publice
286 667 398 742 autern,
427 684 486 724 non
514 665 593 722 inter
620 664 754 739 privatos
781 663 910 738 parietes
941 662 1180 723 comissationem
1204 664 1315 721 t'actam
1339 682 1410 739 esse,

137 771 172 810 ex
197 756 373 831 argumento
398 754 549 829 carminis,
577 756 613 810 ut
636 753 716 828 quod
739 751 875 828 publicas
897 770 944 810 res
968 752 1177 810 Thebanorum
1201 752 1297 828 magis
1321 771 1412 826 quam

136 841 243 900 decora
266 841 472 917 Strepsiadeae
500 844 605 901 domus
629 845 754 919 spectet,
783 841 984 920 colligendum
1008 859 1070 899 esse
1094 841 1239 899 existimo.
1287 840 1333 897 nd
1356 859 1411 915 po-

138 934 280 989 stremum
295 951 400 990 moneo
416 931 569 989 minimam
589 931 619 988 in
639 932 694 990 hoc
713 931 842 990 carmine
863 930 1048 990 concordiam
1064 930 1204 987 metricae
1219 932 1249 986 et
1263 929 1411 988 oratoriae

138 1020 308 1094 partitionis
332 1040 402 1080 esse.
440 1021 544 1095 Neque
568 1020 646 1078 enim
671 1021 767 1078 solum
792 1021 931 1095 strophae
955 1022 986 1078 et
1009 1019 1222 1094 antistroplrae,
1247 1018 1297 1076 sed
1320 1019 1412 1076 etiam

138 1108 224 1182 epodi
243 1128 310 1167 raro
330 1110 479 1168 sententia
502 1110 634 1185 perfecta
652 1112 743 1185 atque
763 1109 902 1168 absoluta
921 1108 1112 1183 clauduntur,
1132 1107 1211 1183 quod
1232 1107 1261 1164 in
1281 1108 1411 1166 carmine

138 1214 155 1253 a
179 1215 246 1255 sene
270 1202 360 1272 poeta
383 1199 463 1257 facto
487 1199 555 1273 plus
578 1197 670 1257 etiam
693 1217 784 1273 quam
808 1198 837 1255 in
862 1198 929 1255 aliis
954 1197 1123 1257 otl'cnsiouis
1146 1196 1244 1256 habet.

196 1391 268 1452 Τίνι
291 1399 359 1453 τῶν
381 1388 500 1471 πάρος,
523 1384 548 1452 ὦ
572 1388 715 1473 μάκαιρα
742 1391 848 1471 Θήβα,
1216 1391 1295 1472 Στρ.
1315 1385 1358 1451 α’.

191 1500 302 1558 καλῶν
325 1493 509 1578 ἐπιχωρίων
533 1494 673 1577 μάλιστα
696 1495 825 1577 θυ-μὸν
848 1494 922 1556 τεὸν

191 1602 373 1685 εὔφρανας;
396 1597 416 1683 ἦ
439 1602 481 1685 ῥα
505 1604 727 1686 χαλκοκρότου
750 1600 918 1684 πάρεδρον

190 1708 385 1793 Δαμάτερος
407 1706 491 1772 ἁνίκ’
520 1708 717 1793 εὐρυχαίταν

156 1817 341 1890 οίίντειλας
364 1817 550 1897 Διόνυσον,
574 1813 593 1896 ii
618 1804 728 1903 χρυσῷ
752 1814 969 1897 μεσονύκτιον
991 1816 1041 1878 νί-

235 1945 342 2006 φοντα
365 1919 524 2004 δεξαμένα
547 1922 606 1985 τὸν
629 1920 793 2004 φέρτατον
816 1928 921 2002 θεῶν,

191 2115 283 2181 ὁπότ’
304 2115 561 2201 Ἀμφιτρύωνος
577 2115 612 2180 ἐν
634 2116 812 2201 θυρέτροις
1215 2116 1297 2182 Ἀντ.
1317 2116 1359 2182 α’.
1454 2118 1457 2125 ’

160 2214 162 2218 ’
191 2221 326 2298 σταθεὶς
349 2224 471 2305 ἄλοχον
494 2228 656 2305 μετῆλθεν
676 2221 899 2308 Ἡρακλείοις
922 2235 1049 2304 γοναῖςς
1380 2244 1413 2287 lu

192 2329 212 2412 ἢ
236 2327 320 2414 ἀμφὶ
344 2340 484 2404 πυκναῖς
512 2332 680 2414 Τειρεσίαο
703 2333 855 2412 βουλαῑς;

192 2436 212 2520 ἢ
236 2434 319 2521 ἀμφ’
340 2434 467 2500 Ἰόλαον
492 2437 682 2520 ίππόμητιν;

142 2562 173 2607 10
193 2543 212 2626 ἢ
238 2548 404 2626 Σπαρτῶν
428 2541 732 2628 desperacionem
755 2541 776 2625 il
800 2543 853 2607 ὅτε
875 2552 1034 2628 καρτερᾶς
1055 2542 1112 2606 ’'A-

237 2652 381 2735 δραστον
404 2648 436 2726 ἐξ
461 2649 583 2725 ἀλαλᾶς
605 2651 779 2732 ἄμπεμψας
803 2649 953 2732 ὀρφανὸν
1380 2669 1412 2715 15

210 2880 291 2914 vnum
310 2879 413 2914 ascaro.
447 2860 531 2916 Iuscr.
547 2877 599 2914 om.
615 2860 677 2914 BD
691 2864 720 2914 et
739 2860 824 2915 schol.
846 2893 876 2901 -
898 2866 921 2914 6.
940 2864 1003 2929 δερ.
1023 2862 1051 2914 B
1070 2893 1102 2901 -
1123 2866 1139 2915 8
1159 2865 1187 2914 ot
1206 2867 1229 2916 9.
1249 2859 1266 2929 ἢ
1286 2862 1413 2917 Sclnnirl:

139 2931 156 3000 ἢ
176 2931 216 2986 ὅτ’
234 2935 261 2986 B
267 2934 304 3000 D,
323 2930 352 3000 d’
368 2933 524 2987 Mommsen
538 2965 571 2973 -
587 2938 610 2985 8.
630 2941 751 2995 πυκναῖς
767 2929 912 3001 Τειρεσίαο
926 2932 996 2986 coni.
1013 2933 1110 2988 Pauwz
1130 2931 1266 3002 τειρεσίαο
1282 2942 1414 2995 πυκιναῖς

139 3005 212 3069 Β]);
231 3005 353 3066 πυκταλς
368 3047 373 3057 .
390 3047 396 3058 .
413 3048 416 3055 .
434 3001 547 3075 βουλαίς
565 3021 640 3073 susp.
660 3003 752 3073 Bergk
771 3036 806 3044 —
826 3010 867 3057 10.
887 3024 963 3072 κρατ.
984 3005 1013 3058 D
1031 3037 1066 3044 —

211 3164 400 3199 commacu.
429 3164 453 3199 v.
471 3152 494 3200 1.
513 3141 535 3199 ὦ
549 3145 674 3216 μάκαιρα
686 3145 776 3218 Θήβα,
791 3146 873 3200 deam
888 3146 965 3199 urbis
979 3147 1139 3201 Thebarum
1152 3149 1236 3216 poeta
1251 3147 1413 3215 alloquitur,

140 3222 172 3271 ut
185 3219 226 3272 l.1
241 3235 298 3272 1ss.
319 3216 425 3270 Multus
435 3232 500 3270 vero
514 3220 557 3270 est
570 3220 655 3288 poeta
664 3217 694 3271 in
704 3218 875 3272 ornamentis
885 3217 962 3271 urbis
973 3218 1177 3285 enumerandis,
1187 3234 1272 3286 quam
1282 3219 1318 3271 ob
1333 3219 1413 3271 uber-

140 3293 229 3343 tatem
248 3287 348 3341 similis
368 3287 499 3342 carminis
518 3288 561 3357 (fr.
576 3305 610 3343 se.
625 3291 661 3357 ao)
680 3289 737 3342 iarn
755 3288 865 3342 iuvenis
883 3305 901 3341 a
920 3288 1041 3342 Corinna
1059 3289 1233 3359 vituperatus
1253 3292 1326 3351 crat;
1352 3289 1413 3342 imi-

140 3361 274 3414 tabantur
297 3361 392 3413 autem
415 3358 444 3411 in
467 3359 521 3413 hac
539 3376 568 3412 re
585 3363 687 3429 poetae
705 3359 839 3428 artifices,
864 3360 912 3428 qui
931 3360 960 3412 in
979 3360 1145 3429 templorum
1163 3360 1306 3430 tympanis
1325 3363 1413 3413 meto-

140 3433 239 3501 pisque
259 3433 345 3499 atque
363 3430 393 3483 in
412 3429 527 3484 deorum
545 3430 671 3486 vestibus
691 3430 767 3484 sellis
786 3430 870 3484 armis
890 3430 1055 3485 decorandis
1074 3431 1230 3485 multifaria
1248 3435 1415 3486 ornamenta

140 3503 324 3570 undecunque
352 3517 503 3570 congerere
528 3501 669 3569 solebant,
696 3501 822 3556 conferas
847 3502 930 3555 modo
956 3503 1099 3556 Minervae
1123 3502 1277 3557 Laconicae
1303 3503 1413 3574 signum

142 3575 223 3628 rebus
247 3590 265 3627 a
289 3572 416 3626 Minerva
438 3572 556 3627 Hercule
582 3573 729 3642 Tyndareo
753 3573 852 3626 Perseo
875 3573 963 3643 gestis
990 3575 1118 3628 ornatum
1142 3590 1186 3644 ap.
1206 3575 1288 3628 Paos.
1309 3594 1328 3626 n
1349 3591 1414 3641 ma

141 3679 169 3684 —
195 3650 218 3698 3.
238 3641 426 3714 χαλκοκρότου
444 3646 586 3713 πάρεδρον
605 3645 780 3714 Δαμάτερος·
805 3643 904 3700 schol:
930 3645 1009 3712 παρὰ
1026 3644 1061 3698 τὰ
1081 3644 1286 3699 ἐπικτυποῦντα
1306 3646 1335 3699 ἐν
1354 3654 1415 3708 ταῖς

141 3721 262 3779 τελεταῖς
279 3723 329 3784 τῆς
348 3714 494 3784 Δήμητρος
511 3718 650 3788 κύμβαλα·
672 3716 707 3769 cf.
726 3714 797 3768 Vell.
816 3715 1098 3783 Paterc.1⁴,1oeris
1117 3732 1190 3784 sono,
1209 3719 1300 3786 qualis
1321 3717 1413 3771 (lorra-

142 3790 213 3842 lilma
230 3789 317 3842 suess
335 3789 403 3842 cieri
420 3789 494 3841 solet.
531 3786 657 3842 Societas
675 3803 741 3840 vero
760 3790 837 3840 θεῶν
855 3785 1013 3854 παρέδρων,
1033 3786 1179 3855 Δήμητρος
1197 3789 1245 3840 καὶ
1265 3788 1414 3855 Διονύσου,

142 3859 248 3913 Cereris
268 3861 297 3913 et
314 3857 409 3913 Liberi
428 3874 461 3913 ex
480 3858 674 3926 mysteriorum
694 3858 770 3911 cultu
789 3857 933 3912 Eleusinio
947 3861 1009 3912 orta
1024 3874 1084 3911 esse
1099 3857 1221 3923 videtur;
1242 3858 1415 3913 cf.Rosche1·

142 3931 195 3985 lex.
216 3931 303 3999 myth.
323 3946 411 3985 11085.
449 3930 489 3984 De
507 3930 618 3984 Baccho
638 3946 655 3983 a
674 3929 796 3998 Semela,
815 3929 876 3983 filia
895 3929 1005 3996 Cadmi,
1024 3932 1091 3982 nato
1111 3928 1205 3982 omnia
1223 3932 1303 3995 nota;
1328 3933 1361 3983 cl'.
1383 3932 1414 3984 0.

141 4022 160 4053 11
176 4018 201 4056 sa
215 4034 250 4041 -
263 4007 289 4056 4.
310 3999 489 4072 εὐρυχαίταν·
509 4001 633 4055 caesarie
651 3999 739 4071 longa
753 4003 782 4054 et
795 4000 853 4054 late
868 4001 971 4055 fluente
985 4002 1122 4067 ornatum,
1142 3999 1253 4067 qualem
1274 4000 1414 4054 Bacchum

139 4073 268 4127 iuvenem
287 4076 317 4127 st
333 4072 435 4144 virgini
455 4087 540 4141 quam
557 4071 618 4126 viro
637 4071 800 4127 similiorem
820 4072 940 4126 artifices
959 4072 1062 4142 fingere
1083 4070 1212 4124 solebant
1226 4104 1261 4110 —
1280 4078 1303 4126 ι’).
1324 4077 1414 4144 χρυσῷ

140 4142 270 4213 νίφοντα·
299 4161 366 4199 auro
385 4145 491 4211 lovem,
511 4160 574 4196 cum
592 4143 745 4198 Alcmenae
763 4147 872 4197 uterum
891 4142 1068 4210 fecundaret,
1092 4142 1197 4211 pluisse
1221 4143 1265 4196 vel
1290 4142 1415 4197 ninxissc

140 4216 278 4269 Pindarus
305 4218 477 4269 commentus
501 4217 557 4283 est,
581 4214 708 4270 fabulam
727 4215 842 4268 Danaae
861 4229 975 4268 auream
993 4213 1066 4267 Iovis
1085 4213 1211 4282 pluviam
1230 4214 1414 4284 concipientis

140 4287 268 4341 imitatus
285 4317 316 4326 —
333 4292 355 4340 7.
373 4283 547 4354 Ἡρακλείοις
560 4295 668 4357 γοναῖς·
688 4285 816 4340 Herculis
831 4302 894 4337 cum
908 4284 1061 4338 seminibus
1075 4285 1287 4355 Amphitryonis
1301 4302 1415 4339 uxorem

140 4359 219 4423 visit;
239 4358 324 4427 μονὰς
342 4357 416 4411 enim
435 4357 550 4426 semina,
570 4374 642 4426 quae
660 4356 766 4411 femina
783 4355 933 4426 concipiat,
949 4355 1047 4410 intelle
1069 4356 1141 4410 enda
1156 4371 1225 4424 esse,
1245 4357 1327 4412 docet
1341 4375 1413 4412 com-

140 4429 250 4501 paratio
276 4428 311 4481 N.
330 4447 369 4482 vn
387 4446 413 4483 aa
438 4428 546 4497 λέγοντι
564 4425 670 4482 Alauda
693 4448 739 4483 νιν
763 4425 839 4495 (Δία)
862 4427 916 4482 ὑπὸ
942 4374 1125 4497 ματροδδκοις
1148 4437 1244 4498 γοναῖς
1268 4438 1413 4498 φυτεῦσαι.

141 4503 181 4555 lle
201 4517 230 4555 re
252 4500 314 4569 ipsa
334 4499 405 4554 conl.
424 4498 459 4553 N.
479 4518 496 4551 x
515 4514 541 4554 re
560 4516 595 4553 ss.
615 4532 649 4539 —
669 4505 735 4553 Bss.
755 4499 900 4567 Pindarus,
920 4516 975 4567 quo
995 4499 1088 4554 studio
1107 4499 1261 4554 variandae
1280 4500 1415 4555 orationis

141 4573 305 4639 ducebatur,
325 4586 473 4624 causarum
491 4587 632 4638 quamque
650 4569 709 4624 alia
727 4571 817 4624 forma
836 4570 985 4641 expressit3
1003 4571 1037 4624 cf.
1053 4571 1086 4624 N.
1102 4590 1119 4623 v
1137 4588 1170 4627 se.
1200 4571 1300 4625 Nescio
1320 4575 1415 4625 tamen

140 4663 177 4698 an
196 4642 311 4697 nomina
329 4642 449 4704 πυκταλς
463 4639 589 4764 paululo,
607 4658 643 4697 ne
661 4640 736 4696 iusto
754 4642 845 4696 maior
861 4641 984 4695 variatio
1002 4643 1060 4709 fiat,
1077 4658 1128 4711 pro
1144 4642 1312 4696 accusativis
1327 4644 1415 4697 Boeo-

140 4716 187 4770 tiis
206 4713 339 4768 habenda
358 4712 428 4781 sint;
447 4712 620 4767 c.I.1ess.
641 4745 674 4753 —
695 4720 735 4768 10.
756 4717 896 4782 Σπαρτῶν
914 4714 1176 4782 ἀκαμαντολογχᾶν·
1196 4718 1288 4783 genet.
1303 4731 1415 4783 causae,

140 4785 351 4857 coniungendas
370 4783 419 4837 ille
438 4800 502 4838 cum
519 4784 605 4838 verbo
625 4784 768 4854 εὔφρανας
791 4783 886 4854 θυμόν
904 4817 940 4825 -
953 4782 1114 4852 Ἀδραστον
1139 4785 1238 4839 ducem
1259 4784 1415 4856 principem

141 4875 175 4911 ex
203 4862 310 4928 septem
336 4855 466 4926 ducibus,
493 4855 542 4925 qui
565 4854 676 4910 'l'hcbas
700 4859 941 4927 oppugnaverant3
967 4854 992 4908 is
1014 4855 1160 4927 aptissime
1179 4860 1290 4926 praeter
1309 4861 1415 4911 cetoros
