3406 5378
359 357 425 420 284
830 359 977 408 PINDARI
997 358 1163 412 errarem.

360 525 438 584 inter
461 544 537 601 quos
560 525 768 584 Aristarchum
791 525 883 584 fuisse
906 524 1031 602 mireris,
1054 525 1286 601 Neoptolemum
1303 526 1452 601 quendam
1476 526 1640 601 Achaeum,

361 615 414 690 qui
437 634 492 690 pro
516 614 630 693 Sogene
655 614 771 674 labores
794 613 965 674 certaminis
989 614 1188 691 sustinuisset,
1212 614 1342 673 Pindaro
1366 634 1469 673 ausam
1491 615 1640 673 inserendi

361 704 496 762 fabulam
521 704 556 762 de
579 703 777 779 Neoptolemo
801 704 889 763 heroe
912 704 1084 779 praebuisse
1108 706 1293 780 putaverunt
1316 697 1475 784 (0150101.
1495 704 1532 762 ad
1551 705 1640 763 inser.

361 791 512 868 01096),
536 793 567 850 id
590 795 695 852 contra
717 792 876 852 veritatem
900 795 931 851 ct
957 795 1076 868 praeter
1103 793 1311 852 necessitatem
1338 793 1540 870 excogitatum
1564 793 1639 852 bene

361 881 422 939 iam
449 880 598 957 Didymus
622 881 653 939 in
677 881 797 941 scholiis
820 881 975 940 refutavit.
1021 881 1079 941 Sed
1101 884 1137 940 ut
1160 882 1199 940 ad
1221 881 1341 958 epinicii
1365 901 1486 941 causam
1509 883 1638 959 redeam,

360 970 491 1048 Sogeues
515 969 689 1029 Thoarionis
718 970 799 1028 filius
823 970 970 1048 Aegineta
994 990 1028 1030 ex
1052 971 1145 1029 nobili
1169 974 1257 1049 gente
1280 971 1503 1029 Euxenidarum
1526 964 1569 1051 (v.
1590 966 1639 1051 70)

361 1059 474 1118 Nemea
501 1058 696 1135 quinquertio
724 1059 844 1118 vicerat.
890 1059 976 1119 Hane
1008 1059 1103 1138 igitur
1134 1060 1290 1119 victoriam
1321 1063 1412 1135 poeta
1440 1060 1496 1120 sihi
1518 1061 1638 1136 praedi-

359 1148 486 1207 candam
510 1148 678 1226 proposuit,
707 1168 803 1224 neque
827 1148 864 1207 ad
888 1148 1048 1225 gentilium
1070 1149 1224 1225 victorias,
1252 1148 1341 1207 utin
1365 1149 1433 1207 aliis
1457 1149 1639 1208 carminibus

360 1236 544 1316 Aeginetiois
567 1237 647 1313 feeit,
666 1237 793 1315 deflexit,
812 1238 893 1314 quod
911 1238 1022 1315 nullae,
1046 1238 1158 1314 opinor,
1181 1257 1284 1297 eorum
1303 1239 1435 1298 fuerunt.
1456 1270 1493 1278 -
1515 1239 1638 1317 Locum,

359 1326 411 1385 ubi
430 1345 548 1386 carmen
567 1326 756 1403 cantabatur,
775 1346 821 1386 vr.
842 1338 875 1384 90
890 1345 926 1385 ss
946 1324 1111 1387 indicatum
1134 1345 1196 1386 esse
1215 1327 1321 1387 merito
1340 1327 1496 1387 Dissenius
1515 1327 1638 1403 statuit,

358 1434 428 1474 nam
459 1434 536 1492 quae
567 1415 602 1474 de
634 1415 759 1494 Sogenis
790 1416 877 1475 domo
907 1416 1006 1475 media
1036 1416 1114 1475 inter
1143 1416 1202 1474 duo
1233 1416 1342 1489 sacella
1372 1416 1509 1476 Herculis
1537 1418 1638 1493 posita

358 1504 513 1581 dicuntur,
546 1508 612 1563 tum
642 1505 762 1564 demum
792 1507 880 1582 grata
910 1508 940 1563 et
969 1508 1042 1581 apta
1071 1507 1170 1583 erant,
1201 1504 1226 1563 si
1253 1505 1396 1565 1001000
1420 1506 1485 1582 ipso
1508 1506 1638 1581 epinicia

357 1593 537 1672 agebantur.
574 1593 710 1670 Denique
734 1594 769 1652 de
793 1597 925 1669 tempore
949 1594 1090 1653 carminis
1113 1614 1147 1654 ex
1171 1594 1290 1653 scholiis
1314 1595 1352 1652 ad
1375 1595 1461 1654 inscr.
1485 1595 1637 1672 discimus

357 1683 503 1761 Soganem
535 1683 685 1742 Nemeade
710 1685 751 1741 54
780 1674 1108 1762 (τεσσαρεσκαιδεκάτην
1140 1683 1236 1760 codd,
1272 1683 1384 1742 emend.
1409 1682 1443 1742 G.
1467 1677 1635 1763 Hermann)

355 1772 513 1847 pentathlo
540 1771 660 1848 viciss03
688 1771 767 1848 quod
797 1771 821 1831 si
849 1772 963 1831 Nemea
992 1771 1037 1832 01.
1057 1775 1109 1850 51,
1129 1772 1308 1832 4105111010
1336 1791 1398 1832 esse
1422 1773 1550 1832 Eusebio
1574 1792 1636 1831 cre·

356 1861 454 1919 dimus
478 1854 529 1939 (cf.
553 1860 631 1920 Prol.
655 1850 806 1941 cxxxvii),
831 1861 887 1921 hoc
911 1879 1028 1921 carmen
1054 1859 1100 1921 Ol.
1126 1864 1176 1939 78,
1201 1864 1219 1920 2
1244 1887 1285 1909 =
1311 1864 1374 1921 467
1399 1882 1425 1920 a.
1451 1861 1518 1921 Chr.
1543 1862 1635 1938 scrip-

356 1953 423 2008 tum
446 1952 500 2009 051.
815 1947 823 1967 ”

445 2038 608 2098 Exorditur
636 2041 738 2116 poeta,
766 2042 802 2097 ut
824 2039 885 2098 fere
909 2039 939 2097 in
963 2039 1112 2116 epiniciiS,
1137 2059 1155 2097 a
1177 2039 1247 2116 diis,
1270 2039 1301 2097 in
1325 2040 1465 2098 carminis
1487 2040 1635 2116 principio

357 2127 512 2204 Ilithyiam
532 2127 625 2204 deam,
644 2128 731 2187 ouius
753 2127 896 2188 beneficio
919 2148 988 2188 cum
1010 2128 1145 2187 homines
1167 2133 1331 2189 nascantur
1353 2132 1383 2187 et
1406 2130 1444 2188 ad
1467 2129 1635 2188 iuventutis

357 2217 460 2277 florem
477 2216 662 2292 perveniant,
685 2216 815 2295 Soganes
839 2237 958 2294 quoque
981 2217 1069 2277 ludos
1092 2217 1222 2277 obeundi
1245 2218 1423 2297 facultatem
1445 2219 1571 2294 adeptus
1595 2220 1636 2277 sit

358 2298 465 2386 (1-8).
503 2305 617 2365 Deinde
644 2306 798 2365 Musarum
825 2307 940 2383 favore,
967 2326 1043 2383 quae
1071 2306 1218 2366 mendacii
1241 2310 1329 2384 grata
1352 2307 1448 2383 specie
1472 2308 1634 2367 00011010-

356 2395 471 2454 minum
490 2394 688 2472 demulceant,
706 2397 818 2455 famam
837 2416 936 2454 rerum
958 2396 1032 2455 bene
1056 2399 1209 2475 gestarum
1233 2395 1338 2474 augeri
1361 2396 1483 2471 exponit
1502 2389 1634 2476 (9-14),

357 2484 439 2543 nuda
468 2483 548 2542 enim
570 2484 697 2544 veritate
720 2486 831 2562 vulgus
861 2505 920 2544 non
950 2485 1129 2545 commoveri
1159 2485 1292 2561 exemplo
1316 2484 1416 2544 Aiacis
1447 2485 1634 2561 comprobari

357 2566 507 2653 (an-30);
534 2578 638 2633 eontra
662 2573 757 2632 adeo
785 2574 889 2634 heroes
913 2575 1005 2634 etiam
1027 2576 1162 2634 mortuos
1185 2573 1347 2634 honoribus
1371 2574 1475 2652 augeri
1499 2575 1633 2650 exemplo

357 2662 505 2722 Aeacidae
528 2662 720 2738 Neoptolemi
743 2663 952 2739 demonstrari,
971 2682 1040 2723 curu
1059 2664 1137 2722 enim
1156 2665 1225 2739 post
1243 2682 1401 2722 aerumnas
1421 2663 1491 2721 belli
1511 2663 1633 2722 Troiani

357 2755 388 2810 et
412 2769 526 2810 errores
549 2751 664 2811 reditus
691 2752 822 2828 primum
849 2752 1002 2827 Ephyram
1030 2754 1061 2810 et
1088 2751 1154 2811 exin
1187 2751 1319 2827 Delphos
1342 2752 1485 2828 venisset,
1515 2753 1545 2810 iu
1569 2752 1635 2812 rixa

358 2860 428 2900 eum
452 2840 572 2916 quidem
594 2845 718 2917 propter
735 2859 837 2900 carnes
856 2840 970 2900 hostiae
990 2860 1008 2900 a
1026 2839 1171 2916 Delphico
1190 2839 1321 2916 quodam
1339 2841 1402 2900 cive
1422 2841 1633 2917 interemptum

359 2948 432 3007 esse,
457 2930 507 2989 sed
529 2949 608 2988 nuuc
631 2934 787 3005 tamquam
811 2928 977 2988 antistitem
1001 2935 1032 2988 et
1054 2928 1182 2988 iudicem
1210 2948 1362 2989 sacrarum
1390 2950 1568 3007 pomparum
1591 2931 1634 2988 di-

357 3019 438 3078 vinis
465 3018 625 3077 honoribus
652 3016 739 3094 fungi
763 3009 905 3095 tao-52).
952 3018 1035 3088 Quae
1063 3036 1130 3077 cum
1160 3022 1250 3077 antea
1277 3019 1321 3078 ita
1350 3026 1512 3097 narrasset,
1536 3024 1572 3077 ut
1595 3021 1632 3078 ab

356 3107 466 3167 invidis
494 3106 664 3165 hominihus
691 3126 846 3182 perperam
875 3126 930 3165 sua
957 3107 1048 3166 verba
1078 3107 1343 3183 interpretantibus
1373 3108 1408 3167 de.
1439 3109 1520 3167 fama
1550 3109 1632 3168 illius

355 3196 453 3256 herois
477 3196 639 3254 detraxisse
663 3195 896 3272 insimularetur,
921 3214 939 3254 a
962 3197 1038 3256 falso
1061 3197 1117 3257 hoc
1140 3196 1262 3256 crimine
1284 3197 1393 3257 iterum
1411 3197 1580 3274 iterumque
1601 3217 1631 3257 se

355 3286 468 3363 purgat
491 3289 522 3342 et
544 3288 579 3342 ut
602 3283 742 3361 aliorum,
766 3284 811 3343 ita
834 3285 925 3344 etiarn
949 3285 1136 3362 ThearioniS,
1160 3285 1255 3361 patris
1279 3286 1416 3365 Sogenis,
1439 3288 1537 3347 famae
1560 3287 1630 3346 boni

354 3392 384 3432 50
409 3373 561 3433 consulere
590 3376 741 3432 asseverat
764 3366 907 3454 (ca-69).
954 3374 1002 3433 Sic
1031 3374 1165 3434 oratione
1194 3375 1232 3433 ad
1259 3394 1306 3435 res
1329 3379 1499 3451 praesentes
1523 3376 1631 3436 reflexa

355 3462 480 3541 Sogeuis
502 3461 646 3520 virtutem
669 3462 862 3538 quinquertio
893 3462 1087 3541 singulariter
1114 3464 1339 3539 comprobatam
1366 3484 1474 3524 corona
1498 3486 1532 3523 er
1556 3484 1629 3525 auro

354 3551 442 3610 ebore
472 3550 595 3609 corallio
626 3551 791 3627 composita
822 3555 909 3611 ornat
942 3545 1090 3632 (7049),
1123 3552 1272 3629 simulque
1306 3554 1406 3613 lovem
1437 3554 1631 3630 Nemeaeum,

354 3642 496 3715 Aeacum,
521 3638 600 3698 Iovis
618 3640 714 3698 filiurn
733 3640 918 3717 eundemque
937 3641 1074 3701 Herculis
1094 3641 1232 3719 amicum,
1251 3642 1409 3701 Herculem
1429 3642 1528 3717 ipsum
1548 3642 1628 3700 dein-

354 3746 424 3804 ceps
446 3728 495 3804 pie
519 3728 672 3804 praedicat
691 3721 834 3808 (80-94).
873 3730 934 3789 Sub
957 3729 1046 3789 finem
1069 3730 1227 3791 Herculem
1251 3731 1400 3807 implorat,
1424 3735 1459 3789 ut
1482 3751 1516 3790 eo
1540 3732 1629 3789 inter-

354 3817 478 3878 cedente
509 3818 616 3877 0001οι
645 3818 769 3877 1000015
799 3824 830 3878 01
859 3819 994 3878 Minerva
1025 3818 1201 3879 felicitatem
1231 3820 1406 3879 Thearionis
1440 3819 1629 3897 filiorumque

353 3906 419 3967 eius
446 3906 594 3984 integram
623 3911 741 3967 servent
769 3900 935 3988 (94-101),
963 3912 994 3967 01
1023 3912 1116 3967 semet
1143 3909 1241 3985 ipsum
1270 3909 1367 3968 denno
1396 3909 1433 3968 ab
1457 3910 1630 3969 criminibus

354 3996 525 4056 invidorum
548 3997 799 4056 calumniatorum
823 3997 962 4057 defendit.

443 4085 477 4143 In
502 4085 631 4144 carmine
655 4086 711 4145 hoc
734 4086 907 4161 explicando
930 4087 989 4145 duo
1009 4087 1066 4146 viri
1086 4086 1241 4165 evulgari
1260 4086 1311 4145 ria
1333 4087 1421 4164 longe
1445 4102 1630 4148 rec-esserunt

354 4174 428 4234 God.
448 4174 637 4232 Hermaunus
658 4168 773 4254 (opusc.
788 4193 823 4232 111
842 4168 952 4256 0150),
971 4176 1024 4252 qui
1045 4178 1165 4252 poetam
1184 4175 1221 4234 ob
1240 4194 1385 4251 paeanem
1403 4176 1490 4236 illurn
1510 4197 1528 4236 a
1547 4179 1631 4237 falsis

352 4262 610 4323 criminationibus
647 4283 678 4322 50
714 4283 844 4341 purgare
884 4265 1020 4343 negavit,
1061 4268 1092 4323 et
1128 4264 1352 4323 llornemannus
1390 4266 1511 4344 tPhilol.
1546 4269 1627 4325 1886

352 4372 380 4428 p.
405 4363 456 4411 596
476 4345 541 4427 55),
566 4352 619 4428 qui
642 4352 697 4412 hoc
721 4371 838 4412 carmen
864 4350 1032 4430 ἐπικήδειον
1056 4372 1118 4413 0550
1138 4353 1263 4432 Sogenis
1282 4357 1368 4413 aestu
1387 4355 1459 4413 solis
1479 4350 1520 4425 (εἰ
1537 4355 1629 4426 πόνος

353 4432 390 4518 ἦν
413 4461 439 4499 v.
461 4434 509 4520 74)
538 4441 616 4499 inter
643 4441 805 4501 ludendum
833 4443 1005 4519 interempti
1033 4446 1064 4501 01
1091 4443 1121 4500 10
1149 4443 1220 4502 fano
1248 4442 1385 4502 Herculis
1414 4446 1524 4520 sepulti
1552 4445 1628 4502 miro

350 4529 486 4589 acumine
509 4529 710 4591 demonstrare
734 4535 859 4591 conatus
882 4534 935 4591 est.
982 4531 1086 4590 Sobrio
1109 4550 1177 4591 cum
1201 4531 1310 4592 indicio
1334 4533 1369 4592 dc
1393 4533 1533 4592 carminis
1557 4553 1625 4593 oon·

351 4618 418 4678 silio
447 4617 569 4677 Curtius
598 4619 720 4696 Steffen,
744 4641 843 4699 progr.
863 4620 942 4696 Lips.
965 4621 1049 4679 1882
1074 4624 1291 4680 commentatus
1315 4625 1369 4699 est,
1392 4623 1436 4681 ita
1459 4624 1568 4696 tamen,
1593 4627 1628 4679 ut

350 4726 419 4767 eum
442 4707 619 4767 scholiastae
642 4710 808 4768 narrationi
832 4729 890 4769 nou
911 4710 1000 4785 plane
1018 4707 1163 4769 confidere
1182 4729 1273 4769 ausus
1292 4716 1377 4787 esset,
1395 4711 1627 4786 Neoptolemum

349 4796 387 4854 ah
411 4796 479 4855 aliis
504 4797 684 4873 quibusdam
707 4798 896 4857 diffamatum
919 4816 982 4857 esse
1005 4801 1136 4874 putaret.
