3406 5378
727 1267 871 1319 ΟΛΤΜΠ.
891 1263 936 1319 Γ’.

429 1430 696 1515 ΘΗΡΩΝΙ
730 1426 1239 1512 ΑΚΡΑΓΑΝΤΙΝΩι

691 1625 753 1675 ΕΙΣ
772 1619 967 1681 ΘΕΟΞΕΝΙΑ.

741 1923 918 1994 strophae.

709 3243 951 3325 Argumentum.

280 3375 428 3434 Pindarus
452 3395 520 3434 cum
544 3394 578 3433 ex
602 3373 707 3450 tribus,
732 3373 840 3449 quibus
859 3372 963 3431 laudes
983 3372 1104 3447 epinicii
1124 3372 1263 3431 carminis
1284 3372 1471 3448 deberentur,

193 3461 248 3524 deb
271 3465 359 3541 heroe
383 3465 456 3542 viro,
480 3464 635 3540 ultimum,
659 3463 825 3521 Theronem
847 3462 1004 3537 victorem,
1028 3461 1179 3537 superiore
1203 3461 1260 3519 oda
1282 3461 1472 3538 illustrasset,

192 3555 268 3613 hanc
291 3553 377 3612 odam
402 3554 539 3630 heroum,
567 3552 705 3611 Herculis
728 3555 759 3610 et
781 3551 1011 3626 Dioscurorum,
1035 3550 1175 3608 laudibus
1198 3549 1389 3609 consecravit.
1436 3550 1470 3608 In

192 3642 343 3719 prooemio
372 3642 467 3721 igitur
497 3661 516 3701 a
548 3641 639 3701 saeris
668 3640 920 3718 Tyndaridarum,
956 3639 1064 3715 quibus
1093 3639 1189 3698 Thero
1224 3638 1348 3715 eiusque
1383 3638 1472 3697 amici

192 3731 327 3791 coronati
346 3731 519 3808 intererant,
538 3730 737 3806 proficiscitur
753 3722 878 3809 (1-13).
907 3732 1024 3787 Corona
1042 3746 1111 3786 vero
1127 3727 1274 3805 oleagina,
1294 3746 1355 3804 qua
1374 3727 1471 3787 'l'hero

191 3820 287 3880 victor
313 3820 470 3879 redimitus
499 3824 575 3897 erat,
604 3838 708 3878 ansam
740 3818 768 3877 ei
796 3817 919 3893 praebet
947 3816 1086 3875 narrandi
1115 3815 1250 3874 fabulam
1278 3815 1313 3874 de
1342 3817 1471 3876 oleastro

192 3910 229 3967 ab
261 3909 390 3968 Hercule
423 3929 458 3968 ex
492 3928 563 3987 agro
597 3907 859 3984 Hyperboreorum
891 3906 922 3964 in
954 3923 1058 3963 nemus
1092 3904 1282 3980 Olympicum
1324 3905 1471 3963 translato

193 3990 336 4075 (lt-34).
384 3998 445 4057 Sub
473 3997 561 4057 finem
589 3998 667 4057 redit
694 3996 731 4054 ad
760 3996 920 4054 Dioscuros
948 3995 1064 4071 heroes,
1094 3993 1203 4069 quibus
1233 3993 1377 4052 Hercules
1407 3993 1471 4052 vita

192 4087 335 4145 decedens
365 4106 467 4146 euram
497 4087 636 4146 ludorum
666 4085 866 4161 mandaverit,
896 4088 927 4143 et
950 4085 1116 4143 Theronem
1145 4102 1259 4160 regem,
1291 4082 1343 4158 qui
1374 4082 1472 4142 curuli

192 4175 319 4234 victoria
334 4174 490 4252 Olympico
504 4178 658 4252 reportata
673 4194 822 4234 summum
836 4173 992 4251 fastigium
1007 4174 1154 4231 humanae
1168 4171 1321 4231 felicitatis
1335 4171 1473 4249 attigerit

194 4256 330 4346 (as-45)
344 4264 442 4323 —De
457 4269 590 4341 tempore
606 4264 745 4323 carminis
760 4283 795 4322 ex
809 4283 853 4340 eo,
868 4262 948 4338 quod
962 4265 1052 4338 poeta
1065 4261 1097 4319 in
1111 4260 1226 4319 ultimis
1240 4261 1375 4320 versibus
1389 4273 1423 4319 4⁶2
1434 4280 1471 4321 ss.

193 4351 284 4411 simili
312 4352 488 4431 gradatione
516 4356 607 4430 atque
635 4354 665 4411 in
694 4353 847 4429 praeclaro
871 4352 1022 4427 prooemio
1046 4350 1134 4427 primi
1157 4350 1297 4410 carminis
1322 4349 1471 4426 Olympici

190 4461 263 4501 usus
285 4448 338 4520 est,
358 4442 515 4522 Bergkius,
537 4442 700 4501 Hermanni
722 4460 822 4518 opusc.
838 4460 857 4500 v
872 4452 905 4500 tt
925 4440 1095 4516 opinionem
1116 4444 1247 4517 secutus,
1268 4439 1324 4499 hoc
1352 4459 1470 4498 carmen

191 4536 261 4607 post
280 4530 339 4591 O.1
359 4531 503 4607 scriptum
525 4550 588 4590 esse
608 4531 763 4609 conclusit,
782 4529 921 4607 equidem
940 4529 1015 4587 nihil
1033 4529 1173 4606 colligere
1193 4528 1297 4588 ausim
1332 4529 1375 4587 Ut
1393 4527 1472 4587 enim

193 4620 385 4697 inpromptu
404 4623 450 4679 est
468 4620 614 4695 suspicari
632 4624 753 4696 poetam
772 4619 906 4679 versibus
925 4618 1052 4677 exilibus
1070 4618 1161 4677 huius
1180 4617 1319 4677 carminis
1343 4616 1471 4693 splendi-

189 4708 305 4769 diorem
328 4710 416 4768 illum
439 4710 538 4769 locum
562 4708 750 4769 auditoribus
777 4709 808 4767 in
836 4712 965 4767 montem
993 4726 1131 4767 revocare
1161 4707 1302 4783 voluisse,
1332 4707 1375 4764 ita
1403 4726 1470 4765 con·

187 4799 315 4858 trarium
342 4818 461 4875 quoque
490 4798 607 4857 defendi
639 4802 751 4877 potest,
779 4801 815 4857 ut
846 4798 892 4873 pri
900 4817 982 4856 mum
1005 4799 1126 4873 poetam
1149 4796 1355 4874 gradationem
1379 4795 1469 4853 istam
