3406 5378
291 332 357 396 152
762 334 910 385 Ριιιοιιιι
929 333 1095 387 semrom.

1368 495 1433 560 Ἐπ.
1456 495 1500 579 β’.

291 620 326 668 40
346 601 497 688 ἑσπέρας,
519 603 612 690 ὑγρῷ
636 603 768 686 πελάγει
791 603 967 687 σπομέναν.
1010 598 1119 687 ἦμάν
1142 628 1197 668 νιν
1221 605 1372 688 ὤτρυνον
1394 605 1487 687 θαμά
1534 620 1567 667 ιο

346 713 539 786 λυσιπόνοις
561 714 824 794 θεραπόντεσσιν
847 710 1003 794 φυλάξαι·
1027 722 1095 776 τῶν
1118 709 1153 775 δ’
1180 709 1341 775 ἐλάθοντο
1364 709 1496 795 φρένες·

342 821 400 882 καί
420 841 485 881 νυν
509 816 545 881 έν
567 815 641 881 τάδ’
667 819 815 900 ἄφθιτον
838 818 928 905 νάσῳ
951 816 1083 901 κέχυται
1107 818 1236 901 Λιβύας
1535 835 1566 881 75

344 925 528 1010 εὐρυχόρου
562 923 690 1009 σπέρμα
720 922 801 1009 πρὶν
833 925 929 1010 ὥρας.
975 927 1006 989 εί
1036 925 1099 1009 γάρ
1133 930 1218 989 οίκοι
1250 948 1306 989 νιν
1337 925 1416 1008 βάλε
1448 945 1514 1008 παρ

1251 1034 1391 1116 χθόνιον

339 1139 438 1205 ’Ἅιδα
462 1142 580 1223 στόμα,
609 1142 774 1223 Ταίναρον
797 1141 844 1216 εἰς
868 1140 960 1224 ἱεράν
983 1141 1145 1224 Εὔφαμος
1168 1138 1293 1221 ἐλθών,

291 1265 325 1313 45
344 1249 418 1323 υίὸς
441 1247 605 1331 ίππάρχου
629 1246 864 1323 Ποσειδάωνος
887 1246 982 1329 άναξ,

345 1357 404 1419 τόν
427 1351 499 1418 ποτ’
526 1353 673 1437 Εὐρώπα
702 1357 823 1418 Τιτυοῦ
846 1355 999 1438 θυγάτηρ

390 1465 476 1525 τίκτε
502 1464 656 1544 Καφισοῦ
680 1459 757 1545 παρ’
785 1463 918 1545 ὄχθαις,

346 1676 510 1761 τετράτων
533 1676 662 1740 παίδων
684 1673 715 1739 κ’
742 1673 995 1760 ἕπιγεινομένων
1361 1681 1440 1759 Στρ.
1465 1676 1506 1758 γ’.

346 1775 426 1868 αἷμά
448 1790 503 1848 λοι
526 1786 640 1847 κείναν
663 1783 742 1865 λάβε
765 1785 829 1847 σὺν
847 1789 996 1858 Δαναοῖς
1019 1782 1151 1867 εὐρεῖαν
1174 1785 1319 1866 άπειρον.
1357 1785 1428 1847 τότε
1452 1785 1515 1868 γάρ

1250 1890 1392 1973 μεγάλας
1535 1907 1568 1955 85

347 1996 574 2074 ἐξανίστανται
598 1998 847 2081 Λακεδαίμονος
868 1995 1017 2082 Ἀργείου
1040 2019 1075 2061 τε
1097 1999 1221 2061 κόλπου
1245 1995 1300 2060 καὶ
1324 2001 1497 2079 Μυκηνᾶν.

295 2120 329 2168 50
348 2112 412 2168 νῦν
436 2127 471 2185 γε
494 2099 555 2187 μέν
578 2102 769 2168 ἀλλοδαπᾶν
791 2104 906 2187 κριτὸν
929 2103 1060 2187 εὑρήσει
1083 2112 1251 2185 γυναικῶν

352 2210 388 2276 ἐν
411 2208 539 2294 λέχεσιν
562 2208 672 2294 γένος,
695 2211 730 2275 οἳ
750 2234 807 2275 κεν
829 2210 928 2276 τάνδε
951 2213 1015 2275 σὺν
1038 2219 1116 2298 τιμᾷ
1137 2216 1229 2275 θεῶν
1536 2228 1569 2274 90

295 2356 506 2364 -—.—.--..·—-.

365 2447 407 2495 40.
432 2459 519 2527 σπωμ.
541 2441 574 2506 0;
599 2441 663 2494 fort
683 2437 825 2509 πελάγει’
829 2438 1027 2508 σπομέναν-
1055 2439 1110 2507 ότρ.
1135 2440 1252 2494 ΒΟ-
1280 2446 1321 2492 41.
1350 2437 1523 2492 λυοιπόνοιοι
1551 2441 1574 2493 0

294 2545 328 2554 -
347 2519 390 2567 42.
410 2513 452 2581 άφ
454 2509 526 2566 θέτω
548 2512 630 2565 D—
651 2517 692 2566 43.
714 2512 796 2635 stdooz
798 2532 843 2578 ωρ
865 2512 978 2566 01)-
997 2517 1039 2564 45
1063 2509 1248 2573 ποσειιλάονος
1269 2511 1350 2563 Β-
1369 2515 1410 2564 45.
1434 2511 1569 2578 Εὐρώπας

292 2585 413 2652 Εὐρώτα
433 2582 519 2637 schol
539 2583 621 2638 adv.
641 2598 678 2649 153
702 2585 733 2635 at
756 2581 986 2669 [Studniczka
1010 2582 1327 2650 Κγιοιιομωερ-
1347 2579 1432 2634 τίκτει
1451 2582 1518 2635 BD
1537 2614 1569 2622 —

295 2661 337 2711 49
357 2675 456 2726 μηκυν
473 2655 581 2710 01)-
600 2659 642 2708 50.
662 2651 713 2723 μὲν
731 2654 813 2708 Β
760 2672 813 2724 γ
833 2674 889 2722 ραν
904 2654 1042 2708 Bou
1065 2660 1106 2707 51.
1127 2649 1336 2721 λεχέεσσιθ-
1354 2651 1440 2706 τανὸε
1455 2669 1488 2706 ex
1503 2652 1570 2707 τάδε

294 2727 591 2782 corrfflmrscB-

294 2889 338 2925 σιν
358 2869 456 2924 Aesch.
471 2869 561 2922 Prom.
577 2885 623 2923 uo.
651 2864 747 2940 ἐναλία
766 2865 840 2940 ἅλμᾳ
858 2867 933 2948 quod
953 2866 1063 2922 codices
1081 2866 1232 2935 praebent,
1251 2865 1295 2920 bis
1314 2865 1390 2920 idem
1410 2865 1517 2920 diceret
1537 2899 1569 2907 —

293 2949 337 2998 40
361 2941 490 3009 ἑσπέρας
514 2940 589 3008 quod
612 2941 717 2993 trustra
732 2921 840 2992 sollisit
829 2939 901 2992 tasit
889 2939 1033 2992 tHecker
1056 2937 1127 2993 Phil.
1147 2957 1165 2991 v
1182 2954 1235 3002 ιιι,
1260 2937 1388 2992 consulto
1413 2942 1497 3008 poeta
1468 2939 1569 2992 tad-

294 3013 380 3079 didit,
404 3012 479 3092 quod
502 3013 611 3080 vesperi
631 3027 743 3063 somnus
763 3009 913 3079 supercilia
933 3009 1060 3063 animant
1061 3008 1119 3063 ium
1138 3010 1271 3091 obrepere
1290 3009 1414 3064 solet—
1434 3017 1476 3064 41.
1496 3014 1528 3064 λι
1523 3029 1568 3064 σι

295 3031 422 3151 αόνοιςῖ1
429 3082 453 3136 si
472 3082 584 3150 quando
604 3081 638 3136 de
659 3081 754 3134 laboro
774 3086 802 3135 et
821 3081 972 3152 vigilantia
990 3081 1185 3147 remittebant3
1210 3079 1250 3135 sic
1269 3078 1420 3136 λυσίπονον
1439 3083 1571 3136 τελευτάν

295 3155 367 3209 dixit
385 3156 417 3209 fr.
434 3172 485 3220 ιιι,
505 3154 539 3206 cs.
555 3154 651 3207 Horat
667 3152 696 3206 C.
711 3168 781 3240 urar
783 3170 830 3221 ,ιο
844 3155 959 3221 tantalis
973 3171 1083 3223 operam
1097 3153 1242 3208 solatis-
1257 3157 1299 3207 43.
1319 3151 1425 3221 aelst
1406 3174 1486 3221 ωρας,
1506 3158 1571 3208 ante

295 3228 400 3281 iustum
415 3229 538 3306 tempus;
557 3224 592 3279 of
607 3225 674 3291 πρὶν
689 3244 780 3292 φαονς
794 3241 838 3294 ap
855 3224 962 3279 Arrian.
979 3224 1061 3280 anab.
1076 3244 1107 3277 ιιι
1123 3241 1155 3292 ιε,
1170 3241 1230 3278 o-
1246 3229 1288 3279 45.
1304 3224 1481 3294 Euphamum
1496 3225 1570 3295 Nep-

295 3298 357 3379 tuni
375 3297 464 3351 filium
483 3295 528 3350 hio
547 3299 576 3349 et
595 3295 669 3349 infra
687 3314 713 3349 v
733 3312 771 3349 ιιι
790 3295 864 3350 dixit
881 3295 997 3351 Hesiodi
1016 3296 1106 3350 Eoeas
1126 3300 1161 3364 (τ.
1181 3295 1268 3350 εολιολ
1288 3295 1325 3350 ad
1343 3314 1368 3349 v.
1389 3298 1426 3363 ω)
1416 3298 1570 3363 )secutus,

295 3369 344 3437 qui
363 3371 458 3422 tamon
476 3385 532 3421 non
552 3384 585 3421 ex
604 3367 725 3437 Europa,
745 3368 846 3421 sodex
870 3367 1026 3422 Mecionica
1051 3367 1215 3437 Neptunum
1240 3366 1415 3492 Euppemum
1441 3367 1571 3437 genuisse

296 3440 453 3494 dixerat—
468 3444 510 3493 46,
526 3443 668 3507 Καφισοῦ·
685 3438 776 3492 amnis
790 3439 925 3506 Boeotici,
940 3456 984 3493 cur
977 3438 1190 3493 Orchomenus
1205 3439 1270 3492 urbs
1316 3455 1444 3507 rnyarum
1460 3439 1571 3492 adiace-

294 3513 345 3566 bat
358 3544 385 3550 —
398 3517 440 3565 47.
455 3509 594 3578 τετράτων
609 3507 727 3578 παίδων,
743 3510 817 3578 quod
827 3509 1003 3579 Heraclidae,
1016 3510 1065 3578 qui
1079 3528 1142 3564 cum
1156 3509 1277 3564 Doribus
1292 3510 1537 3591 Peloponnesum
1528 3529 1570 3564 m-

295 3586 429 3637 vaserunt
447 3585 610 3662 veteresque
628 3581 736 3635 incolas
754 3582 788 3635 de
808 3581 921 3636 sedibus
941 3581 999 3635 suis
1017 3598 1070 3651 exp
1072 3582 1196 3650 ulerunt,
1221 3582 1257 3636 ab
1276 3581 1408 3649 Hercule,
1432 3582 1481 3649 qui
1500 3599 1571 3635 unus

299 3672 331 3708 οι
351 3652 522 3734 Argonautis
540 3653 595 3706 fuit
614 3660 650 3721 (v.
668 3656 723 3722 ιι,ι)
743 3656 844 3721 quarto
897 3653 953 3707 adu
973 3653 1188 3718 descenderunt,
1208 3654 1242 3707 cf.
1258 3653 1330 3707 Prol.
1346 3671 1435 3708 οιιιν.
1466 3652 1571 3718 Quodsi

295 3725 409 3793 glebam
424 3724 535 3778 Africae
549 3723 660 3778 telluris
674 3724 855 3806 Εαμλιιιιιιιιε
876 3741 1010 3778 ιιειιαιοιιι
1024 3723 1147 3794 patriam
1161 3723 1336 3792 detulissetj
1328 3741 1386 3778 ram
1400 3727 1468 3792 tum,
1479 3741 1572 3778 cuma

296 3796 417 3850 Doribus
437 3798 466 3850 et
484 3795 642 3850 Heraclidis
661 3795 721 3850 eius
740 3795 888 3881 progenies
907 3796 990 3849 domo
1009 3795 1180 3866 pellebatur,
1204 3794 1300 3849 Africa
1319 3795 1440 3850 Graecos
1459 3796 1572 3850 colonos

296 3872 364 3921 ort
358 3867 397 3921 ta
422 3871 548 3921 esset-
572 3873 615 3922 49.
641 3865 725 3922 τότε
741 3864 990 3933 ..ἐξανίστανταιΙ
1017 3883 1150 3936 praesens
1176 3883 1226 3935 pro
1252 3866 1346 3921 futuro
1371 3867 1494 3936 positum
1521 3871 1572 3935 est,

295 3939 409 4008 quodt
411 3956 511 4026 empus
534 3938 668 3992 adverbio
693 3937 754 3992 τότε
781 3938 838 3992 iam
863 3938 1020 3993 indicatum
1039 3940 1112 4006 erat,
1132 3953 1189 4006 qua
1208 3937 1294 3991 simili
1313 3938 1348 3990 de
1367 3955 1453 3992 eausa
1472 3912 1572 3993 Graecl

295 4011 430 4065 adverbia
458 4009 595 4079 πρότερον
623 4011 663 4077 (Ρ
683 4029 711 4063 ιν
731 4014 766 4075 ω)
795 4013 824 4064 et
852 4009 954 4077 πάλαι,
982 4009 1044 4062 Indi
1068 4014 1156 4079 paro,
1184 4008 1280 4062 Latini
1307 4010 1373 4064 dam
1401 4028 1464 4064 cum
1492 4027 1571 4091 prae-

297 4082 370 4136 senti
395 4083 574 4152 iungunt—
544 4088 636 4135 -.50
661 4080 707 4135 hic
730 4084 759 4135 et
782 4081 855 4134 infra
874 4099 898 4136 v.
920 4098 958 4135 νει
947 4080 1115 4134 Pindarus
1139 4080 1175 4134 ab
1195 4079 1259 4134 aliis
1278 4080 1369 4151 poetis
1388 4080 1441 4135 hoo
1460 4081 1572 4135 nominc

296 4154 402 4220 differt,
427 4154 502 4221 quod
520 4152 564 4205 illi
583 4155 761 4222 Argonautas
785 4169 848 4206 cum
868 4152 1029 4206 Colchidem
1051 4154 1192 4221 peterent,
1216 4151 1262 4205 hic
1286 4169 1350 4205 cum
1374 4152 1507 4207 Colchide
1531 4172 1571 4206 rc

297 4225 403 4294 dirent,
423 4225 558 4278 Lemnum
576 4223 698 4278 insulam
718 4241 773 4294 app
775 4223 860 4278 ulisse
879 4226 988 4289 narrat;
1008 4222 1042 4276 cs.
1051 4171 1172 4346 lGrttger,
1191 4223 1225 4276 de
1245 4225 1472 4292 Argonautarum
1492 4225 1572 4278 fabu-

297 4296 387 4350 larum
407 4295 525 4350 historia
543 4313 570 4364 p
586 4312 619 4350 ss.
656 4295 794 4349 Pindarus
814 4298 909 4350 autem
927 4295 980 4349 hoc
999 4293 1040 4347 ita
1056 4294 1212 4348 instituisse
1233 4294 1353 4361 videtur,
1375 4299 1407 4349 ut
1429 4297 1572 4350 commod«

299 4368 328 4421 in
352 4369 406 4421 fine
429 4365 600 4420 narrationis
623 4367 659 4420 ab
683 4367 853 4436 Argonautis
882 4383 944 4419 cum
970 4365 1073 4432 Minyis
1096 4365 1261 4421 mulieribus
1284 4367 1507 4422 connubentibus
1536 4368 1571 4420 ad

297 4439 455 4493 conditores
471 4438 641 4506 Cyrenarum
660 4438 845 4492 transiret-
865 4439 1040 4491 άλλοὸαπαν·
1060 4436 1285 4491 Lemniorum-
1301 4437 1404 4507 αριιόν,
1420 4438 1572 4510 egregium,

296 4512 329 4563 ut
353 4510 414 4563 Lat'
394 4510 446 4563 tini
472 4512 551 4564 lectos
577 4510 680 4564 iudices
706 4510 855 4563 dicunt—
875 4513 917 4562 51.
943 4527 969 4561 οι
993 4525 1042 4561 κεν
1061 4505 1189 4564 τάνδε.
1206 4518 1315 4564 ,νᾶσον
1340 4509 1482 4572 ἐλθόντες·
1507 4510 1572 4562 hino

297 4581 446 4661 quominus
465 4579 616 4634 concludas
655 4583 748 4635 oetam
762 4584 886 4634 veterem
905 4580 1010 4633 l'amam
1027 4581 1153 4633 secutum
1167 4580 1297 4635 Lemnios
1312 4580 1422 4649 Minyas
1437 4598 1454 4634 a
1468 4581 1571 4635 Lemno

297 4651 417 4705 insula
410 4669 472 4720 ipsa
490 4652 612 4705 insulam
631 4599 751 4706 'lberam
769 4651 903 4722 optivisse
922 4653 1045 4720 putasse,
1065 4650 1180 4705 obstant
1198 4652 1253 4706 loci
1272 4652 1301 4706 P.
1316 4671 1344 4705 ιν
1359 4668 1397 4706 ιιι
1411 4655 1441 4706 et
1455 4670 1471 4704 v
1486 4669 1511 4705 τι
1526 4671 1571 4719 ss,

298 4724 372 4777 unde
391 4723 530 4793 Euphami
550 4728 579 4777 ct
596 4724 729 4778 Lemniae
744 4672 868 4777 mulieris
885 4722 1047 4792 progeniem
1065 4722 1187 4792 primum
1204 4723 1443 4777 Lacedaemonem
1462 4723 1571 4777 vonisse

299 4796 328 4848 et
346 4793 412 4849 inde
431 4811 487 4848 una
506 4812 569 4849 oum
588 4794 652 4848 aliis
672 4794 901 4849 Lacedaemoniis
921 4794 1041 4848 Theram
1059 4793 1196 4864 migrasse
1215 4796 1295 4864 patet
1313 4825 1348 4834 -
