<?xml version="1.0" encoding="UTF-8"?>
<!DOCTYPE html PUBLIC "-//W3C//DTD XHTML 1.0 Transitional//EN"
    "http://www.w3.org/TR/xhtml1/DTD/xhtml1-transitional.dtd">
<html xmlns="http://www.w3.org/1999/xhtml" xml:lang="en" lang="en">
 <head>
  <title>
</title>
<meta http-equiv="Content-Type" content="text/html;charset=utf-8" />
  <meta name='ocr-system' content='tesseract 3.04.00' />
  <meta name='ocr-capabilities' content='ocr_page ocr_carea ocr_par ocr_line ocrx_word'/>
</head>
<body>
  <div class='ocr_page' id='page_1' title='image "./pindaricarminap00pindgoog_0088.png"; bbox 0 0 3406 5378; ppageno 0'>
   <div class='ocr_carea' id='block_1_1' title="bbox 593 365 1490 423">
    <p class='ocr_par' dir='ltr' id='par_1_1' title="bbox 593 365 1490 423">
     <span class='ocr_line' id='line_1_1' title="bbox 593 365 1490 423; baseline 0 -4"><span class='ocrx_word' id='word_1_1' title='bbox 593 369 642 423; x_wconf 86' lang='lat' dir='ltr'>Ill.</span> <span class='ocrx_word' id='word_1_2' title='bbox 670 370 720 419; x_wconf 83' lang='lat' dir='ltr'>DE</span> <span class='ocrx_word' id='word_1_3' title='bbox 739 369 848 420; x_wconf 68' lang='lat' dir='ltr'>LUDIS</span> <span class='ocrx_word' id='word_1_4' title='bbox 867 369 913 419; x_wconf 81' lang='lat' dir='ltr'>ET</span> <span class='ocrx_word' id='word_1_5' title='bbox 932 370 1108 421; x_wconf 84' lang='lat' dir='ltr'>EPlNICllS.</span> <span class='ocrx_word' id='word_1_6' title='bbox 1417 365 1490 420; x_wconf 85' lang='lat' dir='ltr'>LXV</span> 
     </span>
    </p>
   </div>
   <div class='ocr_carea' id='block_1_2' title="bbox 159 528 1493 2005">
    <p class='ocr_par' dir='ltr' id='par_1_2' title="bbox 159 528 1493 2005">
     <span class='ocr_line' id='line_1_2' title="bbox 210 528 1491 615; baseline -0.003 -20"><span class='ocrx_word' id='word_1_7' title='bbox 210 530 353 596; x_wconf 89' lang='lat' dir='ltr'>minibus</span> <span class='ocrx_word' id='word_1_8' title='bbox 378 530 552 595; x_wconf 89' lang='lat' dir='ltr'>coniuncta</span> <span class='ocrx_word' id='word_1_9' title='bbox 575 529 689 614; x_wconf 87' lang='lat' dir='ltr'>fuisse,</span> <span class='ocrx_word' id='word_1_10' title='bbox 721 530 753 594; x_wconf 91' lang='lat' dir='ltr'>id</span> <span class='ocrx_word' id='word_1_11' title='bbox 777 530 864 613; x_wconf 90' lang='lat' dir='ltr'>quod</span> <span class='ocrx_word' id='word_1_12' title='bbox 888 530 1045 595; x_wconf 82' lang='lat' dir='ltr'>Pindarus</span> <span class='ocrx_word' id='word_1_13' title='bbox 1073 531 1143 615; x_wconf 88' lang='lat' dir='ltr'>ipse</span> <span class='ocrx_word' id='word_1_14' title='bbox 1170 529 1336 614; x_wconf 89' lang='lat' dir='ltr'>praedicat</span> <span class='ocrx_word' id='word_1_15' title='bbox 1360 528 1395 592; x_wconf 84' lang='grc' dir='ltr'>Ο.</span> <span class='ocrx_word' id='word_1_16' title='bbox 1416 548 1438 592; x_wconf 83' lang='grc' dir='ltr'><strong><em>ν</em></strong></span> <span class='ocrx_word' id='word_1_17' title='bbox 1458 531 1491 592; x_wconf 73' lang='lat'>5:</span> 
     </span>
     <span class='ocr_line' id='line_1_3' title="bbox 210 634 1492 722; baseline -0.002 -21"><span class='ocrx_word' id='word_1_18' title='bbox 210 639 343 721; x_wconf 78' lang='grc' dir='ltr'><strong><em>βωμοὺς</em></strong></span> <span class='ocrx_word' id='word_1_19' title='bbox 362 635 395 714; x_wconf 75' lang='grc' dir='ltr'>ἓξ</span> <span class='ocrx_word' id='word_1_20' title='bbox 416 638 578 720; x_wconf 76' lang='grc' dir='ltr'><em>διδύμους</em></span> <span class='ocrx_word' id='word_1_21' title='bbox 596 635 751 722; x_wconf 68' lang='grc' dir='ltr'><strong><em>ἐγέραιρεν</em></strong></span> <span class='ocrx_word' id='word_1_22' title='bbox 770 634 897 722; x_wconf 76' lang='grc' dir='ltr'><strong><em>ἑορταῖς</em></strong></span> <span class='ocrx_word' id='word_1_23' title='bbox 915 643 1007 701; x_wconf 77' lang='grc' dir='ltr'><strong><em>θεῶν</em></strong></span> <span class='ocrx_word' id='word_1_24' title='bbox 1023 640 1192 721; x_wconf 73' lang='grc' dir='ltr'><strong><em>μεγίσταις</em></strong></span> <span class='ocrx_word' id='word_1_25' title='bbox 1205 636 1270 700; x_wconf 81' lang='grc' dir='ltr'>ὑπὸ</span> <span class='ocrx_word' id='word_1_26' title='bbox 1289 640 1492 720; x_wconf 83' lang='grc' dir='ltr'><em>βουθυσίαις</em></span> 
     </span>
     <span class='ocr_line' id='line_1_4' title="bbox 212 742 1491 829; baseline -0.003 -20"><span class='ocrx_word' id='word_1_27' title='bbox 212 743 345 809; x_wconf 78' lang='grc' dir='ltr'><strong><em>ἀέθλων</em></strong></span> <span class='ocrx_word' id='word_1_28' title='bbox 369 767 403 808; x_wconf 91' lang='grc' dir='ltr'>τε</span> <span class='ocrx_word' id='word_1_29' title='bbox 426 743 649 828; x_wconf 76' lang='grc' dir='ltr'><strong><em>πεμπαμέροις</em></strong></span> <span class='ocrx_word' id='word_1_30' title='bbox 672 742 866 829; x_wconf 54' lang='grc' dir='ltr'><strong><em>ἁμίλλαιςᾸ)</em></strong></span> <span class='ocrx_word' id='word_1_31' title='bbox 908 743 960 807; x_wconf 83' lang='lat' dir='ltr'>Ad</span> <span class='ocrx_word' id='word_1_32' title='bbox 983 766 1075 808; x_wconf 85' lang='lat' dir='ltr'>sacra</span> <span class='ocrx_word' id='word_1_33' title='bbox 1103 750 1211 808; x_wconf 90' lang='lat' dir='ltr'>autem</span> <span class='ocrx_word' id='word_1_34' title='bbox 1240 749 1273 807; x_wconf 89' lang='lat' dir='ltr'>et</span> <span class='ocrx_word' id='word_1_35' title='bbox 1301 743 1491 829; x_wconf 75' lang='lat' dir='ltr'>religionem</span> 
     </span>
     <span class='ocr_line' id='line_1_5' title="bbox 159 848 1492 936; baseline -0.002 -22"><span class='ocrx_word' id='word_1_36' title='bbox 159 891 163 899; x_wconf 91' lang='lat'><em>·</em></span> <span class='ocrx_word' id='word_1_37' title='bbox 211 850 362 915; x_wconf 91' lang='lat' dir='ltr'>ludorum</span> <span class='ocrx_word' id='word_1_38' title='bbox 377 848 620 936; x_wconf 85' lang='lat' dir='ltr'>Olympicorum</span> <span class='ocrx_word' id='word_1_39' title='bbox 643 849 706 914; x_wconf 88' lang='lat' dir='ltr'>hoe</span> <span class='ocrx_word' id='word_1_40' title='bbox 725 872 852 934; x_wconf 91' lang='lat' dir='ltr'>quoque</span> <span class='ocrx_word' id='word_1_41' title='bbox 876 850 1026 934; x_wconf 73' lang='lat' dir='ltr'>pertinet,</span> <span class='ocrx_word' id='word_1_42' title='bbox 1050 851 1135 934; x_wconf 91' lang='lat' dir='ltr'>quod</span> <span class='ocrx_word' id='word_1_43' title='bbox 1155 849 1210 933; x_wconf 90' lang='lat' dir='ltr'>qui</span> <span class='ocrx_word' id='word_1_44' title='bbox 1229 851 1405 915; x_wconf 86' lang='lat' dir='ltr'>certamina</span> <span class='ocrx_word' id='word_1_45' title='bbox 1426 850 1492 913; x_wconf 91' lang='lat' dir='ltr'>obi-</span> 
     </span>
     <span class='ocr_line' id='line_1_6' title="bbox 211 957 1491 1043; baseline -0.002 -21"><span class='ocrx_word' id='word_1_46' title='bbox 211 959 306 1043; x_wconf 90' lang='lat' dir='ltr'>bant,</span> <span class='ocrx_word' id='word_1_47' title='bbox 329 957 518 1042; x_wconf 90' lang='lat' dir='ltr'>priusquam</span> <span class='ocrx_word' id='word_1_48' title='bbox 541 957 576 1021; x_wconf 92' lang='lat' dir='ltr'>in</span> <span class='ocrx_word' id='word_1_49' title='bbox 599 979 729 1021; x_wconf 79' lang='lat' dir='ltr'>arenam</span> <span class='ocrx_word' id='word_1_50' title='bbox 752 957 995 1042; x_wconf 79' lang='lat' dir='ltr'>descenderent,</span> <span class='ocrx_word' id='word_1_51' title='bbox 1018 958 1152 1021; x_wconf 90' lang='lat' dir='ltr'>deorum</span> <span class='ocrx_word' id='word_1_52' title='bbox 1175 957 1330 1021; x_wconf 83' lang='lat' dir='ltr'>auxilium</span> <span class='ocrx_word' id='word_1_53' title='bbox 1350 957 1491 1021; x_wconf 81' lang='lat' dir='ltr'>victimis</span> 
     </span>
     <span class='ocr_line' id='line_1_7' title="bbox 211 1063 1491 1150; baseline -0.004 -20"><span class='ocrx_word' id='word_1_54' title='bbox 211 1065 364 1130; x_wconf 87' lang='lat' dir='ltr'>mactatis</span> <span class='ocrx_word' id='word_1_55' title='bbox 383 1063 643 1150; x_wconf 67' lang='lat' dir='ltr'>implorabant2),</span> <span class='ocrx_word' id='word_1_56' title='bbox 666 1070 700 1129; x_wconf 89' lang='lat' dir='ltr'>et</span> <span class='ocrx_word' id='word_1_57' title='bbox 718 1070 809 1129; x_wconf 84' lang='lat' dir='ltr'>vates</span> <span class='ocrx_word' id='word_1_58' title='bbox 829 1064 989 1149; x_wconf 73' lang='grc' dir='ltr'><strong><em>(μάντεις)</em></strong></span> <span class='ocrx_word' id='word_1_59' title='bbox 1010 1064 1092 1128; x_wconf 81' lang='lat' dir='ltr'>extis</span> <span class='ocrx_word' id='word_1_60' title='bbox 1112 1064 1317 1127; x_wconf 79' lang='lat' dir='ltr'>victimarum</span> <span class='ocrx_word' id='word_1_61' title='bbox 1336 1063 1491 1148; x_wconf 88' lang='lat' dir='ltr'>inspectis</span> 
     </span>
     <span class='ocr_line' id='line_1_8' title="bbox 211 1169 1492 1256; baseline -0.003 -19"><span class='ocrx_word' id='word_1_62' title='bbox 211 1173 333 1238; x_wconf 85' lang='lat' dir='ltr'>exitum</span> <span class='ocrx_word' id='word_1_63' title='bbox 360 1171 574 1237; x_wconf 80' lang='lat' dir='ltr'>certaminum</span> <span class='ocrx_word' id='word_1_64' title='bbox 598 1172 850 1256; x_wconf 82' lang='lat' dir='ltr'>augurabantur.</span> <span class='ocrx_word' id='word_1_65' title='bbox 891 1171 1114 1236; x_wconf 89' lang='lat' dir='ltr'>Romanorum</span> <span class='ocrx_word' id='word_1_66' title='bbox 1142 1192 1218 1235; x_wconf 88' lang='lat' dir='ltr'>vero</span> <span class='ocrx_word' id='word_1_67' title='bbox 1247 1171 1285 1235; x_wconf 89' lang='lat' dir='ltr'>de</span> <span class='ocrx_word' id='word_1_68' title='bbox 1313 1169 1397 1234; x_wconf 90' lang='lat' dir='ltr'>ludis</span> <span class='ocrx_word' id='word_1_69' title='bbox 1426 1192 1492 1234; x_wconf 90' lang='lat' dir='ltr'>sae-</span> 
     </span>
     <span class='ocr_line' id='line_1_9' title="bbox 212 1277 1491 1363; baseline -0.002 -20"><span class='ocrx_word' id='word_1_70' title='bbox 212 1279 375 1344; x_wconf 88' lang='lat' dir='ltr'>cularibus</span> <span class='ocrx_word' id='word_1_71' title='bbox 400 1301 427 1342; x_wconf 87' lang='lat' dir='ltr'>a.</span> <span class='ocrx_word' id='word_1_72' title='bbox 448 1279 510 1343; x_wconf 85' lang='grc'>737</span> <span class='ocrx_word' id='word_1_73' title='bbox 535 1300 566 1342; x_wconf 92' lang='lat' dir='ltr'>u.</span> <span class='ocrx_word' id='word_1_74' title='bbox 592 1301 618 1342; x_wconf 91' lang='lat' dir='ltr'>c.</span> <span class='ocrx_word' id='word_1_75' title='bbox 638 1309 680 1331; x_wconf 93' lang='lat'>=</span> <span class='ocrx_word' id='word_1_76' title='bbox 702 1281 740 1343; x_wconf 89' lang='grc'>17</span> <span class='ocrx_word' id='word_1_77' title='bbox 767 1301 793 1342; x_wconf 90' lang='lat' dir='ltr'>a.</span> <span class='ocrx_word' id='word_1_78' title='bbox 814 1278 888 1345; x_wconf 83' lang='lat' dir='ltr'>Chr.</span> <span class='ocrx_word' id='word_1_79' title='bbox 916 1279 1071 1343; x_wconf 74' lang='lat' dir='ltr'>faciendis</span> <span class='ocrx_word' id='word_1_80' title='bbox 1100 1279 1194 1363; x_wconf 88' lang='lat' dir='ltr'>plane</span> <span class='ocrx_word' id='word_1_81' title='bbox 1223 1282 1256 1341; x_wconf 92' lang='lat' dir='ltr'>et</span> <span class='ocrx_word' id='word_1_82' title='bbox 1284 1277 1431 1342; x_wconf 87' lang='lat' dir='ltr'>disertim</span> <span class='ocrx_word' id='word_1_83' title='bbox 1458 1277 1491 1340; x_wconf 92' lang='lat' dir='ltr'>in</span> 
     </span>
     <span class='ocr_line' id='line_1_10' title="bbox 211 1384 1492 1470; baseline -0.004 -18"><span class='ocrx_word' id='word_1_84' title='bbox 211 1385 452 1452; x_wconf 88' lang='lat' dir='ltr'>commentariis</span> <span class='ocrx_word' id='word_1_85' title='bbox 475 1408 579 1470; x_wconf 88' lang='lat' dir='ltr'>nuper</span> <span class='ocrx_word' id='word_1_86' title='bbox 599 1384 735 1470; x_wconf 85' lang='lat' dir='ltr'>repertis</span> <span class='ocrx_word' id='word_1_87' title='bbox 755 1389 964 1469; x_wconf 88' lang='lat' dir='ltr'>praeceptum</span> <span class='ocrx_word' id='word_1_88' title='bbox 984 1391 1043 1469; x_wconf 92' lang='lat' dir='ltr'>est,</span> <span class='ocrx_word' id='word_1_89' title='bbox 1066 1390 1102 1448; x_wconf 92' lang='lat' dir='ltr'>ut</span> <span class='ocrx_word' id='word_1_90' title='bbox 1121 1385 1234 1469; x_wconf 90' lang='lat' dir='ltr'>primis</span> <span class='ocrx_word' id='word_1_91' title='bbox 1254 1384 1359 1448; x_wconf 87' lang='lat' dir='ltr'>tribus</span> <span class='ocrx_word' id='word_1_92' title='bbox 1378 1384 1492 1448; x_wconf 87' lang='lat' dir='ltr'>diebus</span> 
     </span>
     <span class='ocr_line' id='line_1_11' title="bbox 210 1490 1493 1575; baseline -0.003 -17"><span class='ocrx_word' id='word_1_93' title='bbox 210 1493 425 1575; x_wconf 79' lang='lat' dir='ltr'>noctibusque</span> <span class='ocrx_word' id='word_1_94' title='bbox 450 1491 520 1556; x_wconf 84' lang='lat' dir='ltr'>Iovi</span> <span class='ocrx_word' id='word_1_95' title='bbox 543 1491 662 1556; x_wconf 91' lang='lat' dir='ltr'>Iunoni</span> <span class='ocrx_word' id='word_1_96' title='bbox 685 1491 807 1555; x_wconf 82' lang='lat' dir='ltr'>Telluri</span> <span class='ocrx_word' id='word_1_97' title='bbox 830 1490 976 1575; x_wconf 86' lang='lat' dir='ltr'>Apollini</span> <span class='ocrx_word' id='word_1_98' title='bbox 998 1491 1128 1575; x_wconf 90' lang='lat' dir='ltr'>Ilithyis</span> <span class='ocrx_word' id='word_1_99' title='bbox 1153 1490 1225 1554; x_wconf 89' lang='lat' dir='ltr'>aliis</span> <span class='ocrx_word' id='word_1_100' title='bbox 1249 1491 1310 1554; x_wconf 87' lang='lat' dir='ltr'>diis</span> <span class='ocrx_word' id='word_1_101' title='bbox 1335 1491 1493 1555; x_wconf 89' lang='lat' dir='ltr'>sacrificia</span> 
     </span>
     <span class='ocr_line' id='line_1_12' title="bbox 210 1596 1490 1683; baseline -0.004 -18"><span class='ocrx_word' id='word_1_102' title='bbox 210 1602 325 1665; x_wconf 89' lang='lat' dir='ltr'>fierent</span> <span class='ocrx_word' id='word_1_103' title='bbox 358 1604 455 1683; x_wconf 88' lang='lat' dir='ltr'>atque</span> <span class='ocrx_word' id='word_1_104' title='bbox 489 1621 618 1663; x_wconf 88' lang='lat' dir='ltr'>carmen</span> <span class='ocrx_word' id='word_1_105' title='bbox 651 1620 778 1663; x_wconf 89' lang='lat' dir='ltr'>sacrum</span> <span class='ocrx_word' id='word_1_106' title='bbox 807 1621 825 1661; x_wconf 90' lang='lat' dir='ltr'>a</span> <span class='ocrx_word' id='word_1_107' title='bbox 852 1598 961 1682; x_wconf 86' lang='lat' dir='ltr'>pueris</span> <span class='ocrx_word' id='word_1_108' title='bbox 991 1597 1235 1683; x_wconf 78' lang='lat' dir='ltr'>virginibusque</span> <span class='ocrx_word' id='word_1_109' title='bbox 1267 1597 1303 1660; x_wconf 90' lang='lat' dir='ltr'>iu</span> <span class='ocrx_word' id='word_1_110' title='bbox 1333 1596 1490 1661; x_wconf 87' lang='lat' dir='ltr'>honorem</span> 
     </span>
     <span class='ocr_line' id='line_1_13' title="bbox 211 1705 1491 1793; baseline -0.002 -23"><span class='ocrx_word' id='word_1_111' title='bbox 211 1706 423 1772; x_wconf 83' lang='lat' dir='ltr'>Latoidarum</span> <span class='ocrx_word' id='word_1_112' title='bbox 444 1705 594 1789; x_wconf 88' lang='lat' dir='ltr'>Iovisque</span> <span class='ocrx_word' id='word_1_113' title='bbox 619 1710 797 1788; x_wconf 88' lang='lat' dir='ltr'>caneretur,</span> <span class='ocrx_word' id='word_1_114' title='bbox 820 1710 853 1768; x_wconf 88' lang='lat' dir='ltr'>et</span> <span class='ocrx_word' id='word_1_115' title='bbox 871 1705 1090 1793; x_wconf 19' lang='lat' dir='ltr'>tumldemum</span> <span class='ocrx_word' id='word_1_116' title='bbox 1110 1708 1214 1768; x_wconf 90' lang='lat' dir='ltr'>metae</span> <span class='ocrx_word' id='word_1_117' title='bbox 1234 1709 1439 1790; x_wconf 83' lang='lat' dir='ltr'>ponerentur,</span> <span class='ocrx_word' id='word_1_118' title='bbox 1458 1709 1491 1768; x_wconf 91' lang='lat' dir='ltr'>et</span> 
     </span>
     <span class='ocr_line' id='line_1_14' title="bbox 212 1810 1493 1898; baseline -0.004 -19"><span class='ocrx_word' id='word_1_119' title='bbox 212 1818 335 1898; x_wconf 88' lang='lat' dir='ltr'>septem</span> <span class='ocrx_word' id='word_1_120' title='bbox 363 1812 492 1895; x_wconf 88' lang='lat' dir='ltr'>diebus,</span> <span class='ocrx_word' id='word_1_121' title='bbox 525 1833 606 1896; x_wconf 90' lang='lat' dir='ltr'>quos</span> <span class='ocrx_word' id='word_1_122' title='bbox 636 1811 736 1877; x_wconf 87' lang='lat' dir='ltr'>sacris</span> <span class='ocrx_word' id='word_1_123' title='bbox 769 1812 875 1875; x_wconf 87' lang='lat' dir='ltr'>tribus</span> <span class='ocrx_word' id='word_1_124' title='bbox 908 1813 1021 1877; x_wconf 75' lang='lat' dir='ltr'>diebm</span> <span class='ocrx_word' id='word_1_125' title='bbox 1055 1810 1255 1877; x_wconf 88' lang='lat' dir='ltr'>athlothetae</span> <span class='ocrx_word' id='word_1_126' title='bbox 1289 1810 1493 1895; x_wconf 89' lang='lat' dir='ltr'>adiecissent,</span> 
     </span>
     <span class='ocr_line' id='line_1_15' title="bbox 212 1920 675 2005; baseline -0.002 -21"><span class='ocrx_word' id='word_1_127' title='bbox 212 1920 282 1985; x_wconf 90' lang='lat' dir='ltr'>ludi</span> <span class='ocrx_word' id='word_1_128' title='bbox 304 1920 470 1985; x_wconf 90' lang='lat' dir='ltr'>honorarii</span> <span class='ocrx_word' id='word_1_129' title='bbox 493 1924 675 2005; x_wconf 84' lang='lat' dir='ltr'>agerentur.</span> 
     </span>
    </p>
   </div>
   <div class='ocr_carea' id='block_1_3' title="bbox 605 2115 1094 2181">
    <p class='ocr_par' dir='ltr' id='par_1_3' title="bbox 605 2115 1094 2181">
     <span class='ocr_line' id='line_1_16' title="bbox 605 2115 1094 2181; baseline 0 -2"><span class='ocrx_word' id='word_1_130' title='bbox 605 2115 658 2179; x_wconf 91' lang='lat' dir='ltr'>De</span> <span class='ocrx_word' id='word_1_131' title='bbox 686 2115 807 2180; x_wconf 79' lang='lat' dir='ltr'>variis</span> <span class='ocrx_word' id='word_1_132' title='bbox 835 2116 938 2180; x_wconf 90' lang='lat' dir='ltr'>ludis</span> <span class='ocrx_word' id='word_1_133' title='bbox 967 2116 1094 2181; x_wconf 81' lang='lat' dir='ltr'>statis</span> 
     </span>
    </p>
   </div>
   <div class='ocr_carea' id='block_1_4' title="bbox 209 2239 1493 3930">
    <p class='ocr_par' dir='ltr' id='par_1_4' title="bbox 209 2239 1493 3930">
     <span class='ocr_line' id='line_1_17' title="bbox 300 2239 1491 2325; baseline 0 -20"><span class='ocrx_word' id='word_1_134' title='bbox 300 2241 350 2305; x_wconf 83' lang='lat' dir='ltr'>Ex</span> <span class='ocrx_word' id='word_1_135' title='bbox 374 2241 458 2305; x_wconf 92' lang='lat' dir='ltr'>ludis</span> <span class='ocrx_word' id='word_1_136' title='bbox 483 2240 578 2304; x_wconf 82' lang='lat' dir='ltr'>statis</span> <span class='ocrx_word' id='word_1_137' title='bbox 603 2240 778 2325; x_wconf 79' lang='lat' dir='ltr'>Olympici,</span> <span class='ocrx_word' id='word_1_138' title='bbox 802 2241 857 2325; x_wconf 94' lang='lat' dir='ltr'>qui</span> <span class='ocrx_word' id='word_1_139' title='bbox 881 2264 908 2305; x_wconf 90' lang='lat' dir='ltr'>a.</span> <span class='ocrx_word' id='word_1_140' title='bbox 928 2242 992 2305; x_wconf 85' lang='grc'>776</span> <span class='ocrx_word' id='word_1_141' title='bbox 1017 2265 1043 2304; x_wconf 89' lang='lat' dir='ltr'>a.</span> <span class='ocrx_word' id='word_1_142' title='bbox 1064 2239 1138 2304; x_wconf 76' lang='lat' dir='ltr'>Chr.</span> <span class='ocrx_word' id='word_1_143' title='bbox 1162 2240 1285 2305; x_wconf 86' lang='lat' dir='ltr'>conditi</span> <span class='ocrx_word' id='word_1_144' title='bbox 1309 2246 1399 2325; x_wconf 88' lang='lat' dir='ltr'>sunt,</span> <span class='ocrx_word' id='word_1_145' title='bbox 1425 2262 1491 2305; x_wconf 90' lang='lat' dir='ltr'>non</span> 
     </span>
     <span class='ocr_line' id='line_1_18' title="bbox 211 2346 1491 2431; baseline -0.002 -18"><span class='ocrx_word' id='word_1_146' title='bbox 211 2349 317 2413; x_wconf 88' lang='lat' dir='ltr'>solum</span> <span class='ocrx_word' id='word_1_147' title='bbox 341 2347 554 2431; x_wconf 85' lang='lat' dir='ltr'>sanctissimi,</span> <span class='ocrx_word' id='word_1_148' title='bbox 582 2346 637 2411; x_wconf 90' lang='lat' dir='ltr'>sed</span> <span class='ocrx_word' id='word_1_149' title='bbox 661 2347 759 2410; x_wconf 89' lang='lat' dir='ltr'>etiam</span> <span class='ocrx_word' id='word_1_150' title='bbox 783 2347 1002 2430; x_wconf 88' lang='lat' dir='ltr'>antiquissimi</span> <span class='ocrx_word' id='word_1_151' title='bbox 1031 2348 1175 2411; x_wconf 91' lang='lat' dir='ltr'>omnium</span> <span class='ocrx_word' id='word_1_152' title='bbox 1203 2346 1305 2411; x_wconf 91' lang='lat' dir='ltr'>fuisse</span> <span class='ocrx_word' id='word_1_153' title='bbox 1333 2347 1491 2411; x_wconf 82' lang='lat' dir='ltr'>videntur.</span> 
     </span>
     <span class='ocr_line' id='line_1_19' title="bbox 211 2452 1493 2538; baseline -0.001 -20"><span class='ocrx_word' id='word_1_154' title='bbox 211 2452 414 2537; x_wconf 81' lang='lat' dir='ltr'>Quamquam</span> <span class='ocrx_word' id='word_1_155' title='bbox 442 2454 529 2518; x_wconf 91' lang='lat' dir='ltr'>enim</span> <span class='ocrx_word' id='word_1_156' title='bbox 557 2453 735 2517; x_wconf 86' lang='lat' dir='ltr'>Pausanias</span> <span class='ocrx_word' id='word_1_157' title='bbox 755 2472 777 2516; x_wconf 90' lang='lat' dir='ltr'>v</span> <span class='ocrx_word' id='word_1_158' title='bbox 797 2456 870 2538; x_wconf 79' lang='lat' dir='ltr'>a,1</span> <span class='ocrx_word' id='word_1_159' title='bbox 900 2455 947 2518; x_wconf 90' lang='lat' dir='ltr'>ita</span> <span class='ocrx_word' id='word_1_160' title='bbox 974 2454 1133 2538; x_wconf 89' lang='lat' dir='ltr'>loquitur,</span> <span class='ocrx_word' id='word_1_161' title='bbox 1160 2459 1327 2538; x_wconf 87' lang='lat' dir='ltr'>tamquam</span> <span class='ocrx_word' id='word_1_162' title='bbox 1354 2453 1493 2518; x_wconf 87' lang='lat' dir='ltr'>Isthmia</span> 
     </span>
     <span class='ocr_line' id='line_1_20' title="bbox 210 2558 1493 2646; baseline 0 -22"><span class='ocrx_word' id='word_1_163' title='bbox 210 2559 277 2624; x_wconf 94' lang='lat' dir='ltr'>iam</span> <span class='ocrx_word' id='word_1_164' title='bbox 308 2565 380 2624; x_wconf 89' lang='lat' dir='ltr'>acta</span> <span class='ocrx_word' id='word_1_165' title='bbox 412 2560 534 2624; x_wconf 89' lang='lat' dir='ltr'>fuerint</span> <span class='ocrx_word' id='word_1_166' title='bbox 566 2565 740 2644; x_wconf 90' lang='lat' dir='ltr'>antequam</span> <span class='ocrx_word' id='word_1_167' title='bbox 769 2558 963 2646; x_wconf 80' lang='lat' dir='ltr'>Olympicus</span> <span class='ocrx_word' id='word_1_168' title='bbox 988 2562 1081 2626; x_wconf 90' lang='lat' dir='ltr'>ludos</span> <span class='ocrx_word' id='word_1_169' title='bbox 1109 2560 1268 2626; x_wconf 89' lang='lat' dir='ltr'>Hercules</span> <span class='ocrx_word' id='word_1_170' title='bbox 1296 2560 1493 2643; x_wconf 89' lang='lat' dir='ltr'>institueret,</span> 
     </span>
     <span class='ocr_line' id='line_1_21' title="bbox 211 2666 1492 2753; baseline -0.001 -23"><span class='ocrx_word' id='word_1_171' title='bbox 211 2670 321 2730; x_wconf 89' lang='lat' dir='ltr'>tamen</span> <span class='ocrx_word' id='word_1_172' title='bbox 344 2667 441 2752; x_wconf 86' lang='lat' dir='ltr'>longe</span> <span class='ocrx_word' id='word_1_173' title='bbox 465 2672 540 2751; x_wconf 89' lang='lat' dir='ltr'>post</span> <span class='ocrx_word' id='word_1_174' title='bbox 563 2666 750 2753; x_wconf 90' lang='lat' dir='ltr'>Olympicos</span> <span class='ocrx_word' id='word_1_175' title='bbox 774 2667 922 2733; x_wconf 88' lang='lat' dir='ltr'>Isthmici</span> <span class='ocrx_word' id='word_1_176' title='bbox 944 2668 1120 2733; x_wconf 89' lang='lat' dir='ltr'>instaurati</span> <span class='ocrx_word' id='word_1_177' title='bbox 1148 2674 1181 2733; x_wconf 90' lang='lat' dir='ltr'>et</span> <span class='ocrx_word' id='word_1_178' title='bbox 1203 2668 1351 2753; x_wconf 83' lang='lat' dir='ltr'>legitimo</span> <span class='ocrx_word' id='word_1_179' title='bbox 1381 2667 1492 2731; x_wconf 92' lang='lat' dir='ltr'>ordine</span> 
     </span>
     <span class='ocr_line' id='line_1_22' title="bbox 211 2773 1493 2860; baseline 0 -23"><span class='ocrx_word' id='word_1_180' title='bbox 211 2773 266 2859; x_wconf 84' lang='lat' dir='ltr'>agi</span> <span class='ocrx_word' id='word_1_181' title='bbox 290 2773 397 2857; x_wconf 88' lang='lat' dir='ltr'>coepti</span> <span class='ocrx_word' id='word_1_182' title='bbox 421 2779 506 2838; x_wconf 88' lang='lat' dir='ltr'>sunt.</span> <span class='ocrx_word' id='word_1_183' title='bbox 548 2775 711 2839; x_wconf 85' lang='lat' dir='ltr'>Eusebius</span> <span class='ocrx_word' id='word_1_184' title='bbox 734 2774 1032 2860; x_wconf 78' lang='lat' dir='ltr'>enim01.49,4³)</span> <span class='ocrx_word' id='word_1_185' title='bbox 1053 2807 1094 2828; x_wconf 95' lang='lat'>=</span> <span class='ocrx_word' id='word_1_186' title='bbox 1115 2777 1180 2841; x_wconf 75' lang='lat'>580</span> <span class='ocrx_word' id='word_1_187' title='bbox 1200 2799 1226 2839; x_wconf 90' lang='lat' dir='ltr'>a.</span> <span class='ocrx_word' id='word_1_188' title='bbox 1248 2773 1321 2839; x_wconf 79' lang='lat' dir='ltr'>Chr.</span> <span class='ocrx_word' id='word_1_189' title='bbox 1354 2773 1493 2838; x_wconf 90' lang='lat' dir='ltr'>Isthmia</span> 
     </span>
     <span class='ocr_line' id='line_1_23' title="bbox 210 2880 1491 2968; baseline 0 -23"><span class='ocrx_word' id='word_1_190' title='bbox 210 2881 351 2965; x_wconf 91' lang='lat' dir='ltr'>primum</span> <span class='ocrx_word' id='word_1_191' title='bbox 371 2887 445 2945; x_wconf 87' lang='lat' dir='ltr'>acta</span> <span class='ocrx_word' id='word_1_192' title='bbox 464 2903 533 2945; x_wconf 88' lang='lat' dir='ltr'>esse</span> <span class='ocrx_word' id='word_1_193' title='bbox 552 2881 652 2946; x_wconf 85' lang='lat' dir='ltr'>refert</span> <span class='ocrx_word' id='word_1_194' title='bbox 670 2887 746 2966; x_wconf 86' lang='lat' dir='ltr'>post</span> <span class='ocrx_word' id='word_1_195' title='bbox 764 2882 971 2968; x_wconf 87' lang='lat' dir='ltr'>Melicertem,</span> <span class='ocrx_word' id='word_1_196' title='bbox 990 2883 1081 2948; x_wconf 87' lang='lat' dir='ltr'>cuius</span> <span class='ocrx_word' id='word_1_197' title='bbox 1100 2882 1310 2946; x_wconf 91' lang='lat' dir='ltr'>inhonorem</span> <span class='ocrx_word' id='word_1_198' title='bbox 1329 2880 1491 2964; x_wconf 89' lang='lat' dir='ltr'>mythicos</span> 
     </span>
     <span class='ocr_line' id='line_1_24' title="bbox 211 2986 1493 3072; baseline 0 -21"><span class='ocrx_word' id='word_1_199' title='bbox 211 2986 387 3053; x_wconf 82' lang='lat' dir='ltr'>Isthmicos</span> <span class='ocrx_word' id='word_1_200' title='bbox 411 2987 505 3052; x_wconf 91' lang='lat' dir='ltr'>ludos</span> <span class='ocrx_word' id='word_1_201' title='bbox 529 2987 681 3053; x_wconf 86' lang='lat' dir='ltr'>funebres</span> <span class='ocrx_word' id='word_1_202' title='bbox 704 2989 808 3054; x_wconf 88' lang='lat' dir='ltr'>factos</span> <span class='ocrx_word' id='word_1_203' title='bbox 832 3013 902 3055; x_wconf 87' lang='lat' dir='ltr'>esse</span> <span class='ocrx_word' id='word_1_204' title='bbox 925 2990 1168 3071; x_wconf 87' lang='lat' dir='ltr'>fabulabantur,</span> <span class='ocrx_word' id='word_1_205' title='bbox 1200 2995 1233 3054; x_wconf 89' lang='lat' dir='ltr'>et</span> <span class='ocrx_word' id='word_1_206' title='bbox 1261 2992 1336 3072; x_wconf 86' lang='lat' dir='ltr'>post</span> <span class='ocrx_word' id='word_1_207' title='bbox 1363 2988 1493 3052; x_wconf 90' lang='lat' dir='ltr'>iustitu-</span> 
     </span>
     <span class='ocr_line' id='line_1_25' title="bbox 210 3093 1492 3183; baseline 0 -25"><span class='ocrx_word' id='word_1_208' title='bbox 210 3093 334 3159; x_wconf 89' lang='lat' dir='ltr'>tionem</span> <span class='ocrx_word' id='word_1_209' title='bbox 371 3094 571 3180; x_wconf 86' lang='lat' dir='ltr'>Pythiorum.</span> <span class='ocrx_word' id='word_1_210' title='bbox 631 3099 737 3181; x_wconf 74' lang='lat' dir='ltr'>Atque</span> <span class='ocrx_word' id='word_1_211' title='bbox 774 3098 855 3160; x_wconf 91' lang='lat' dir='ltr'>bene</span> <span class='ocrx_word' id='word_1_212' title='bbox 896 3097 1162 3183; x_wconf 84' lang='lat' dir='ltr'>chronographus</span> <span class='ocrx_word' id='word_1_213' title='bbox 1198 3094 1374 3161; x_wconf 89' lang='lat' dir='ltr'>Isthmicos</span> <span class='ocrx_word' id='word_1_214' title='bbox 1416 3100 1492 3179; x_wconf 90' lang='lat' dir='ltr'>post</span> 
     </span>
     <span class='ocr_line' id='line_1_26' title="bbox 209 3197 1491 3287; baseline 0.001 -22"><span class='ocrx_word' id='word_1_215' title='bbox 209 3197 346 3285; x_wconf 91' lang='lat' dir='ltr'>Pythios</span> <span class='ocrx_word' id='word_1_216' title='bbox 384 3201 555 3266; x_wconf 87' lang='lat' dir='ltr'>institutos</span> <span class='ocrx_word' id='word_1_217' title='bbox 593 3223 664 3266; x_wconf 88' lang='lat' dir='ltr'>esse</span> <span class='ocrx_word' id='word_1_218' title='bbox 696 3202 791 3286; x_wconf 90' lang='lat' dir='ltr'>dicit,</span> <span class='ocrx_word' id='word_1_219' title='bbox 832 3203 1091 3286; x_wconf 88' lang='lat' dir='ltr'>quandoquidem</span> <span class='ocrx_word' id='word_1_220' title='bbox 1129 3204 1178 3287; x_wconf 94' lang='lat' dir='ltr'>hi,</span> <span class='ocrx_word' id='word_1_221' title='bbox 1216 3225 1289 3268; x_wconf 92' lang='lat' dir='ltr'>cum</span> <span class='ocrx_word' id='word_1_222' title='bbox 1323 3202 1371 3268; x_wconf 87' lang='lat'>01.</span> <span class='ocrx_word' id='word_1_223' title='bbox 1396 3205 1491 3286; x_wconf 79' lang='grc'>47,2</span> 
     </span>
     <span class='ocr_line' id='line_1_27' title="bbox 211 3305 1491 3395; baseline 0.001 -23"><span class='ocrx_word' id='word_1_224' title='bbox 211 3305 328 3372; x_wconf 83' lang='lat' dir='ltr'>Cirrha</span> <span class='ocrx_word' id='word_1_225' title='bbox 359 3308 438 3372; x_wconf 91' lang='lat' dir='ltr'>urbe</span> <span class='ocrx_word' id='word_1_226' title='bbox 472 3314 567 3392; x_wconf 88' lang='lat' dir='ltr'>capta</span> <span class='ocrx_word' id='word_1_227' title='bbox 599 3308 740 3391; x_wconf 91' lang='lat' dir='ltr'>primum</span> <span class='ocrx_word' id='word_1_228' title='bbox 772 3311 921 3394; x_wconf 89' lang='lat' dir='ltr'>concepti</span> <span class='ocrx_word' id='word_1_229' title='bbox 953 3316 1074 3393; x_wconf 89' lang='lat' dir='ltr'>essent,</span> <span class='ocrx_word' id='word_1_230' title='bbox 1112 3310 1160 3375; x_wconf 89' lang='lat' dir='ltr'>Ol.</span> <span class='ocrx_word' id='word_1_231' title='bbox 1184 3313 1284 3395; x_wconf 80' lang='lat'>49,3</span> <span class='ocrx_word' id='word_1_232' title='bbox 1318 3310 1491 3375; x_wconf 88' lang='lat' dir='ltr'>sollemnes</span> 
     </span>
     <span class='ocr_line' id='line_1_28' title="bbox 211 3414 1492 3501; baseline 0.002 -23"><span class='ocrx_word' id='word_1_233' title='bbox 211 3414 291 3480; x_wconf 87' lang='lat' dir='ltr'>facti</span> <span class='ocrx_word' id='word_1_234' title='bbox 315 3420 401 3480; x_wconf 88' lang='lat' dir='ltr'>sunt.</span> <span class='ocrx_word' id='word_1_235' title='bbox 442 3415 519 3479; x_wconf 89' lang='lat' dir='ltr'>Nou</span> <span class='ocrx_word' id='word_1_236' title='bbox 546 3416 643 3500; x_wconf 91' lang='lat' dir='ltr'>longe</span> <span class='ocrx_word' id='word_1_237' title='bbox 671 3415 712 3479; x_wconf 93' lang='lat' dir='ltr'>ab</span> <span class='ocrx_word' id='word_1_238' title='bbox 740 3416 791 3480; x_wconf 90' lang='lat' dir='ltr'>his</span> <span class='ocrx_word' id='word_1_239' title='bbox 821 3416 913 3501; x_wconf 88' lang='lat' dir='ltr'>origo</span> <span class='ocrx_word' id='word_1_240' title='bbox 940 3417 1174 3482; x_wconf 87' lang='lat' dir='ltr'>Nemeaeorum</span> <span class='ocrx_word' id='word_1_241' title='bbox 1204 3417 1353 3481; x_wconf 92' lang='lat' dir='ltr'>ludorum</span> <span class='ocrx_word' id='word_1_242' title='bbox 1382 3418 1492 3500; x_wconf 88' lang='lat' dir='ltr'>distat,</span> 
     </span>
     <span class='ocr_line' id='line_1_29' title="bbox 213 3522 1492 3609; baseline 0.001 -24"><span class='ocrx_word' id='word_1_243' title='bbox 213 3543 294 3607; x_wconf 91' lang='lat' dir='ltr'>quos</span> <span class='ocrx_word' id='word_1_244' title='bbox 319 3545 392 3587; x_wconf 90' lang='lat' dir='ltr'>cum</span> <span class='ocrx_word' id='word_1_245' title='bbox 417 3522 550 3586; x_wconf 85' lang='lat' dir='ltr'>Eusebii</span> <span class='ocrx_word' id='word_1_246' title='bbox 575 3522 680 3586; x_wconf 86' lang='lat' dir='ltr'>versio</span> <span class='ocrx_word' id='word_1_247' title='bbox 703 3522 878 3588; x_wconf 87' lang='lat' dir='ltr'>Armenica</span> <span class='ocrx_word' id='word_1_248' title='bbox 897 3524 945 3588; x_wconf 91' lang='lat' dir='ltr'>Ol.</span> <span class='ocrx_word' id='word_1_249' title='bbox 965 3527 1016 3608; x_wconf 80' lang='lat'>51,</span> <span class='ocrx_word' id='word_1_250' title='bbox 1035 3527 1067 3609; x_wconf 83' lang='lat'>4,</span> <span class='ocrx_word' id='word_1_251' title='bbox 1088 3524 1307 3609; x_wconf 89' lang='lat' dir='ltr'>Hieronymus</span> <span class='ocrx_word' id='word_1_252' title='bbox 1331 3525 1492 3607; x_wconf 89' lang='lat' dir='ltr'>interpres</span> 
     </span>
     <span class='ocr_line' id='line_1_30' title="bbox 211 3627 1492 3716; baseline 0 -23"><span class='ocrx_word' id='word_1_253' title='bbox 211 3627 259 3693; x_wconf 87' lang='lat'>01.</span> <span class='ocrx_word' id='word_1_254' title='bbox 280 3632 336 3714; x_wconf 81' lang='lat'>52,</span> <span class='ocrx_word' id='word_1_255' title='bbox 358 3633 374 3695; x_wconf 90' lang='lat'>1</span> <span class='ocrx_word' id='word_1_256' title='bbox 400 3630 548 3694; x_wconf 89' lang='lat' dir='ltr'>conditos</span> <span class='ocrx_word' id='word_1_257' title='bbox 572 3652 642 3694; x_wconf 89' lang='lat' dir='ltr'>esse</span> <span class='ocrx_word' id='word_1_258' title='bbox 666 3630 872 3715; x_wconf 90' lang='lat' dir='ltr'>perhibeant,</span> <span class='ocrx_word' id='word_1_259' title='bbox 903 3631 1044 3716; x_wconf 89' lang='lat' dir='ltr'>priorem</span> <span class='ocrx_word' id='word_1_260' title='bbox 1071 3633 1273 3695; x_wconf 90' lang='lat' dir='ltr'>notationem</span> <span class='ocrx_word' id='word_1_261' title='bbox 1302 3654 1399 3695; x_wconf 90' lang='lat' dir='ltr'>unam</span> <span class='ocrx_word' id='word_1_262' title='bbox 1428 3652 1492 3694; x_wconf 92' lang='lat' dir='ltr'>am·</span> 
     </span>
     <span class='ocr_line' id='line_1_31' title="bbox 211 3735 1491 3822; baseline 0.002 -23"><span class='ocrx_word' id='word_1_263' title='bbox 211 3735 297 3820; x_wconf 82' lang='lat' dir='ltr'>plexi</span> <span class='ocrx_word' id='word_1_264' title='bbox 326 3759 452 3819; x_wconf 89' lang='lat' dir='ltr'>sumus,</span> <span class='ocrx_word' id='word_1_265' title='bbox 483 3737 636 3820; x_wconf 89' lang='lat' dir='ltr'>quoniam</span> <span class='ocrx_word' id='word_1_266' title='bbox 664 3737 812 3821; x_wconf 90' lang='lat' dir='ltr'>paribus,</span> <span class='ocrx_word' id='word_1_267' title='bbox 843 3760 909 3802; x_wconf 91' lang='lat' dir='ltr'>nou</span> <span class='ocrx_word' id='word_1_268' title='bbox 936 3738 1115 3822; x_wconf 88' lang='lat' dir='ltr'>imparibus</span> <span class='ocrx_word' id='word_1_269' title='bbox 1143 3738 1236 3802; x_wconf 87' lang='lat' dir='ltr'>annis</span> <span class='ocrx_word' id='word_1_270' title='bbox 1265 3737 1491 3821; x_wconf 85' lang='lat' dir='ltr'>Olympiadum</span> 
     </span>
     <span class='ocr_line' id='line_1_32' title="bbox 212 3841 1491 3930; baseline 0.001 -24"><span class='ocrx_word' id='word_1_271' title='bbox 212 3841 335 3907; x_wconf 90' lang='lat' dir='ltr'>Nemea</span> <span class='ocrx_word' id='word_1_272' title='bbox 358 3849 432 3909; x_wconf 85' lang='lat' dir='ltr'>acta</span> <span class='ocrx_word' id='word_1_273' title='bbox 459 3866 529 3908; x_wconf 91' lang='lat' dir='ltr'>esse</span> <span class='ocrx_word' id='word_1_274' title='bbox 560 3844 685 3909; x_wconf 89' lang='lat' dir='ltr'>affatim</span> <span class='ocrx_word' id='word_1_275' title='bbox 716 3850 852 3911; x_wconf 87' lang='lat' dir='ltr'>constat.</span> <span class='ocrx_word' id='word_1_276' title='bbox 893 3844 972 3908; x_wconf 84' lang='lat' dir='ltr'>Tres</span> <span class='ocrx_word' id='word_1_277' title='bbox 1000 3844 1101 3930; x_wconf 89' lang='lat' dir='ltr'>igitur</span> <span class='ocrx_word' id='word_1_278' title='bbox 1128 3845 1196 3909; x_wconf 92' lang='lat' dir='ltr'>ludi</span> <span class='ocrx_word' id='word_1_279' title='bbox 1225 3846 1322 3929; x_wconf 85' lang='lat' dir='ltr'>sacri,</span> <span class='ocrx_word' id='word_1_280' title='bbox 1355 3866 1491 3928; x_wconf 91' lang='lat' dir='ltr'>quorum</span> 
     </span>
    </p>
   </div>
   <div class='ocr_carea' id='block_1_5' title="bbox 211 3949 1493 4465">
    <p class='ocr_par' dir='ltr' id='par_1_5' title="bbox 211 3949 1493 4465">
     <span class='ocr_line' id='line_1_33' title="bbox 212 3949 1492 4037; baseline 0.002 -24"><span class='ocrx_word' id='word_1_281' title='bbox 212 3950 355 4036; x_wconf 84' lang='lat' dir='ltr'>dignitas</span> <span class='ocrx_word' id='word_1_282' title='bbox 375 3955 451 4034; x_wconf 91' lang='lat' dir='ltr'>post</span> <span class='ocrx_word' id='word_1_283' title='bbox 465 3949 653 4035; x_wconf 90' lang='lat' dir='ltr'>Olympicos</span> <span class='ocrx_word' id='word_1_284' title='bbox 674 3952 815 4016; x_wconf 88' lang='lat' dir='ltr'>maxima</span> <span class='ocrx_word' id='word_1_285' title='bbox 834 3957 912 4036; x_wconf 89' lang='lat' dir='ltr'>erat,</span> <span class='ocrx_word' id='word_1_286' title='bbox 931 3953 1044 4016; x_wconf 87' lang='lat' dir='ltr'>eodem</span> <span class='ocrx_word' id='word_1_287' title='bbox 1059 3952 1125 4017; x_wconf 89' lang='lat' dir='ltr'>fere</span> <span class='ocrx_word' id='word_1_288' title='bbox 1140 3957 1296 4037; x_wconf 89' lang='lat' dir='ltr'>tempore,</span> <span class='ocrx_word' id='word_1_289' title='bbox 1315 3950 1492 4015; x_wconf 86' lang='lat' dir='ltr'>Clisthenis</span> 
     </span>
     <span class='ocr_line' id='line_1_34' title="bbox 212 4057 1491 4143; baseline 0 -22"><span class='ocrx_word' id='word_1_290' title='bbox 212 4063 245 4122; x_wconf 89' lang='lat' dir='ltr'>et</span> <span class='ocrx_word' id='word_1_291' title='bbox 262 4057 440 4140; x_wconf 86' lang='lat' dir='ltr'>Periandri,</span> <span class='ocrx_word' id='word_1_292' title='bbox 464 4063 501 4121; x_wconf 93' lang='lat' dir='ltr'>ut</span> <span class='ocrx_word' id='word_1_293' title='bbox 520 4057 655 4143; x_wconf 84' lang='lat' dir='ltr'>videtur,</span> <span class='ocrx_word' id='word_1_294' title='bbox 676 4059 812 4124; x_wconf 89' lang='lat' dir='ltr'>consilio</span> <span class='ocrx_word' id='word_1_295' title='bbox 832 4064 865 4123; x_wconf 89' lang='lat' dir='ltr'>et</span> <span class='ocrx_word' id='word_1_296' title='bbox 885 4059 1079 4124; x_wconf 89' lang='lat' dir='ltr'>auctoritate</span> <span class='ocrx_word' id='word_1_297' title='bbox 1099 4059 1220 4123; x_wconf 90' lang='lat' dir='ltr'>conditi</span> <span class='ocrx_word' id='word_1_298' title='bbox 1240 4064 1325 4123; x_wconf 90' lang='lat' dir='ltr'>sunt.</span> <span class='ocrx_word' id='word_1_299' title='bbox 1362 4058 1491 4142; x_wconf 84' lang='lat' dir='ltr'>Rehqui</span> 
     </span>
     <span class='ocr_line' id='line_1_35' title="bbox 211 4165 1492 4250; baseline 0.001 -23"><span class='ocrx_word' id='word_1_300' title='bbox 211 4165 278 4229; x_wconf 89' lang='lat' dir='ltr'>ludi</span> <span class='ocrx_word' id='word_1_301' title='bbox 302 4188 367 4249; x_wconf 91' lang='lat' dir='ltr'>quo</span> <span class='ocrx_word' id='word_1_302' title='bbox 396 4186 480 4229; x_wconf 87' lang='lat' dir='ltr'>anno</span> <span class='ocrx_word' id='word_1_303' title='bbox 510 4165 627 4249; x_wconf 90' lang='lat' dir='ltr'>quique</span> <span class='ocrx_word' id='word_1_304' title='bbox 657 4166 798 4250; x_wconf 89' lang='lat' dir='ltr'>primum</span> <span class='ocrx_word' id='word_1_305' title='bbox 827 4167 892 4230; x_wconf 89' lang='lat' dir='ltr'>acti</span> <span class='ocrx_word' id='word_1_306' title='bbox 921 4167 1000 4244; x_wconf 89' lang='lat' dir='ltr'>sint,</span> <span class='ocrx_word' id='word_1_307' title='bbox 1032 4171 1133 4230; x_wconf 83' lang='lat' dir='ltr'>testes</span> <span class='ocrx_word' id='word_1_308' title='bbox 1166 4167 1283 4230; x_wconf 84' lang='lat' dir='ltr'>desunt</span> <span class='ocrx_word' id='word_1_309' title='bbox 1316 4188 1418 4249; x_wconf 87' lang='lat' dir='ltr'>neque</span> <span class='ocrx_word' id='word_1_310' title='bbox 1452 4166 1492 4229; x_wconf 90' lang='lat' dir='ltr'>ad</span> 
     </span>
     <span class='ocr_line' id='line_1_36' title="bbox 211 4270 1492 4356; baseline 0.002 -22"><span class='ocrx_word' id='word_1_311' title='bbox 211 4270 342 4336; x_wconf 89' lang='lat' dir='ltr'>Pindari</span> <span class='ocrx_word' id='word_1_312' title='bbox 375 4272 518 4336; x_wconf 89' lang='lat' dir='ltr'>carmina</span> <span class='ocrx_word' id='word_1_313' title='bbox 549 4273 795 4356; x_wconf 86' lang='lat' dir='ltr'>interpretanda·</span> <span class='ocrx_word' id='word_1_314' title='bbox 825 4274 964 4337; x_wconf 90' lang='lat' dir='ltr'>multum</span> <span class='ocrx_word' id='word_1_315' title='bbox 996 4296 1033 4337; x_wconf 89' lang='lat' dir='ltr'>ea</span> <span class='ocrx_word' id='word_1_316' title='bbox 1060 4296 1156 4337; x_wconf 86' lang='lat' dir='ltr'>nosse</span> <span class='ocrx_word' id='word_1_317' title='bbox 1189 4274 1297 4337; x_wconf 90' lang='lat' dir='ltr'>refert.</span> <span class='ocrx_word' id='word_1_318' title='bbox 1342 4272 1492 4356; x_wconf 91' lang='lat' dir='ltr'>Plerique</span> 
     </span>
     <span class='ocr_line' id='line_1_37' title="bbox 211 4378 1493 4465; baseline 0.002 -23"><span class='ocrx_word' id='word_1_319' title='bbox 211 4385 320 4443; x_wconf 87' lang='lat' dir='ltr'>autern</span> <span class='ocrx_word' id='word_1_320' title='bbox 337 4384 428 4443; x_wconf 86' lang='lat' dir='ltr'>sexto</span> <span class='ocrx_word' id='word_1_321' title='bbox 443 4379 572 4443; x_wconf 90' lang='lat' dir='ltr'>saeculo</span> <span class='ocrx_word' id='word_1_322' title='bbox 588 4404 615 4444; x_wconf 88' lang='lat' dir='ltr'>a.</span> <span class='ocrx_word' id='word_1_323' title='bbox 631 4378 704 4444; x_wconf 82' lang='lat' dir='ltr'>Chr.</span> <span class='ocrx_word' id='word_1_324' title='bbox 721 4380 863 4444; x_wconf 90' lang='lat' dir='ltr'>instituti</span> <span class='ocrx_word' id='word_1_325' title='bbox 880 4381 939 4464; x_wconf 89' lang='lat' dir='ltr'>vel,</span> <span class='ocrx_word' id='word_1_326' title='bbox 955 4386 992 4444; x_wconf 92' lang='lat' dir='ltr'>ut</span> <span class='ocrx_word' id='word_1_327' title='bbox 1010 4381 1192 4444; x_wconf 87' lang='lat' dir='ltr'>accuratius</span> <span class='ocrx_word' id='word_1_328' title='bbox 1206 4380 1330 4465; x_wconf 88' lang='lat' dir='ltr'>loquar,</span> <span class='ocrx_word' id='word_1_329' title='bbox 1349 4380 1493 4465; x_wconf 87' lang='lat' dir='ltr'>antiquis</span> 
     </span>
    </p>
   </div>
   <div class='ocr_carea' id='block_1_6' title="bbox 215 4608 1491 4876">
    <p class='ocr_par' dir='ltr' id='par_1_6' title="bbox 215 4608 1491 4876">
     <span class='ocr_line' id='line_1_38' title="bbox 305 4608 800 4675; baseline 0.008 -15"><span class='ocrx_word' id='word_1_330' title='bbox 305 4611 330 4675; x_wconf 80' lang='grc'>1)</span> <span class='ocrx_word' id='word_1_331' title='bbox 350 4608 384 4661; x_wconf 89' lang='lat' dir='ltr'>cf.</span> <span class='ocrx_word' id='word_1_332' title='bbox 404 4608 439 4662; x_wconf 94' lang='lat' dir='ltr'>N.</span> <span class='ocrx_word' id='word_1_333' title='bbox 455 4627 482 4660; x_wconf 86' lang='lat' dir='ltr'>rx</span> <span class='ocrx_word' id='word_1_334' title='bbox 498 4615 538 4662; x_wconf 90' lang='lat'>11.</span> <span class='ocrx_word' id='word_1_335' title='bbox 558 4627 575 4661; x_wconf 79' lang='lat' dir='ltr'>,r</span> <span class='ocrx_word' id='word_1_336' title='bbox 592 4614 633 4663; x_wconf 88' lang='grc'>23.</span> <span class='ocrx_word' id='word_1_337' title='bbox 659 4609 689 4662; x_wconf 88' lang='grc'>0.</span> <span class='ocrx_word' id='word_1_338' title='bbox 706 4616 800 4664; x_wconf 71' lang='lat' dir='ltr'>vasu.</span> 
     </span>
     <span class='ocr_line' id='line_1_39' title="bbox 304 4679 548 4746; baseline 0.004 -14"><span class='ocrx_word' id='word_1_339' title='bbox 304 4684 331 4743; x_wconf 75' lang='grc'>2)</span> <span class='ocrx_word' id='word_1_340' title='bbox 351 4679 431 4733; x_wconf 87' lang='lat' dir='ltr'>Paus.</span> <span class='ocrx_word' id='word_1_341' title='bbox 453 4698 469 4731; x_wconf 80' lang='lat' dir='ltr'><strong>v</strong></span> <span class='ocrx_word' id='word_1_342' title='bbox 484 4685 508 4746; x_wconf 83' lang='lat'>9,</span> <span class='ocrx_word' id='word_1_343' title='bbox 523 4686 548 4733; x_wconf 83' lang='lat'>3.</span> 
     </span>
     <span class='ocr_line' id='line_1_40' title="bbox 215 4750 1491 4876; baseline 0.004 -74"><span class='ocrx_word' id='word_1_344' title='bbox 215 4750 392 4876; x_wconf 49' lang='lat' dir='ltr'>Amleffpcaol.</span> <span class='ocrx_word' id='word_1_345' title='bbox 407 4757 486 4819; x_wconf 64' lang='lat' dir='ltr'>sal</span> <span class='ocrx_word' id='word_1_346' title='bbox 510 4750 624 4805; x_wconf 83' lang='lat' dir='ltr'>exhibet</span> <span class='ocrx_word' id='word_1_347' title='bbox 646 4752 809 4821; x_wconf 86' lang='lat' dir='ltr'>Hieronymi</span> <span class='ocrx_word' id='word_1_348' title='bbox 833 4753 936 4822; x_wconf 82' lang='lat' dir='ltr'>versio,</span> <span class='ocrx_word' id='word_1_349' title='bbox 966 4754 1008 4807; x_wconf 81' lang='lat' dir='ltr'>ol.</span> <span class='ocrx_word' id='word_1_350' title='bbox 1025 4761 1101 4823; x_wconf 86' lang='lat'>50,1</span> <span class='ocrx_word' id='word_1_351' title='bbox 1130 4753 1222 4806; x_wconf 85' lang='lat' dir='ltr'>minus</span> <span class='ocrx_word' id='word_1_352' title='bbox 1246 4757 1377 4806; x_wconf 84' lang='lat' dir='ltr'>accurate</span> <span class='ocrx_word' id='word_1_353' title='bbox 1400 4753 1491 4807; x_wconf 78' lang='lat' dir='ltr'>versio</span> 
     </span>
    </p>
   </div>
   <div class='ocr_carea' id='block_1_7' title="bbox 267 4922 1279 4968">
    <p class='ocr_par' dir='ltr' id='par_1_7' title="bbox 267 4922 1279 4968">
     <span class='ocr_line' id='line_1_41' title="bbox 267 4922 1279 4968; baseline 0.006 -6"><span class='ocrx_word' id='word_1_354' title='bbox 267 4923 391 4964; x_wconf 71' lang='lat' dir='ltr'>Pisanus</span> <span class='ocrx_word' id='word_1_355' title='bbox 406 4922 440 4962; x_wconf 77' lang='lat' dir='ltr'>ed.</span> <span class='ocrx_word' id='word_1_356' title='bbox 455 4922 560 4963; x_wconf 71' lang='lat' dir='ltr'>Christ.</span> <span class='ocrx_word' id='word_1_357' title='bbox 1264 4930 1279 4968; x_wconf 81' lang='lat' dir='ltr'>e</span> 
     </span>
    </p>
   </div>
   <div class='ocr_carea' id='block_1_8' title="bbox 0 0 1711 5378">
    <p class='ocr_par' dir='ltr' id='par_1_8' title="bbox 0 0 1711 5378">
     <span class='ocr_line' id='line_1_42' title="bbox 0 0 1711 5378; baseline 0 0"><span class='ocrx_word' id='word_1_358' title='bbox 0 0 1711 5378; x_wconf 95' lang='lat' dir='ltr'> </span> 
     </span>
    </p>
   </div>
  </div>
 </body>
</html>
