3406 5378
686 1250 841 1303 ΠΤΘΙΟΝ.
861 1250 893 1304 l'.

402 1415 778 1499 ΙΠΠΟΚΛΕΑ,
827 1414 1169 1499 eumenia

585 1610 687 1660 ΠΑΙΔΙ
706 1608 991 1661 ΔΙΑΤΛΟΔΡΟΜΩι.

700 1892 876 1963 strophae.

665 3339 905 3420 Argumentum.

237 3469 417 3545 Hippocleas
445 3468 581 3528 Phriciae
610 3468 689 3526 filius
713 3459 755 3549 (v.
776 3460 824 3548 16)
848 3468 1027 3527 Pelinnaeus
1054 3468 1202 3543 Pythiade
1227 3472 1266 3527 22
1292 3495 1334 3516 =
1359 3472 1423 3530 502

149 3551 244 3640 (498)
267 3578 293 3617 a.
312 3557 378 3616 Chr.
399 3577 474 3634 puer
497 3558 599 3616 diaulo
624 3557 747 3632 Delphis
770 3556 850 3616 vicit.
888 3557 1024 3616 Eundem
1047 3576 1107 3616 non
1131 3558 1228 3618 solum
1250 3562 1355 3635 postea
1377 3558 1423 3617 bis

149 3647 299 3725 Olympia,
322 3647 373 3706 scd
392 3646 484 3705 etiarn
503 3647 606 3706 eadem
625 3645 771 3721 Pythiade
791 3646 887 3705 stadio
906 3646 1012 3705 vicisse
1032 3646 1145 3706 scholia
1163 3647 1296 3720 tradunt,
1315 3647 1424 3724 quibus

149 3737 180 3796 in
203 3736 260 3796 tali
282 3757 313 3795 re
338 3736 462 3812 obloqui
485 3736 606 3795 difficile
629 3740 686 3813 est,
716 3735 853 3811 quamvis
881 3735 1041 3795 admodum
1064 3736 1174 3796 mirum
1197 3736 1237 3795 sit
1260 3736 1423 3796 Pindarum

150 3826 278 3903 duplicis
292 3825 444 3902 uictoriae⁷
464 3845 525 3901 qua
544 3825 671 3903 gloriam
685 3824 808 3883 victoris
825 3843 885 3883 nou
904 3825 1092 3884 mediocriter
1110 3829 1229 3884 auctam
1249 3844 1311 3885 esse
1330 3830 1423 3904 patet,

149 3915 329 3975 mentionem
361 3935 421 3974 non
450 3914 562 3974 fecisse.
608 3915 713 3991 Neque
742 3914 873 3972 multum
904 3913 1042 3990 equidem
1071 3914 1172 3973 tribuo
1202 3915 1345 3973 Boeckbii
1375 3934 1422 3974 ex·

148 4004 309 4081 cusationi,
333 4004 384 4080 qui
409 4003 571 4063 scholiasta
599 4004 673 4062 duce
701 4004 802 4078 plures
824 4005 928 4078 poetas
953 4002 990 4061 ad
1014 4003 1222 4064 celebrandum
1245 4003 1422 4080 Hippoclem

146 4094 290 4154 invitatos
314 4096 345 4151 et
364 4093 492 4151 Pindaro
516 4093 609 4151 solius
628 4093 729 4151 diaulo
748 4092 891 4151 victoriae
911 4092 1107 4151 illustrandae
1126 4110 1235 4152 munus
1254 4092 1421 4152 iniunctum

148 4202 210 4243 ease
228 4182 343 4241 statuit.
377 4182 471 4240 Immo
488 4181 600 4240 maiore
618 4181 706 4240 laudo
723 4180 851 4257 duplicis
868 4200 973 4241 cursus
990 4180 1207 4259 διαυλοδρόμου
1224 4174 1266 4261 (v.
1282 4174 1314 4261 9)
1328 4181 1423 4241 mino·

148 4291 210 4332 reru
229 4272 347 4330 laudern
370 4270 513 4330 victoriae
536 4270 679 4347 simplicis
703 4270 793 4329 stadii
817 4271 964 4329 elevatam
987 4274 1018 4330 et
1037 4270 1124 4347 quasi
1147 4271 1337 4330 obscuratam
1360 4290 1422 4330 esse.

147 4361 328 4421 crediderim.
367 4359 467 4429 Quid?
491 4359 571 4436 quod
594 4360 742 4419 Pindarus
761 4359 824 4436 ipsc
842 4379 889 4419 vv.
905 4371 938 4417 26
958 4362 989 4419 et
1008 4370 1040 4418 58
1059 4359 1171 4436 plurali
1190 4359 1343 4436 στεφάνων
1362 4380 1420 4419 non

147 4469 248 4527 unam,
267 4450 318 4509 sed
336 4450 437 4525 plures
457 4448 598 4508 victorias
616 4449 758 4525 Pythicas
777 4449 918 4525 Hippocli
933 4448 1075 4526 obtigisse
1090 4448 1278 4528 significavit.
1295 4482 1336 4490 —
1352 4448 1421 4508 (lar-

147 4559 215 4598 men
229 4538 398 4598 faciendum
412 4543 519 4615 pactus
533 4542 598 4597 erat
613 4539 740 4615 Thorax,
755 4538 807 4614 qui
822 4543 928 4613 poetae
942 4537 1049 4613 hospes
1064 4542 1129 4597 erat
1143 4530 1185 4620 (v.
1200 4531 1249 4619 el)
1264 4541 1294 4597 et
1308 4538 1422 4614 Hippo·

146 4629 222 4688 clem
244 4648 371 4704 puerum
394 4628 425 4687 in
449 4628 557 4688 diliciis
580 4627 717 4687 habebat.
754 4626 784 4687 Is
812 4627 873 4685 fuit
895 4646 972 4685 uuus
995 4647 1030 4686 ex
1053 4627 1150 4686 tribus
1173 4627 1316 4686 fratribus
1337 4627 1420 4686 nobi·

146 4717 277 4777 lissimao
296 4717 395 4795 gentis
414 4717 626 4794 Aleuadarum,
646 4718 699 4794 qui
718 4720 783 4775 tum
802 4716 945 4794 temporis
964 4716 1099 4775 Larissae
1119 4716 1187 4776 urbi
1206 4716 1421 4792 imperitabant

148 4798 189 4885 (v.
208 4806 316 4865 Herod.
340 4824 371 4863 rx
396 4802 453 4873 ὁδ’),
496 4806 632 4864 Larissae
660 4826 779 4882 quoque
808 4807 846 4863 ad
874 4807 1005 4865 Peneum
1033 4806 1143 4865 llumcn
1168 4797 1209 4886 (v.
1230 4800 1277 4865 obl
1301 4824 1419 4864 carmen
