<?xml version="1.0" encoding="UTF-8"?>
<!DOCTYPE html PUBLIC "-//W3C//DTD XHTML 1.0 Transitional//EN"
    "http://www.w3.org/TR/xhtml1/DTD/xhtml1-transitional.dtd">
<html xmlns="http://www.w3.org/1999/xhtml" xml:lang="en" lang="en">
 <head>
  <title>
</title>
<meta http-equiv="Content-Type" content="text/html;charset=utf-8" />
  <meta name='ocr-system' content='tesseract 3.04.00' />
  <meta name='ocr-capabilities' content='ocr_page ocr_carea ocr_par ocr_line ocrx_word'/>
</head>
<body>
  <div class='ocr_page' id='page_1' title='image "./pindaricarminap00pindgoog_0071.png"; bbox 0 0 3406 5378; ppageno 0'>
   <div class='ocr_carea' id='block_1_1' title="bbox 334 378 1113 437">
    <p class='ocr_par' dir='ltr' id='par_1_1' title="bbox 334 378 1113 437">
     <span class='ocr_line' id='line_1_1' title="bbox 334 378 1113 437; baseline 0.005 -4"><span class='ocrx_word' id='word_1_1' title='bbox 334 378 448 434; x_wconf 83' lang='lat' dir='ltr'>XLVIII</span> <span class='ocrx_word' id='word_1_2' title='bbox 835 383 1113 437; x_wconf 76' lang='lat' dir='ltr'>Paonauouaul.</span> 
     </span>
    </p>
   </div>
   <div class='ocr_carea' id='block_1_2' title="bbox 335 544 1617 846">
    <p class='ocr_par' dir='ltr' id='par_1_2' title="bbox 335 544 1617 846">
     <span class='ocr_line' id='line_1_2' title="bbox 335 544 1617 632; baseline 0.002 -24"><span class='ocrx_word' id='word_1_3' title='bbox 335 544 468 628; x_wconf 90' lang='lat' dir='ltr'>oedicis,</span> <span class='ocrx_word' id='word_1_4' title='bbox 492 544 651 630; x_wconf 85' lang='lat' dir='ltr'>siquidem</span> <span class='ocrx_word' id='word_1_5' title='bbox 675 544 704 608; x_wconf 90' lang='lat' dir='ltr'>ei</span> <span class='ocrx_word' id='word_1_6' title='bbox 728 566 871 632; x_wconf 89' lang='lat' dir='ltr'>quoqne,</span> <span class='ocrx_word' id='word_1_7' title='bbox 893 545 971 611; x_wconf 90' lang='lat' dir='ltr'>licet</span> <span class='ocrx_word' id='word_1_8' title='bbox 993 568 1058 610; x_wconf 92' lang='lat' dir='ltr'>non</span> <span class='ocrx_word' id='word_1_9' title='bbox 1082 547 1122 609; x_wconf 90' lang='lat' dir='ltr'>ab</span> <span class='ocrx_word' id='word_1_10' title='bbox 1145 545 1386 631; x_wconf 77' lang='lat' dir='ltr'>inventoribus,</span> <span class='ocrx_word' id='word_1_11' title='bbox 1409 551 1443 610; x_wconf 91' lang='lat' dir='ltr'>at</span> <span class='ocrx_word' id='word_1_12' title='bbox 1466 551 1575 611; x_wconf 91' lang='lat' dir='ltr'>tamen</span> <span class='ocrx_word' id='word_1_13' title='bbox 1597 571 1617 611; x_wconf 91' lang='lat' dir='ltr'>a</span> 
     </span>
     <span class='ocr_line' id='line_1_3' title="bbox 335 650 1616 738; baseline 0.003 -24"><span class='ocrx_word' id='word_1_14' title='bbox 335 650 475 716; x_wconf 82' lang='lat' dir='ltr'>Pindaro</span> <span class='ocrx_word' id='word_1_15' title='bbox 503 653 673 737; x_wconf 80' lang='lat' dir='ltr'>postisque</span> <span class='ocrx_word' id='word_1_16' title='bbox 700 653 835 717; x_wconf 80' lang='lat' dir='ltr'>scenicis</span> <span class='ocrx_word' id='word_1_17' title='bbox 858 653 893 716; x_wconf 91' lang='lat' dir='ltr'>in</span> <span class='ocrx_word' id='word_1_18' title='bbox 917 653 1063 738; x_wconf 88' lang='lat' dir='ltr'>dipodias</span> <span class='ocrx_word' id='word_1_19' title='bbox 1088 652 1322 718; x_wconf 85' lang='lat' dir='ltr'>dividebantur.</span> <span class='ocrx_word' id='word_1_20' title='bbox 1369 653 1483 737; x_wconf 88' lang='lat' dir='ltr'>Itaque</span> <span class='ocrx_word' id='word_1_21' title='bbox 1506 654 1541 717; x_wconf 92' lang='lat' dir='ltr'>in</span> <span class='ocrx_word' id='word_1_22' title='bbox 1564 653 1616 718; x_wconf 92' lang='lat' dir='ltr'>his</span> 
     </span>
     <span class='ocr_line' id='line_1_4' title="bbox 337 759 1573 846; baseline 0.002 -24"><span class='ocrx_word' id='word_1_23' title='bbox 337 780 464 843; x_wconf 89' lang='lat' dir='ltr'>quoqne</span> <span class='ocrx_word' id='word_1_24' title='bbox 488 759 625 823; x_wconf 89' lang='lat' dir='ltr'>duorum</span> <span class='ocrx_word' id='word_1_25' title='bbox 648 760 767 844; x_wconf 88' lang='lat' dir='ltr'>pedam</span> <span class='ocrx_word' id='word_1_26' title='bbox 789 760 875 824; x_wconf 90' lang='lat' dir='ltr'>ictus</span> <span class='ocrx_word' id='word_1_27' title='bbox 898 760 961 824; x_wconf 92' lang='lat' dir='ltr'>hoc</span> <span class='ocrx_word' id='word_1_28' title='bbox 983 759 1080 824; x_wconf 88' lang='lat' dir='ltr'>modo</span> <span class='ocrx_word' id='word_1_29' title='bbox 1103 759 1350 846; x_wconf 84' lang='lat' dir='ltr'>distinguendos</span> <span class='ocrx_word' id='word_1_30' title='bbox 1375 761 1573 825; x_wconf 79' lang='lat' dir='ltr'>curavimus:</span> 
     </span>
    </p>
   </div>
   <div class='ocr_carea' id='block_1_3' title="bbox 771 885 1179 954">
    <p class='ocr_par' dir='ltr' id='par_1_3' title="bbox 771 885 1179 954">
     <span class='ocr_line' id='line_1_5' title="bbox 771 885 1179 954; baseline -0.01 -2"><span class='ocrx_word' id='word_1_31' title='bbox 771 885 991 952; x_wconf 56' lang='lat' dir='ltr'>Aooaovel</span> <span class='ocrx_word' id='word_1_32' title='bbox 1020 928 1179 954; x_wconf 65' lang='grc' dir='ltr'><strong>;υυ,υ.</strong></span> 
     </span>
    </p>
   </div>
   <div class='ocr_carea' id='block_1_4' title="bbox 335 1008 1617 1204">
    <p class='ocr_par' dir='ltr' id='par_1_4' title="bbox 335 1008 1617 1204">
     <span class='ocr_line' id='line_1_6' title="bbox 335 1008 1617 1097; baseline 0.001 -24"><span class='ocrx_word' id='word_1_33' title='bbox 335 1008 471 1092; x_wconf 82' lang='lat' dir='ltr'>Epitriti</span> <span class='ocrx_word' id='word_1_34' title='bbox 495 1030 571 1073; x_wconf 89' lang='lat' dir='ltr'>vero</span> <span class='ocrx_word' id='word_1_35' title='bbox 600 1015 633 1073; x_wconf 91' lang='lat' dir='ltr'>et</span> <span class='ocrx_word' id='word_1_36' title='bbox 654 1009 834 1074; x_wconf 78' lang='lat' dir='ltr'>choriambi</span> <span class='ocrx_word' id='word_1_37' title='bbox 853 1010 967 1095; x_wconf 88' lang='lat' dir='ltr'>procul</span> <span class='ocrx_word' id='word_1_38' title='bbox 995 1011 1094 1076; x_wconf 91' lang='lat' dir='ltr'>dubio</span> <span class='ocrx_word' id='word_1_39' title='bbox 1118 1033 1182 1076; x_wconf 86' lang='lat' dir='ltr'>uno</span> <span class='ocrx_word' id='word_1_40' title='bbox 1207 1013 1274 1077; x_wconf 88' lang='lat' dir='ltr'>ictu</span> <span class='ocrx_word' id='word_1_41' title='bbox 1298 1012 1452 1097; x_wconf 89' lang='lat' dir='ltr'>primario</span> <span class='ocrx_word' id='word_1_42' title='bbox 1476 1011 1525 1074; x_wconf 92' lang='lat' dir='ltr'>ita</span> <span class='ocrx_word' id='word_1_43' title='bbox 1547 1034 1617 1095; x_wconf 89' lang='lat' dir='ltr'>per-</span> 
     </span>
     <span class='ocr_line' id='line_1_7' title="bbox 337 1115 1475 1204; baseline 0.003 -25"><span class='ocrx_word' id='word_1_44' title='bbox 337 1115 480 1180; x_wconf 90' lang='lat' dir='ltr'>cutiendi</span> <span class='ocrx_word' id='word_1_45' title='bbox 503 1121 593 1202; x_wconf 91' lang='lat' dir='ltr'>sunt,</span> <span class='ocrx_word' id='word_1_46' title='bbox 616 1121 653 1180; x_wconf 90' lang='lat' dir='ltr'>ut</span> <span class='ocrx_word' id='word_1_47' title='bbox 676 1117 758 1181; x_wconf 91' lang='lat' dir='ltr'>alter</span> <span class='ocrx_word' id='word_1_48' title='bbox 780 1140 837 1202; x_wconf 87' lang='lat' dir='ltr'>pes</span> <span class='ocrx_word' id='word_1_49' title='bbox 861 1117 958 1203; x_wconf 88' lang='lat' dir='ltr'>arsis,</span> <span class='ocrx_word' id='word_1_50' title='bbox 980 1119 1082 1183; x_wconf 89' lang='lat' dir='ltr'>thesis</span> <span class='ocrx_word' id='word_1_51' title='bbox 1107 1119 1189 1183; x_wconf 89' lang='lat' dir='ltr'>alter</span> <span class='ocrx_word' id='word_1_52' title='bbox 1211 1124 1321 1204; x_wconf 88' lang='lat' dir='ltr'>partes</span> <span class='ocrx_word' id='word_1_53' title='bbox 1344 1124 1475 1184; x_wconf 89' lang='lat' dir='ltr'>tueatur</span> 
     </span>
    </p>
   </div>
   <div class='ocr_carea' id='block_1_5' title="bbox 576 1242 1374 1312">
    <p class='ocr_par' dir='ltr' id='par_1_5' title="bbox 576 1242 1374 1312">
     <span class='ocr_line' id='line_1_8' title="bbox 576 1242 1374 1312; baseline 0.005 -3"><span class='ocrx_word' id='word_1_54' title='bbox 576 1242 921 1311; x_wconf 49' lang='lat' dir='ltr'>Limuvelau--</span> <span class='ocrx_word' id='word_1_55' title='bbox 1011 1244 1374 1312; x_wconf 56' lang='lat' dir='ltr'>ssvaVelauvL·</span> 
     </span>
    </p>
   </div>
   <div class='ocr_carea' id='block_1_6' title="bbox 335 1365 1619 2860">
    <p class='ocr_par' dir='ltr' id='par_1_6' title="bbox 336 1365 1617 1884">
     <span class='ocr_line' id='line_1_9' title="bbox 342 1365 1616 1453; baseline 0.002 -24"><span class='ocrx_word' id='word_1_56' title='bbox 342 1365 541 1452; x_wconf 81' lang='lat' dir='ltr'>Rhythmica</span> <span class='ocrx_word' id='word_1_57' title='bbox 567 1367 671 1453; x_wconf 80' lang='lat' dir='ltr'>igitur</span> <span class='ocrx_word' id='word_1_58' title='bbox 697 1368 824 1433; x_wconf 89' lang='lat' dir='ltr'>notatio</span> <span class='ocrx_word' id='word_1_59' title='bbox 853 1390 964 1432; x_wconf 90' lang='lat' dir='ltr'>eorum</span> <span class='ocrx_word' id='word_1_60' title='bbox 993 1390 1159 1452; x_wconf 85' lang='lat' dir='ltr'>versuum,</span> <span class='ocrx_word' id='word_1_61' title='bbox 1191 1369 1246 1453; x_wconf 89' lang='lat' dir='ltr'>qui</span> <span class='ocrx_word' id='word_1_62' title='bbox 1279 1391 1317 1432; x_wconf 86' lang='lat' dir='ltr'>ex</span> <span class='ocrx_word' id='word_1_63' title='bbox 1350 1369 1429 1433; x_wconf 88' lang='lat' dir='ltr'>colis</span> <span class='ocrx_word' id='word_1_64' title='bbox 1457 1368 1616 1452; x_wconf 89' lang='lat' dir='ltr'>dipodicis</span> 
     </span>
     <span class='ocr_line' id='line_1_10' title="bbox 337 1474 1615 1559; baseline 0.001 -22"><span class='ocrx_word' id='word_1_65' title='bbox 337 1474 416 1538; x_wconf 90' lang='lat' dir='ltr'>solis</span> <span class='ocrx_word' id='word_1_66' title='bbox 440 1479 606 1559; x_wconf 91' lang='lat' dir='ltr'>constant,</span> <span class='ocrx_word' id='word_1_67' title='bbox 628 1476 694 1539; x_wconf 88' lang='lat' dir='ltr'>fere</span> <span class='ocrx_word' id='word_1_68' title='bbox 718 1475 840 1539; x_wconf 92' lang='lat' dir='ltr'>nullam</span> <span class='ocrx_word' id='word_1_69' title='bbox 863 1477 998 1558; x_wconf 76' lang='lat' dir='ltr'>praebet</span> <span class='ocrx_word' id='word_1_70' title='bbox 1017 1474 1258 1559; x_wconf 85' lang='lat' dir='ltr'>difficultatem,</span> <span class='ocrx_word' id='word_1_71' title='bbox 1280 1474 1344 1539; x_wconf 91' lang='lat' dir='ltr'>nisi</span> <span class='ocrx_word' id='word_1_72' title='bbox 1363 1475 1450 1558; x_wconf 93' lang='lat' dir='ltr'>quod</span> <span class='ocrx_word' id='word_1_73' title='bbox 1467 1481 1540 1538; x_wconf 88' lang='lat' dir='ltr'>uter</span> <span class='ocrx_word' id='word_1_74' title='bbox 1558 1497 1615 1559; x_wconf 90' lang='lat' dir='ltr'>pes</span> 
     </span>
     <span class='ocr_line' id='line_1_11' title="bbox 336 1579 1617 1666; baseline 0.002 -23"><span class='ocrx_word' id='word_1_75' title='bbox 336 1580 498 1664; x_wconf 88' lang='lat' dir='ltr'>dipodiae,</span> <span class='ocrx_word' id='word_1_76' title='bbox 525 1579 656 1665; x_wconf 90' lang='lat' dir='ltr'>priorne</span> <span class='ocrx_word' id='word_1_77' title='bbox 684 1603 725 1644; x_wconf 92' lang='lat' dir='ltr'>an</span> <span class='ocrx_word' id='word_1_78' title='bbox 752 1581 915 1665; x_wconf 73' lang='lat' dir='ltr'>posterior</span> <span class='ocrx_word' id='word_1_79' title='bbox 942 1581 1091 1666; x_wconf 84' lang='lat' dir='ltr'>graviore</span> <span class='ocrx_word' id='word_1_80' title='bbox 1119 1581 1187 1646; x_wconf 89' lang='lat' dir='ltr'>ictu</span> <span class='ocrx_word' id='word_1_81' title='bbox 1209 1582 1410 1666; x_wconf 75' lang='lat' dir='ltr'>percutiatur</span> <span class='ocrx_word' id='word_1_82' title='bbox 1433 1603 1499 1646; x_wconf 90' lang='lat' dir='ltr'>non</span> <span class='ocrx_word' id='word_1_83' title='bbox 1521 1583 1617 1666; x_wconf 91' lang='lat' dir='ltr'>plane</span> 
     </span>
     <span class='ocr_line' id='line_1_12' title="bbox 338 1691 468 1751; baseline 0 -1"><span class='ocrx_word' id='word_1_84' title='bbox 338 1691 468 1751; x_wconf 87' lang='lat' dir='ltr'>constat</span> 
     </span>
     <span class='ocr_line' id='line_1_13' title="bbox 585 1795 1461 1884; baseline -0.001 -21"><span class='ocrx_word' id='word_1_85' title='bbox 585 1821 710 1863; x_wconf 46' lang='lat' dir='ltr'>oica</span> <span class='ocrx_word' id='word_1_86' title='bbox 738 1817 780 1858; x_wconf 90' lang='lat' dir='ltr'>an</span> <span class='ocrx_word' id='word_1_87' title='bbox 806 1822 931 1863; x_wconf 50' lang='lat' dir='ltr'>oses</span> <span class='ocrx_word' id='word_1_88' title='bbox 1022 1816 1145 1863; x_wconf 57' lang='lat' dir='ltr'>‚zoor-</span> <span class='ocrx_word' id='word_1_89' title='bbox 1174 1818 1217 1858; x_wconf 92' lang='lat' dir='ltr'>an</span> <span class='ocrx_word' id='word_1_90' title='bbox 1244 1795 1369 1863; x_wconf 39' lang='lat' dir='ltr'>ruod.</span> <span class='ocrx_word' id='word_1_91' title='bbox 1459 1880 1461 1884; x_wconf 23' lang='grc' dir='ltr'>Ι</span> 
     </span>
    </p>

    <p class='ocr_par' dir='ltr' id='par_1_7' title="bbox 335 1919 1619 2860">
     <span class='ocr_line' id='line_1_14' title="bbox 337 1919 1618 2004; baseline -0.001 -21"><span class='ocrx_word' id='word_1_92' title='bbox 337 1924 370 1983; x_wconf 88' lang='lat' dir='ltr'>ct</span> <span class='ocrx_word' id='word_1_93' title='bbox 398 1919 483 2002; x_wconf 91' lang='lat' dir='ltr'>quod</span> <span class='ocrx_word' id='word_1_94' title='bbox 511 1942 531 1983; x_wconf 90' lang='lat' dir='ltr'>a</span> <span class='ocrx_word' id='word_1_95' title='bbox 557 1919 721 1983; x_wconf 84' lang='lat' dir='ltr'>veteribus</span> <span class='ocrx_word' id='word_1_96' title='bbox 751 1920 971 2004; x_wconf 82' lang='lat' dir='ltr'>grammaticis</span> <span class='ocrx_word' id='word_1_97' title='bbox 999 1919 1084 1983; x_wconf 90' lang='lat' dir='ltr'>inter</span> <span class='ocrx_word' id='word_1_98' title='bbox 1114 1919 1261 2004; x_wconf 89' lang='lat' dir='ltr'>dipodias</span> <span class='ocrx_word' id='word_1_99' title='bbox 1289 1921 1388 1984; x_wconf 88' lang='lat' dir='ltr'>etiam</span> <span class='ocrx_word' id='word_1_100' title='bbox 1417 1920 1618 2003; x_wconf 86' lang='lat' dir='ltr'>antispastus</span> 
     </span>
     <span class='ocr_line' id='line_1_15' title="bbox 336 2023 1617 2113; baseline -0.004 -19"><span class='ocrx_word' id='word_1_101' title='bbox 336 2023 368 2113; x_wconf 67' lang='lat' dir='ltr'>(e</span> <span class='ocrx_word' id='word_1_102' title='bbox 387 2086 403 2093; x_wconf 90' lang='lat'>-</span> <span class='ocrx_word' id='word_1_103' title='bbox 424 2087 439 2094; x_wconf 93' lang='lat'>-</span> <span class='ocrx_word' id='word_1_104' title='bbox 457 2023 490 2111; x_wconf 69' lang='lat' dir='ltr'>o)</span> <span class='ocrx_word' id='word_1_105' title='bbox 513 2025 634 2089; x_wconf 88' lang='lat' dir='ltr'>relatus</span> <span class='ocrx_word' id='word_1_106' title='bbox 659 2031 718 2090; x_wconf 90' lang='lat' dir='ltr'>est.</span> <span class='ocrx_word' id='word_1_107' title='bbox 761 2028 867 2109; x_wconf 82' lang='lat' dir='ltr'>Atque</span> <span class='ocrx_word' id='word_1_108' title='bbox 890 2027 1033 2111; x_wconf 90' lang='lat' dir='ltr'>priorem</span> <span class='ocrx_word' id='word_1_109' title='bbox 1057 2026 1294 2111; x_wconf 88' lang='lat' dir='ltr'>quaestionem,</span> <span class='ocrx_word' id='word_1_110' title='bbox 1316 2031 1353 2090; x_wconf 90' lang='lat' dir='ltr'>ut</span> <span class='ocrx_word' id='word_1_111' title='bbox 1377 2048 1458 2110; x_wconf 92' lang='lat' dir='ltr'>quae</span> <span class='ocrx_word' id='word_1_112' title='bbox 1477 2027 1617 2090; x_wconf 84' lang='lat' dir='ltr'>maxime</span> 
     </span>
     <span class='ocr_line' id='line_1_16' title="bbox 336 2132 1616 2218; baseline 0 -21"><span class='ocrx_word' id='word_1_113' title='bbox 336 2134 377 2197; x_wconf 91' lang='lat' dir='ltr'>ad</span> <span class='ocrx_word' id='word_1_114' title='bbox 395 2132 638 2218; x_wconf 88' lang='lat' dir='ltr'>percussionem</span> <span class='ocrx_word' id='word_1_115' title='bbox 655 2132 787 2197; x_wconf 88' lang='lat' dir='ltr'>iambici</span> <span class='ocrx_word' id='word_1_116' title='bbox 807 2133 925 2197; x_wconf 89' lang='lat' dir='ltr'>senarii</span> <span class='ocrx_word' id='word_1_117' title='bbox 944 2134 1119 2217; x_wconf 86' lang='lat' dir='ltr'>pertineat,</span> <span class='ocrx_word' id='word_1_118' title='bbox 1137 2133 1199 2198; x_wconf 91' lang='lat' dir='ltr'>hoc</span> <span class='ocrx_word' id='word_1_119' title='bbox 1218 2133 1289 2198; x_wconf 92' lang='lat' dir='ltr'>loco</span> <span class='ocrx_word' id='word_1_120' title='bbox 1305 2133 1437 2198; x_wconf 90' lang='lat' dir='ltr'>missam</span> <span class='ocrx_word' id='word_1_121' title='bbox 1451 2134 1616 2199; x_wconf 87' lang='lat' dir='ltr'>faciamus.</span> 
     </span>
     <span class='ocr_line' id='line_1_17' title="bbox 340 2239 1617 2324; baseline 0 -20"><span class='ocrx_word' id='word_1_122' title='bbox 340 2239 567 2324; x_wconf 65' lang='lat' dir='ltr'>antispastum</span> <span class='ocrx_word' id='word_1_123' title='bbox 585 2262 664 2304; x_wconf 91' lang='lat' dir='ltr'>num</span> <span class='ocrx_word' id='word_1_124' title='bbox 683 2244 770 2304; x_wconf 88' lang='lat' dir='ltr'>recte</span> <span class='ocrx_word' id='word_1_125' title='bbox 788 2240 874 2304; x_wconf 89' lang='lat' dir='ltr'>inter</span> <span class='ocrx_word' id='word_1_126' title='bbox 892 2239 1040 2324; x_wconf 92' lang='lat' dir='ltr'>dipodias</span> <span class='ocrx_word' id='word_1_127' title='bbox 1058 2241 1258 2323; x_wconf 88' lang='lat' dir='ltr'>rettulerint,</span> <span class='ocrx_word' id='word_1_128' title='bbox 1279 2241 1338 2310; x_wconf 76' lang='lat' dir='ltr'>viri</span> <span class='ocrx_word' id='word_1_129' title='bbox 1355 2240 1442 2305; x_wconf 91' lang='lat' dir='ltr'>docti</span> <span class='ocrx_word' id='word_1_130' title='bbox 1456 2240 1617 2305; x_wconf 88' lang='lat' dir='ltr'>dubitant.</span> 
     </span>
     <span class='ocr_line' id='line_1_18' title="bbox 335 2346 1616 2433; baseline -0.001 -21"><span class='ocrx_word' id='word_1_131' title='bbox 335 2346 450 2431; x_wconf 87' lang='lat' dir='ltr'>Neque</span> <span class='ocrx_word' id='word_1_132' title='bbox 482 2368 544 2432; x_wconf 82' lang='lat' dir='ltr'>ego</span> <span class='ocrx_word' id='word_1_133' title='bbox 577 2346 801 2431; x_wconf 88' lang='lat' dir='ltr'>quaestionem</span> <span class='ocrx_word' id='word_1_134' title='bbox 833 2347 1074 2432; x_wconf 83' lang='lat' dir='ltr'>difficillimam,</span> <span class='ocrx_word' id='word_1_135' title='bbox 1111 2349 1163 2411; x_wconf 91' lang='lat' dir='ltr'>cui</span> <span class='ocrx_word' id='word_1_136' title='bbox 1200 2348 1342 2414; x_wconf 86' lang='lat' dir='ltr'>musicae</span> <span class='ocrx_word' id='word_1_137' title='bbox 1373 2352 1471 2412; x_wconf 90' lang='lat' dir='ltr'>notae</span> <span class='ocrx_word' id='word_1_138' title='bbox 1503 2349 1616 2433; x_wconf 88' lang='lat' dir='ltr'>parodi</span> 
     </span>
     <span class='ocr_line' id='line_1_19' title="bbox 335 2453 1614 2539; baseline 0 -20"><span class='ocrx_word' id='word_1_139' title='bbox 335 2454 529 2539; x_wconf 89' lang='lat' dir='ltr'>Euripideae</span> <span class='ocrx_word' id='word_1_140' title='bbox 557 2454 686 2518; x_wconf 89' lang='lat' dir='ltr'>fabulae</span> <span class='ocrx_word' id='word_1_141' title='bbox 711 2453 836 2519; x_wconf 85' lang='lat' dir='ltr'>Orestis</span> <span class='ocrx_word' id='word_1_142' title='bbox 860 2478 898 2519; x_wconf 87' lang='lat' dir='ltr'>cx</span> <span class='ocrx_word' id='word_1_143' title='bbox 926 2476 1049 2539; x_wconf 85' lang='lat' dir='ltr'>papyro</span> <span class='ocrx_word' id='word_1_144' title='bbox 1074 2454 1206 2519; x_wconf 84' lang='lat' dir='ltr'>Raineri</span> <span class='ocrx_word' id='word_1_145' title='bbox 1234 2476 1338 2539; x_wconf 89' lang='lat' dir='ltr'>nuper</span> <span class='ocrx_word' id='word_1_146' title='bbox 1360 2453 1395 2517; x_wconf 91' lang='lat' dir='ltr'>in</span> <span class='ocrx_word' id='word_1_147' title='bbox 1413 2454 1519 2519; x_wconf 91' lang='lat' dir='ltr'>lucem</span> <span class='ocrx_word' id='word_1_148' title='bbox 1541 2477 1614 2539; x_wconf 91' lang='lat' dir='ltr'>pro·</span> 
     </span>
     <span class='ocr_line' id='line_1_20' title="bbox 335 2558 1619 2647; baseline 0.001 -22"><span class='ocrx_word' id='word_1_149' title='bbox 335 2565 458 2626; x_wconf 86' lang='lat' dir='ltr'>tractae</span> <span class='ocrx_word' id='word_1_150' title='bbox 468 2558 493 2647; x_wconf 90' lang='lat'>¹)</span> <span class='ocrx_word' id='word_1_151' title='bbox 524 2561 674 2625; x_wconf 90' lang='lat' dir='ltr'>nonnihil</span> <span class='ocrx_word' id='word_1_152' title='bbox 707 2563 789 2627; x_wconf 87' lang='lat' dir='ltr'>lucis</span> <span class='ocrx_word' id='word_1_153' title='bbox 817 2563 931 2626; x_wconf 88' lang='lat' dir='ltr'>afferre</span> <span class='ocrx_word' id='word_1_154' title='bbox 959 2561 1124 2647; x_wconf 87' lang='lat' dir='ltr'>videntur,</span> <span class='ocrx_word' id='word_1_155' title='bbox 1154 2562 1189 2625; x_wconf 91' lang='lat' dir='ltr'>in</span> <span class='ocrx_word' id='word_1_156' title='bbox 1217 2560 1378 2646; x_wconf 80' lang='lat' dir='ltr'>angustiis</span> <span class='ocrx_word' id='word_1_157' title='bbox 1406 2560 1503 2626; x_wconf 89' lang='lat' dir='ltr'>huius</span> <span class='ocrx_word' id='word_1_158' title='bbox 1533 2583 1619 2626; x_wconf 91' lang='lat' dir='ltr'>com-</span> 
     </span>
     <span class='ocr_line' id='line_1_21' title="bbox 335 2667 1618 2753; baseline 0 -21"><span class='ocrx_word' id='word_1_159' title='bbox 335 2669 486 2734; x_wconf 87' lang='lat' dir='ltr'>mentarii</span> <span class='ocrx_word' id='word_1_160' title='bbox 510 2668 686 2733; x_wconf 88' lang='lat' dir='ltr'>diiudicare</span> <span class='ocrx_word' id='word_1_161' title='bbox 710 2669 822 2733; x_wconf 89' lang='lat' dir='ltr'>ausim.</span> <span class='ocrx_word' id='word_1_162' title='bbox 859 2667 896 2733; x_wconf 94' lang='lat' dir='ltr'>Id</span> <span class='ocrx_word' id='word_1_163' title='bbox 920 2668 1027 2733; x_wconf 91' lang='lat' dir='ltr'>solum</span> <span class='ocrx_word' id='word_1_164' title='bbox 1050 2690 1180 2752; x_wconf 91' lang='lat' dir='ltr'>moneo,</span> <span class='ocrx_word' id='word_1_165' title='bbox 1204 2667 1435 2752; x_wconf 89' lang='lat' dir='ltr'>antipasticam</span> <span class='ocrx_word' id='word_1_166' title='bbox 1454 2668 1618 2753; x_wconf 89' lang='lat' dir='ltr'>dipodiam</span> 
     </span>
     <span class='ocr_line' id='line_1_22' title="bbox 338 2773 1394 2860; baseline 0 -22"><span class='ocrx_word' id='word_1_167' title='bbox 338 2776 366 2840; x_wconf 90' lang='lat' dir='ltr'>si</span> <span class='ocrx_word' id='word_1_168' title='bbox 389 2775 463 2859; x_wconf 88' lang='lat' dir='ltr'>quis</span> <span class='ocrx_word' id='word_1_169' title='bbox 486 2776 639 2860; x_wconf 90' lang='lat' dir='ltr'>amplecti</span> <span class='ocrx_word' id='word_1_170' title='bbox 663 2776 769 2860; x_wconf 89' lang='lat' dir='ltr'>malit,</span> <span class='ocrx_word' id='word_1_171' title='bbox 792 2777 821 2840; x_wconf 89' lang='lat' dir='ltr'>ci</span> <span class='ocrx_word' id='word_1_172' title='bbox 844 2776 880 2839; x_wconf 92' lang='lat' dir='ltr'>in</span> <span class='ocrx_word' id='word_1_173' title='bbox 902 2775 1065 2859; x_wconf 87' lang='lat' dir='ltr'>versibus,</span> <span class='ocrx_word' id='word_1_174' title='bbox 1088 2775 1192 2860; x_wconf 86' lang='lat' dir='ltr'>qualis</span> <span class='ocrx_word' id='word_1_175' title='bbox 1216 2779 1268 2839; x_wconf 87' lang='lat' dir='ltr'>est</span> <span class='ocrx_word' id='word_1_176' title='bbox 1290 2773 1325 2838; x_wconf 87' lang='grc' dir='ltr'>Ο.</span> <span class='ocrx_word' id='word_1_177' title='bbox 1345 2777 1394 2838; x_wconf 85' lang='lat'>11</span> 
     </span>
    </p>
   </div>
   <div class='ocr_carea' id='block_1_7' title="bbox 521 2896 1420 2987">
    <p class='ocr_par' dir='ltr' id='par_1_8' title="bbox 521 2896 1420 2987">
     <span class='ocr_line' id='line_1_23' title="bbox 521 2896 1420 2987; baseline -0.002 -22"><span class='ocrx_word' id='word_1_178' title='bbox 521 2899 679 2987; x_wconf 79' lang='grc' dir='ltr'><strong><em>’Ἀριστον</em></strong></span> <span class='ocrx_word' id='word_1_179' title='bbox 701 2897 762 2985; x_wconf 68' lang='grc' dir='ltr'>μὲν</span> <span class='ocrx_word' id='word_1_180' title='bbox 784 2901 876 2986; x_wconf 76' lang='grc' dir='ltr'><em>ὕδωρ</em></span> <span class='ocrx_word' id='word_1_181' title='bbox 900 2899 918 2965; x_wconf 88' lang='grc' dir='ltr'>ὁ</span> <span class='ocrx_word' id='word_1_182' title='bbox 942 2896 978 2964; x_wconf 77' lang='grc' dir='ltr'>δὲ</span> <span class='ocrx_word' id='word_1_183' title='bbox 1002 2900 1125 2986; x_wconf 77' lang='grc' dir='ltr'><em>χρυσὸς</em></span> <span class='ocrx_word' id='word_1_184' title='bbox 1147 2902 1330 2984; x_wconf 69' lang='grc' dir='ltr'><strong><em>αἰθόμενον</em></strong></span> <span class='ocrx_word' id='word_1_185' title='bbox 1352 2908 1420 2983; x_wconf 80' lang='grc' dir='ltr'>πῦρ</span> 
     </span>
    </p>
   </div>
   <div class='ocr_carea' id='block_1_8' title="bbox 334 3025 1252 3236">
    <p class='ocr_par' dir='ltr' id='par_1_9' title="bbox 334 3025 1252 3236">
     <span class='ocr_line' id='line_1_24' title="bbox 334 3025 1193 3111; baseline -0.001 -21"><span class='ocrx_word' id='word_1_186' title='bbox 334 3027 473 3111; x_wconf 90' lang='lat' dir='ltr'>primam</span> <span class='ocrx_word' id='word_1_187' title='bbox 497 3026 655 3110; x_wconf 87' lang='lat' dir='ltr'>syllabam</span> <span class='ocrx_word' id='word_1_188' title='bbox 679 3025 809 3091; x_wconf 87' lang='lat' dir='ltr'>brevem</span> <span class='ocrx_word' id='word_1_189' title='bbox 831 3025 900 3089; x_wconf 88' lang='lat' dir='ltr'>ictu</span> <span class='ocrx_word' id='word_1_190' title='bbox 923 3025 1100 3090; x_wconf 88' lang='lat' dir='ltr'>notandam</span> <span class='ocrx_word' id='word_1_191' title='bbox 1123 3047 1193 3089; x_wconf 89' lang='lat' dir='ltr'>esse</span> 
     </span>
     <span class='ocr_line' id='line_1_25' title="bbox 698 3167 1252 3236; baseline -0.002 -18"><span class='ocrx_word' id='word_1_192' title='bbox 698 3167 1252 3236; x_wconf 66' lang='lat' dir='ltr'>0--uu:.uL.}Lu-uor.&#39;.-7</span> 
     </span>
    </p>
   </div>
   <div class='ocr_carea' id='block_1_9' title="bbox 334 3273 1619 3467">
    <p class='ocr_par' dir='ltr' id='par_1_10' title="bbox 334 3273 1619 3467">
     <span class='ocr_line' id='line_1_26' title="bbox 334 3273 1619 3359; baseline 0 -22"><span class='ocrx_word' id='word_1_193' title='bbox 334 3296 400 3338; x_wconf 90' lang='lat' dir='ltr'>non</span> <span class='ocrx_word' id='word_1_194' title='bbox 423 3274 562 3357; x_wconf 90' lang='lat' dir='ltr'>primam</span> <span class='ocrx_word' id='word_1_195' title='bbox 584 3273 718 3358; x_wconf 83' lang='lat' dir='ltr'>longam</span> <span class='ocrx_word' id='word_1_196' title='bbox 741 3274 775 3337; x_wconf 90' lang='lat' dir='ltr'>in</span> <span class='ocrx_word' id='word_1_197' title='bbox 799 3275 958 3339; x_wconf 91' lang='lat' dir='ltr'>ambitum</span> <span class='ocrx_word' id='word_1_198' title='bbox 982 3275 1082 3339; x_wconf 88' lang='lat' dir='ltr'>trium</span> <span class='ocrx_word' id='word_1_199' title='bbox 1101 3280 1285 3358; x_wconf 89' lang='lat' dir='ltr'>temporum</span> <span class='ocrx_word' id='word_1_200' title='bbox 1304 3277 1350 3338; x_wconf 87' lang='lat' dir='ltr'>ite</span> <span class='ocrx_word' id='word_1_201' title='bbox 1368 3274 1619 3359; x_wconf 89' lang='lat' dir='ltr'>producendam,</span> 
     </span>
     <span class='ocr_line' id='line_1_27' title="bbox 338 3380 1052 3467; baseline 0.003 -22"><span class='ocrx_word' id='word_1_202' title='bbox 338 3386 376 3445; x_wconf 90' lang='lat' dir='ltr'>ut</span> <span class='ocrx_word' id='word_1_203' title='bbox 398 3380 522 3466; x_wconf 88' lang='lat' dir='ltr'>primae</span> <span class='ocrx_word' id='word_1_204' title='bbox 545 3381 610 3445; x_wconf 87' lang='lat' dir='ltr'>arai</span> <span class='ocrx_word' id='word_1_205' title='bbox 634 3383 799 3447; x_wconf 90' lang='lat' dir='ltr'>anacrusis</span> <span class='ocrx_word' id='word_1_206' title='bbox 823 3383 1052 3467; x_wconf 88' lang='lat' dir='ltr'>praemittatur</span> 
     </span>
    </p>
   </div>
   <div class='ocr_carea' id='block_1_10' title="bbox 701 3503 1255 3571">
    <p class='ocr_par' dir='ltr' id='par_1_11' title="bbox 701 3503 1255 3571">
     <span class='ocr_line' id='line_1_28' title="bbox 701 3503 1255 3571; baseline -0.004 -14"><span class='ocrx_word' id='word_1_207' title='bbox 701 3503 1255 3571; x_wconf 65' lang='grc' dir='ltr'>υι.’..-υυ.ι.υ[-Ι.ὶυ-υυι.’.-</span> 
     </span>
    </p>
   </div>
   <div class='ocr_carea' id='block_1_11' title="bbox 335 3611 1617 4663">
    <p class='ocr_par' dir='ltr' id='par_1_12' title="bbox 335 3611 1617 4663">
     <span class='ocr_line' id='line_1_29' title="bbox 424 3611 1614 3699; baseline -0.004 -20"><span class='ocrx_word' id='word_1_208' title='bbox 424 3614 478 3679; x_wconf 90' lang='lat' dir='ltr'>De</span> <span class='ocrx_word' id='word_1_209' title='bbox 510 3613 712 3679; x_wconf 88' lang='lat' dir='ltr'>notatione</span> <span class='ocrx_word' id='word_1_210' title='bbox 743 3615 1061 3699; x_wconf 89' lang='lat' dir='ltr'>tetrapodiarum.</span> <span class='ocrx_word' id='word_1_211' title='bbox 1106 3613 1146 3676; x_wconf 93' lang='lat' dir='ltr'>In</span> <span class='ocrx_word' id='word_1_212' title='bbox 1174 3611 1348 3677; x_wconf 87' lang='lat' dir='ltr'>schematis</span> <span class='ocrx_word' id='word_1_213' title='bbox 1377 3611 1520 3675; x_wconf 88' lang='lat' dir='ltr'>metricis</span> <span class='ocrx_word' id='word_1_214' title='bbox 1547 3633 1614 3674; x_wconf 90' lang='lat' dir='ltr'>non</span> 
     </span>
     <span class='ocr_line' id='line_1_30' title="bbox 336 3717 1614 3806; baseline -0.003 -20"><span class='ocrx_word' id='word_1_215' title='bbox 336 3722 441 3786; x_wconf 87' lang='lat' dir='ltr'>solum</span> <span class='ocrx_word' id='word_1_216' title='bbox 468 3721 671 3806; x_wconf 89' lang='lat' dir='ltr'>dipodiarum</span> <span class='ocrx_word' id='word_1_217' title='bbox 698 3720 840 3805; x_wconf 89' lang='lat' dir='ltr'>priorem</span> <span class='ocrx_word' id='word_1_218' title='bbox 867 3721 970 3786; x_wconf 89' lang='lat' dir='ltr'>ictum</span> <span class='ocrx_word' id='word_1_219' title='bbox 998 3721 1038 3784; x_wconf 93' lang='lat' dir='ltr'>ab</span> <span class='ocrx_word' id='word_1_220' title='bbox 1066 3720 1169 3784; x_wconf 88' lang='lat' dir='ltr'>altero</span> <span class='ocrx_word' id='word_1_221' title='bbox 1197 3717 1388 3784; x_wconf 88' lang='lat' dir='ltr'>distinctum</span> <span class='ocrx_word' id='word_1_222' title='bbox 1416 3719 1531 3804; x_wconf 89' lang='lat' dir='ltr'>habes,</span> <span class='ocrx_word' id='word_1_223' title='bbox 1558 3719 1614 3782; x_wconf 89' lang='lat' dir='ltr'>sed</span> 
     </span>
     <span class='ocr_line' id='line_1_31' title="bbox 336 3825 1613 3913; baseline -0.003 -20"><span class='ocrx_word' id='word_1_224' title='bbox 336 3829 435 3894; x_wconf 90' lang='lat' dir='ltr'>etiam</span> <span class='ocrx_word' id='word_1_225' title='bbox 463 3829 739 3913; x_wconf 89' lang='lat' dir='ltr'>tetrapodicorum</span> <span class='ocrx_word' id='word_1_226' title='bbox 766 3833 799 3892; x_wconf 90' lang='lat' dir='ltr'>et</span> <span class='ocrx_word' id='word_1_227' title='bbox 822 3828 1094 3913; x_wconf 84' lang='lat' dir='ltr'>hexapodicorum</span> <span class='ocrx_word' id='word_1_228' title='bbox 1118 3826 1264 3891; x_wconf 89' lang='lat' dir='ltr'>colorum</span> <span class='ocrx_word' id='word_1_229' title='bbox 1287 3825 1427 3911; x_wconf 90' lang='lat' dir='ltr'>primam</span> <span class='ocrx_word' id='word_1_230' title='bbox 1450 3826 1613 3911; x_wconf 83' lang='lat' dir='ltr'>dipodiarn</span> 
     </span>
     <span class='ocr_line' id='line_1_32' title="bbox 337 3934 1614 4021; baseline -0.003 -21"><span class='ocrx_word' id='word_1_231' title='bbox 337 3959 356 4000; x_wconf 91' lang='lat' dir='ltr'>a</span> <span class='ocrx_word' id='word_1_232' title='bbox 378 3936 512 4021; x_wconf 87' lang='lat' dir='ltr'>reliquis</span> <span class='ocrx_word' id='word_1_233' title='bbox 536 3937 584 4000; x_wconf 91' lang='lat' dir='ltr'>ita</span> <span class='ocrx_word' id='word_1_234' title='bbox 607 3935 794 4020; x_wconf 89' lang='lat' dir='ltr'>discretam,</span> <span class='ocrx_word' id='word_1_235' title='bbox 816 3938 853 3997; x_wconf 90' lang='lat' dir='ltr'>ut</span> <span class='ocrx_word' id='word_1_236' title='bbox 875 3934 999 4019; x_wconf 90' lang='lat' dir='ltr'>primae</span> <span class='ocrx_word' id='word_1_237' title='bbox 1023 3934 1171 4017; x_wconf 87' lang='lat' dir='ltr'>dipodiae</span> <span class='ocrx_word' id='word_1_238' title='bbox 1196 3934 1278 3999; x_wconf 89' lang='lat' dir='ltr'>arsis</span> <span class='ocrx_word' id='word_1_239' title='bbox 1300 3934 1457 4019; x_wconf 87' lang='lat' dir='ltr'>primaria</span> <span class='ocrx_word' id='word_1_240' title='bbox 1479 3934 1614 4014; x_wconf 87' lang='lat' dir='ltr'>duobus,</span> 
     </span>
     <span class='ocr_line' id='line_1_33' title="bbox 335 4041 1614 4127; baseline -0.003 -20"><span class='ocrx_word' id='word_1_241' title='bbox 335 4043 526 4127; x_wconf 88' lang='lat' dir='ltr'>posterioris</span> <span class='ocrx_word' id='word_1_242' title='bbox 554 4043 607 4108; x_wconf 88' lang='lat' dir='ltr'>vel</span> <span class='ocrx_word' id='word_1_243' title='bbox 632 4041 851 4127; x_wconf 89' lang='lat' dir='ltr'>posteriorum</span> <span class='ocrx_word' id='word_1_244' title='bbox 878 4063 943 4105; x_wconf 91' lang='lat' dir='ltr'>uno</span> <span class='ocrx_word' id='word_1_245' title='bbox 971 4046 1092 4125; x_wconf 89' lang='lat' dir='ltr'>puncto</span> <span class='ocrx_word' id='word_1_246' title='bbox 1120 4047 1234 4106; x_wconf 88' lang='lat' dir='ltr'>notata</span> <span class='ocrx_word' id='word_1_247' title='bbox 1262 4041 1312 4106; x_wconf 89' lang='lat' dir='ltr'>sit.</span> <span class='ocrx_word' id='word_1_248' title='bbox 1366 4042 1437 4106; x_wconf 93' lang='lat' dir='ltr'>Hoc</span> <span class='ocrx_word' id='word_1_249' title='bbox 1464 4041 1614 4124; x_wconf 89' lang='lat' dir='ltr'>inprimis</span> 
     </span>
     <span class='ocr_line' id='line_1_34' title="bbox 337 4148 1616 4234; baseline -0.002 -21"><span class='ocrx_word' id='word_1_250' title='bbox 337 4151 378 4214; x_wconf 94' lang='lat' dir='ltr'>ob</span> <span class='ocrx_word' id='word_1_251' title='bbox 403 4149 554 4213; x_wconf 90' lang='lat' dir='ltr'>metricas</span> <span class='ocrx_word' id='word_1_252' title='bbox 576 4150 733 4234; x_wconf 89' lang='lat' dir='ltr'>rationes,</span> <span class='ocrx_word' id='word_1_253' title='bbox 756 4154 793 4213; x_wconf 90' lang='lat' dir='ltr'>ut</span> <span class='ocrx_word' id='word_1_254' title='bbox 816 4148 1019 4232; x_wconf 89' lang='lat' dir='ltr'>dipodiarum</span> <span class='ocrx_word' id='word_1_255' title='bbox 1043 4154 1075 4213; x_wconf 91' lang='lat' dir='ltr'>et</span> <span class='ocrx_word' id='word_1_256' title='bbox 1095 4149 1239 4214; x_wconf 89' lang='lat' dir='ltr'>colorum</span> <span class='ocrx_word' id='word_1_257' title='bbox 1258 4150 1338 4212; x_wconf 89' lang='lat' dir='ltr'>fines</span> <span class='ocrx_word' id='word_1_258' title='bbox 1359 4148 1616 4213; x_wconf 88' lang='lat' dir='ltr'>discriminaren-</span> 
     </span>
     <span class='ocr_line' id='line_1_35' title="bbox 336 4254 1616 4341; baseline -0.002 -21"><span class='ocrx_word' id='word_1_259' title='bbox 336 4262 399 4341; x_wconf 90' lang='lat' dir='ltr'>tur,</span> <span class='ocrx_word' id='word_1_260' title='bbox 421 4278 441 4320; x_wconf 90' lang='lat' dir='ltr'>a</span> <span class='ocrx_word' id='word_1_261' title='bbox 463 4256 557 4320; x_wconf 90' lang='lat' dir='ltr'>nobis</span> <span class='ocrx_word' id='word_1_262' title='bbox 580 4257 769 4321; x_wconf 91' lang='lat' dir='ltr'>institutum</span> <span class='ocrx_word' id='word_1_263' title='bbox 792 4277 861 4319; x_wconf 88' lang='lat' dir='ltr'>esse</span> <span class='ocrx_word' id='word_1_264' title='bbox 881 4278 979 4340; x_wconf 90' lang='lat' dir='ltr'>supra</span> <span class='ocrx_word' id='word_1_265' title='bbox 1001 4280 1031 4341; x_wconf 88' lang='lat' dir='ltr'>p.</span> <span class='ocrx_word' id='word_1_266' title='bbox 1046 4254 1189 4321; x_wconf 88' lang='lat' dir='ltr'>XXVIII</span> <span class='ocrx_word' id='word_1_267' title='bbox 1212 4256 1428 4340; x_wconf 81' lang='lat' dir='ltr'>exposuimus.</span> <span class='ocrx_word' id='word_1_268' title='bbox 1470 4255 1616 4320; x_wconf 86' lang='lat' dir='ltr'>Eandem</span> 
     </span>
     <span class='ocr_line' id='line_1_36' title="bbox 336 4361 1617 4448; baseline -0.002 -21"><span class='ocrx_word' id='word_1_269' title='bbox 336 4368 446 4427; x_wconf 90' lang='lat' dir='ltr'>autem</span> <span class='ocrx_word' id='word_1_270' title='bbox 477 4363 680 4427; x_wconf 90' lang='lat' dir='ltr'>notationem</span> <span class='ocrx_word' id='word_1_271' title='bbox 713 4362 811 4426; x_wconf 84' lang='lat' dir='ltr'>etiarn</span> <span class='ocrx_word' id='word_1_272' title='bbox 839 4363 880 4427; x_wconf 90' lang='lat' dir='ltr'>ad</span> <span class='ocrx_word' id='word_1_273' title='bbox 907 4369 1080 4448; x_wconf 87' lang='lat' dir='ltr'>praecepte</span> <span class='ocrx_word' id='word_1_274' title='bbox 1108 4362 1366 4448; x_wconf 83' lang='lat' dir='ltr'>rhythmicorum</span> <span class='ocrx_word' id='word_1_275' title='bbox 1394 4369 1540 4428; x_wconf 87' lang='lat' dir='ltr'>veterum</span> <span class='ocrx_word' id='word_1_276' title='bbox 1569 4361 1617 4425; x_wconf 88' lang='lat' dir='ltr'>ita</span> 
     </span>
     <span class='ocr_line' id='line_1_37' title="bbox 336 4467 1617 4555; baseline -0.002 -21"><span class='ocrx_word' id='word_1_277' title='bbox 336 4471 455 4535; x_wconf 87' lang='lat' dir='ltr'>referre</span> <span class='ocrx_word' id='word_1_278' title='bbox 478 4467 616 4555; x_wconf 89' lang='lat' dir='ltr'>poteris,</span> <span class='ocrx_word' id='word_1_279' title='bbox 639 4474 676 4533; x_wconf 94' lang='lat' dir='ltr'>ut</span> <span class='ocrx_word' id='word_1_280' title='bbox 698 4469 935 4554; x_wconf 88' lang='lat' dir='ltr'>tetrapodicum</span> <span class='ocrx_word' id='word_1_281' title='bbox 959 4469 1067 4535; x_wconf 89' lang='lat' dir='ltr'>colum</span> <span class='ocrx_word' id='word_1_282' title='bbox 1089 4472 1176 4536; x_wconf 75' lang='grc' dir='ltr'><em>πόδα</em></span> <span class='ocrx_word' id='word_1_283' title='bbox 1195 4471 1361 4535; x_wconf 73' lang='grc' dir='ltr'><strong><em>σύνθετον</em></strong></span> <span class='ocrx_word' id='word_1_284' title='bbox 1380 4469 1617 4553; x_wconf 77' lang='grc' dir='ltr'><strong><em>ὃωὸεκάσημον</em></strong></span> 
     </span>
     <span class='ocr_line' id='line_1_38' title="bbox 336 4576 1616 4663; baseline -0.004 -21"><span class='ocrx_word' id='word_1_285' title='bbox 336 4600 407 4642; x_wconf 90' lang='lat' dir='ltr'>esse</span> <span class='ocrx_word' id='word_1_286' title='bbox 435 4577 522 4642; x_wconf 86' lang='lat' dir='ltr'>dicas</span> <span class='ocrx_word' id='word_1_287' title='bbox 550 4582 583 4641; x_wconf 90' lang='lat' dir='ltr'>et</span> <span class='ocrx_word' id='word_1_288' title='bbox 609 4577 712 4642; x_wconf 88' lang='lat' dir='ltr'>ictum</span> <span class='ocrx_word' id='word_1_289' title='bbox 738 4576 835 4662; x_wconf 89' lang='lat' dir='ltr'>primi</span> <span class='ocrx_word' id='word_1_290' title='bbox 858 4576 949 4659; x_wconf 90' lang='lat' dir='ltr'>pedis</span> <span class='ocrx_word' id='word_1_291' title='bbox 972 4577 1095 4660; x_wconf 91' lang='lat' dir='ltr'>primae</span> <span class='ocrx_word' id='word_1_292' title='bbox 1119 4577 1267 4662; x_wconf 91' lang='lat' dir='ltr'>dipodiae</span> <span class='ocrx_word' id='word_1_293' title='bbox 1291 4577 1408 4643; x_wconf 88' lang='lat' dir='ltr'>ceteris</span> <span class='ocrx_word' id='word_1_294' title='bbox 1433 4576 1616 4663; x_wconf 81' lang='lat' dir='ltr'>graviorem</span> 
     </span>
    </p>
   </div>
   <div class='ocr_carea' id='block_1_12' title="bbox 338 4767 1617 4914">
    <p class='ocr_par' dir='ltr' id='par_1_13' title="bbox 338 4767 1617 4914">
     <span class='ocr_line' id='line_1_39' title="bbox 429 4767 1617 4841; baseline -0.005 -15"><span class='ocrx_word' id='word_1_295' title='bbox 429 4776 455 4841; x_wconf 83' lang='lat'>1)</span> <span class='ocrx_word' id='word_1_296' title='bbox 479 4769 646 4839; x_wconf 81' lang='lat' dir='ltr'>Wessely,</span> <span class='ocrx_word' id='word_1_297' title='bbox 675 4769 788 4825; x_wconf 85' lang='lat' dir='ltr'>Mitteil.</span> <span class='ocrx_word' id='word_1_298' title='bbox 817 4786 868 4823; x_wconf 89' lang='lat' dir='ltr'>aus</span> <span class='ocrx_word' id='word_1_299' title='bbox 896 4769 946 4823; x_wconf 89' lang='lat' dir='ltr'>der</span> <span class='ocrx_word' id='word_1_300' title='bbox 974 4768 1138 4840; x_wconf 81' lang='lat' dir='ltr'>Sammlung</span> <span class='ocrx_word' id='word_1_301' title='bbox 1170 4770 1219 4825; x_wconf 88' lang='lat' dir='ltr'>des</span> <span class='ocrx_word' id='word_1_302' title='bbox 1248 4770 1316 4840; x_wconf 88' lang='lat' dir='ltr'>Pap.</span> <span class='ocrx_word' id='word_1_303' title='bbox 1342 4768 1469 4823; x_wconf 81' lang='lat' dir='ltr'>Erzherz.</span> <span class='ocrx_word' id='word_1_304' title='bbox 1498 4767 1617 4822; x_wconf 84' lang='lat' dir='ltr'>Rainers</span> 
     </span>
     <span class='ocr_line' id='line_1_40' title="bbox 338 4840 932 4914; baseline -0.003 -15"><span class='ocrx_word' id='word_1_305' title='bbox 338 4849 487 4914; x_wconf 72' lang='lat' dir='ltr'>vua-72,</span> <span class='ocrx_word' id='word_1_306' title='bbox 507 4842 644 4898; x_wconf 84' lang='lat' dir='ltr'>Orusius</span> <span class='ocrx_word' id='word_1_307' title='bbox 664 4841 766 4899; x_wconf 91' lang='lat' dir='ltr'>Philol.</span> <span class='ocrx_word' id='word_1_308' title='bbox 782 4847 828 4911; x_wconf 77' lang='lat'>52,</span> <span class='ocrx_word' id='word_1_309' title='bbox 845 4840 932 4897; x_wconf 72' lang='lat' dir='ltr'>wlff.</span> 
     </span>
    </p>
   </div>
   <div class='ocr_carea' id='block_1_13' title="bbox 0 0 1708 5378">
    <p class='ocr_par' dir='ltr' id='par_1_14' title="bbox 0 0 1708 5378">
     <span class='ocr_line' id='line_1_41' title="bbox 0 0 1708 5378; baseline 0 0"><span class='ocrx_word' id='word_1_310' title='bbox 0 0 1708 5378; x_wconf 95' lang='lat' dir='ltr'> </span> 
     </span>
    </p>
   </div>
  </div>
 </body>
</html>
