3406 5378
532 398 567 450 Il.
595 398 645 448 DE
665 397 758 448 ARTE
776 397 935 449 uermes
954 398 1112 451 PlNDARl.
1383 394 1459 448 XXV

181 558 279 644 pedes
303 558 483 642 solvantur,
506 558 541 624 in
564 559 636 623 cola
659 559 829 624 dirimendi
851 565 940 644 sunt,
963 560 1047 624 unde
1065 558 1283 644 rhythmicam
1303 559 1460 644 composi-

181 665 304 730 tionem
337 666 406 730 sine
439 666 586 731 versibus
618 672 651 730 et
683 666 819 751 pedibus
851 667 922 731 fieri
950 688 1045 751 posse
1072 687 1185 751 neges,
1217 666 1297 730 colis
1325 665 1460 730 eandem

182 794 289 838 carere
312 793 409 857 posse
433 772 600 837 concedas.
637 771 795 837 Nonnulli
819 773 948 857 quidem
971 778 1099 857 poetae,
1122 773 1283 859 inprimis,
1308 773 1363 857 qui
1387 795 1460 837 ana-

180 879 325 964 paestica
356 878 522 944 trochaica
553 879 661 944 ionica
684 879 827 944 carmina
854 885 1119 965 composuerunt,
1150 885 1255 944 metra
1286 903 1351 944 non
1378 879 1460 945 fece-

181 991 273 1070 runt,
294 985 358 1051 nisi
382 1008 464 1069 quae
489 1009 527 1050 ex
550 987 676 1052 duobus
699 987 887 1072 pluribusve
911 987 989 1052 colis
1014 992 1209 1052 constarent.
1258 984 1320 1051 Sed
1343 985 1460 1050 horum

183 1115 221 1157 ex
253 1113 389 1157 numero
417 1092 576 1158 Pindarus
604 1115 670 1158 non
696 1093 773 1178 fuit,
805 1116 908 1178 neque
940 1094 964 1158 ii
996 1095 1128 1159 fuerunt
1160 1100 1275 1181 poetae
1281 1147 1290 1180 ,
1322 1115 1459 1179 quorum

183 1204 285 1264 artem
308 1199 457 1284 inprimis
482 1205 611 1265 secutus
635 1206 698 1285 est,
721 1223 824 1286 neque
849 1200 1054 1266 Stesichorus
1077 1224 1181 1286 neque
1206 1202 1353 1266 Alcaeus.

271 1306 323 1371 De
350 1307 516 1392 pedibus
544 1308 801 1393 simplicibus.
847 1308 949 1373 Pedes
978 1308 1140 1393 simplices
1168 1306 1363 1394 principales
1384 1310 1460 1370 sunt

183 1414 260 1499 duo,
284 1418 423 1497 quatuor
447 1419 503 1479 aut
526 1414 626 1479 trium
650 1420 834 1499 temporum
857 1414 1002 1502 (χρόνων
1025 1413 1193 1502 πρώτων)ε

673 1582 691 1591 -
708 1563 744 1589 oa
767 1522 928 1608 dactylus,

675 1689 691 1696 -
709 1669 728 1696 o
768 1627 949 1693 trochaeus.

182 1734 269 1801 Nam
295 1736 453 1802 iambicos
481 1741 514 1801 et
540 1735 764 1820 anapaestioos
788 1735 916 1800 ordines
939 1735 1021 1800 nihil
1045 1736 1226 1802 aliudesse
1249 1742 1341 1822 patet
1364 1759 1460 1821 quam

182 1843 365 1909 trochaicos
398 1849 455 1908 aut
487 1843 677 1927 dactylicos,
711 1843 829 1927 quibus
866 1843 1031 1908 anacrusis
1068 1844 1294 1929 monosyllaba
1329 1849 1386 1908 aut
1417 1843 1461 1908 di·

183 1950 308 2035 syllaba
338 1951 524 2035 praemissa-
549 1950 600 2015 sit.
646 1949 791 2015 Paeones
820 1955 928 2014 autem
956 1956 989 2015 et
1017 1951 1166 2036 epitritos
1194 1956 1227 2015 et
1255 1950 1460 2016 choriambos

182 2057 268 2122 inter
291 2057 387 2141 pedes
411 2056 611 2140 compositos
634 2057 744 2142 potius
770 2079 866 2141 quam
895 2057 1058 2142 simplices
1085 2079 1146 2123 nos
1176 2057 1360 2122 referendos
1391 2079 1461 2121 esse

183 2164 339 2229 ducimus.
380 2162 451 2240 Qua
472 2163 507 2227 in
530 2185 564 2227 re
586 2163 767 2228 dissensum
785 2168 932 2229 veterum
950 2164 1223 2250 rhythmicorum,
1247 2164 1303 2249 qui
1322 2185 1461 2249 paeones

182 2275 216 2336 et
247 2271 367 2357 partim
398 2271 498 2334 etiam
530 2270 680 2354 epitritos
712 2270 798 2335 inter
830 2270 994 2356 simplices
1024 2272 1121 2355 pedes
1154 2271 1365 2354 rettulerunt,
1395 2291 1462 2334 nou

184 2378 322 2443 multum
341 2377 488 2462 equidem
507 2399 630 2463 moror,
647 2377 839 2463 praesertim
858 2400 933 2442 cum
952 2383 984 2442 et
1002 2378 1155 2463 prosodia
1174 2377 1332 2443 sermonis
1346 2375 1462 2441 Graeci

184 2491 367 2570 accentum,
390 2505 454 2568 quo
478 2505 534 2567 pes
558 2484 696 2549 creticus
720 2481 752 2570 (r
770 2525 788 2560 o
806 2481 837 2570 )
866 2489 922 2548 aut
945 2507 1049 2569 paeon
1071 2485 1195 2570 primus
1220 2482 1251 2569 (a
1268 2524 1287 2551 o
1303 2524 1323 2550 o
1339 2480 1372 2569 o)
1396 2481 1463 2546 effi-

185 2593 290 2658 ciatur
312 2591 439 2675 reiciat,
462 2596 495 2654 et
518 2590 669 2676 princeps
692 2596 840 2655 veterum
862 2591 1061 2656 musicorum
1083 2592 1298 2656 Aristoxenus
1321 2589 1462 2674 primum

186 2698 249 2762 duo
278 2697 470 2783 principalia
496 2719 614 2783 genera
636 2698 755 2782 pedum
778 2720 879 2782 eaque
904 2699 1014 2763 eadem
1038 2704 1137 2784 atque
1159 2720 1219 2763 nos
1244 2697 1396 2762 statuerit
1420 2695 1462 2782 (.

185 2803 328 2869 Aristox.
356 2803 447 2868 elem.
475 2802 617 2889 rhythm.
632 2829 675 2890 p.
696 2806 761 2871 288
784 2806 830 2871 ed.
850 2802 947 2894 Mor.)
975 2811 1008 2870 et
1035 2811 1150 2889 postea
1176 2805 1305 2869 demum
1328 2803 1462 2868 tertium

185 2933 287 2996 genus
305 2932 467 2994 paeonum
487 2911 640 2976 adiecerit
658 2910 693 2999 (l.
707 2912 727 2978 l.
743 2936 772 2997 p.
788 2913 852 2977 298
873 2918 906 2977 et
925 2910 1013 2999 300).
1056 2911 1195 2976 Pedibus
1215 2934 1289 2975 vero
1310 2909 1463 2996 simplici·

183 3019 245 3082 bus
259 3018 434 3083 adnumero
449 3019 548 3083 etiam
565 3020 712 3104 dactylos
728 3020 867 3104 cyclicos
882 3019 1155 3105 autlogaocdioos
1166 3018 1266 3083 trium
1277 3022 1462 3102 temporum

186 3232 241 3316 qui
269 3255 465 3318 quamquam
491 3233 578 3297 infra
605 3234 734 3298 demum
761 3234 893 3319 plenum
920 3233 1117 3318 explicatum
1145 3231 1324 3317 invenient,
1353 3236 1464 3297 tamen

184 3339 237 3403 hio
261 3339 341 3403 mihi
364 3339 429 3403 iam
453 3341 727 3405 commemorandi
750 3341 889 3405 fuerunt.

273 3443 327 3508 De
354 3446 516 3530 pedibus
545 3447 784 3531 compositis.
830 3447 932 3512 Pedes
960 3448 1158 3533 compositos
1186 3469 1285 3531 supra
1307 3468 1362 3510 eos
1387 3445 1462 3529 dixi,

184 3551 242 3635 qui
273 3573 312 3615 ex
339 3551 464 3617 duobus
492 3552 628 3638 pedibus
657 3555 859 3640 simplicibus
887 3559 1050 3640 constent,
1081 3553 1178 3639 longe
1207 3552 1463 3637 frequentissimi

184 3680 297 3723 eorum
325 3681 380 3723 sex
409 3682 573 3725 morarum
601 3657 746 3747 (χρόνων
772 3660 928 3748 πρώτων)
958 3665 1048 3745 sunt,
1076 3683 1156 3744 quos
1185 3682 1360 3724 enumero
1384 3664 1464 3724 tem·

183 3788 302 3851 porum
328 3767 433 3842 adduc
461 3765 642 3851 ἑξασήμους
669 3773 794 3833 veteres
822 3768 997 3852 rhythmici
1027 3768 1278 3852 appellaverunt.
1325 3766 1463 3831 Formae

185 3896 296 3938 eorum
325 3878 382 3938 aut
406 3873 521 3957 plenae
545 3871 791 3962 (ἀκατάληκτοι)
816 3880 872 3939 aut
896 3875 1030 3939 mutilae
1055 3871 1280 3961 (κατάληκτοι)
1310 3878 1367 3937 aut
1390 3895 1465 3937 con·

185 3984 308 4045 tractae
341 3977 533 4066 (περίπλεω)
566 3985 657 4063 sunt,
692 3981 776 4045 unde
808 3981 869 4046 hae
902 3982 1042 4046 evadunt
1073 3980 1196 4066 species
1229 3980 1347 4064 pedum
1380 4001 1466 4044 com·

186 4086 380 4172 positorum:

297 4193 475 4278 dactylicae
536 4239 553 4261 t
580 4234 617 4261 w
635 4253 652 4262 -
670 4253 688 4262 -
768 4241 785 4263 a
812 4236 848 4263 w
875 4255 893 4264 -

297 4299 479 4365 trochaicae
536 4347 554 4368 r
589 4341 608 4368 o
635 4331 688 4368 ,a

296 4406 606 4493 logaoedioaessoo
633 4436 687 4474 „a
766 4452 784 4473 ὲ
819 4437 838 4474 a
865 4449 937 4476 ,oo
1048 4451 1078 4477 -o
1105 4449 1124 4475 o
1159 4467 1175 4476 .
1272 4428 1278 4440 ·

296 4513 470 4599 paeonicae
536 4560 554 4582 a
589 4555 608 4581 o
626 4547 662 4580 oo

184 4620 245 4685 His
265 4621 427 4685 addendae
448 4626 524 4685 sunt
542 4621 665 4684 formae
685 4621 833 4686 anacrusi
854 4626 981 4706 auctae,
1001 4622 1225 4708 anapaesticae
1245 4627 1278 4686 et
1296 4623 1464 4709 iambioae,

185 4732 217 4791 et
234 4727 367 4812 insuper
381 4727 479 4812 pedes
494 4727 631 4811 epitriti,
651 4728 705 4811 qui
721 4729 868 4812 quamvis
884 4752 903 4793 a
917 4729 1056 4814 dipodiis
1071 4728 1246 4794 trochaicis
1261 4729 1464 4814 aliquantum

185 4832 349 4919 differant,
371 4839 481 4898 tamen
503 4851 541 4896 ex
563 4833 604 4897 iis
628 4833 676 4898 ita
699 4834 767 4899 nati
789 4857 859 4900 esse
879 4836 1041 4921 videntur,
1064 4840 1100 4900 ut
1120 4858 1158 4900 ex
1181 4836 1306 4900 duabus
1325 4835 1464 4921 syllaba·
