3406 5378
211 368 327 423 XXXVI
715 371 992 424 PROLEGOMENA.

210 557 281 599 ram
295 535 329 598 in
343 536 406 598 fine
422 533 567 599 colorum
586 533 834 620 diligentissime
851 532 1064 598 observantis.
1098 531 1161 597 Sed
1175 532 1236 598 hac
1251 533 1289 597 de
1304 533 1493 617 quaestione

210 646 249 705 ut
271 646 357 705 recte
380 641 569 726 iudicemus,
592 640 689 724 paulo
714 641 812 705 altius
834 663 886 705 res
910 640 1083 724 repetenda
1106 645 1165 704 est.

300 747 454 812 Colorum
478 747 603 830 divisio,
626 752 664 810 ut
686 747 766 832 ipsis
789 747 977 811 nominibus
1000 751 1110 830 μελῶν
1133 752 1165 810 ct
1188 749 1351 835 μελῳδίας
1375 747 1494 812 indica-

87 849 92 858 ’
211 861 282 920 tum
296 860 355 939 est,
372 854 477 919 multo
495 854 616 919 arctius
632 875 705 918 oum
719 853 948 938 modulatione,
968 875 1065 937 quam
1080 876 1153 918 cum
1171 854 1326 938 rhythmo
1342 854 1493 918 carminis

211 963 372 1045 cohaeret,
390 962 568 1025 modulatio
584 965 693 1025 autem
707 960 779 1044 ipsa
793 965 830 1024 ut
842 960 998 1044 rhythmo
1014 983 1081 1025 non
1095 966 1198 1046 vacat,
1216 962 1264 1026 ita
1282 984 1348 1026 non
1367 983 1494 1045 semper

209 1069 324 1133 iisdem
358 1073 454 1152 atque
486 1069 541 1132 ille
574 1068 694 1131 finibus
731 1066 917 1132 includitur.
967 1066 1127 1151 Rhythmi
1160 1069 1246 1133 enim
1279 1073 1389 1153 partes
1423 1067 1492 1132 solo

209 1175 396 1259 intervallo,
428 1197 492 1259 quo
516 1196 600 1237 unus
624 1173 708 1238 ictus
735 1174 910 1259 primarius
938 1174 979 1238 ab
1008 1175 1110 1239 altero
1141 1176 1256 1260 distat,
1287 1175 1493 1258 definiuntur,

210 1282 442 1347 modulationis
475 1287 584 1346 autem
617 1281 684 1346 sive
717 1282 864 1346 colorum
896 1283 977 1345 fines
1008 1281 1108 1345 ctiam
1135 1304 1155 1345 a
1182 1283 1254 1346 soni
1287 1281 1492 1347 conclusione

211 1389 378 1454 modulata
397 1389 544 1472 pendent.
581 1387 688 1451 Huius
708 1394 816 1453 autem
836 1389 979 1453 rationes
999 1411 1094 1472 saepe
1114 1412 1187 1454 cum
1203 1390 1321 1473 pedum
1335 1388 1492 1473 rhythmi

211 1519 323 1562 corum
345 1497 465 1561 finibus
488 1500 644 1581 pugnant.
688 1493 740 1560 Sic
764 1495 916 1580 dactylici
940 1495 1062 1559 ordinis
1086 1519 1143 1580 pes
1166 1496 1332 1582 legitimus
1355 1497 1389 1559 in
1413 1496 1492 1559 duas

209 1603 323 1668 breves
347 1605 427 1689 exit,
450 1607 484 1667 at
507 1602 624 1666 musici
647 1601 710 1665 coli
734 1603 768 1665 in
792 1603 870 1667 duas
894 1603 1008 1666 breves
1028 1597 1193 1667 conclusio
1211 1604 1341 1689 ingrata
1360 1603 1491 1667 auribus

209 1711 336 1795 accidit,
359 1733 432 1776 cum
453 1709 659 1773 conclusione
679 1708 713 1771 in
732 1708 864 1794 longam
884 1714 916 1773 et
934 1708 1001 1772 ictu
1020 1731 1207 1792 percussam
1227 1710 1386 1794 syllabam
1405 1710 1492 1774 facta

211 1839 310 1882 sonus
333 1817 439 1882 alacer
458 1821 491 1881 ct
509 1816 672 1881 masculus
692 1816 807 1880 evadit.
845 1816 923 1880 Indo
942 1837 1009 1879 non
1032 1817 1211 1902 miraberis,
1234 1818 1262 1882 si
1280 1817 1438 1881 Pindarus
1458 1817 1492 1880 in

210 1924 356 1989 versibus
381 1947 420 1989 ex
438 1923 563 1988 duabus
583 1922 732 2006 tripodiis
752 1923 921 2007 dactylicis
940 1923 1175 2008 constantibus,
1199 1924 1311 2009 quales
1331 1929 1407 1989 sunt
1426 1929 1492 1988 tres

209 2030 245 2095 in
272 2031 407 2118 stropha
436 2031 515 2094 odae
539 2029 573 2093 P.
592 2047 655 2112 ΧΗ,
687 2051 848 2114 nusquam
876 2034 951 2114 post
979 2029 1113 2094 tertium
1140 2032 1253 2114 pedem
1282 2031 1400 2115 prioris
1429 2030 1492 2094 coli

211 2138 343 2203 verbum
367 2136 483 2220 finivit,
507 2137 563 2201 sed
587 2135 692 2200 decies
715 2142 792 2221 post
815 2136 953 2221 primam
976 2135 1109 2222 longam
1134 2137 1223 2201 tertii
1245 2137 1336 2221 pedis

211 2597 335 2664 Similis
354 2600 439 2664 ratio
462 2598 700 2684 epitriticorum
725 2620 877 2663 versuum
901 2602 965 2682 est,
995 2598 1050 2682 qui
1072 2621 1146 2663 raro
1169 2605 1244 2683 post
1267 2599 1396 2664 finitum
1419 2601 1493 2665 ulti-

209 2729 298 2771 mum
321 2708 435 2792 pedem
457 2706 577 2791 prioris
601 2705 663 2770 ooli
691 2704 881 2790 rhythmici,
908 2704 1111 2788 frequentius
1138 2712 1214 2790 post
1242 2707 1372 2771 tertiam
1399 2708 1494 2790 sylla-

209 2814 286 2878 bam
308 2814 416 2878 ultimi
440 2813 566 2898 epitriti
588 2811 707 2895 prioris
726 2808 790 2877 coli
809 2817 866 2876 aut
883 2817 960 2896 post
976 2812 1116 2896 primam
1135 2812 1267 2898 longam
1285 2814 1383 2898 primi
1402 2816 1492 2898 pedis

209 2920 343 2986 alterius
368 2920 430 2985 coli
454 2920 649 2984 inciduntur.
690 2918 824 2983 Talibus
847 2919 950 3004 igitur
972 2919 1007 2982 in
1031 2921 1177 2984 versibus
1202 2921 1287 3005 quod
1311 2922 1402 2986 sedes
1425 2945 1493 2986 cae-

210 3051 303 3093 surae
327 3030 474 3110 fluctuat,
497 3026 630 3090 minime
654 3025 782 3089 crimini
804 3030 920 3111 poetae
943 3048 1116 3092 numeroso
1141 3028 1223 3091 verti
1243 3028 1345 3093 debet.
1385 3027 1491 3113 Magis

210 3136 371 3200 offendere
394 3138 504 3220 potest
528 3134 613 3218 qnod
632 3133 731 3198 etiam
748 3133 784 3198 in
802 3133 959 3218 versibus,
982 3156 1121 3218 quorum
1141 3134 1326 3220 rhythmica
1344 3135 1491 3198 decursio

209 3241 408 3327 procatalexi
440 3239 705 3325 interrumpitur,
737 3262 802 3304 non
835 3264 962 3325 semper
992 3241 1027 3304 in
1060 3242 1197 3306 catalexi
1229 3241 1364 3304 verbum
1394 3244 1492 3322 poeta

209 3350 325 3435 finivit,
348 3354 385 3413 ut
408 3350 549 3433 primum
571 3370 700 3413 versum
720 3349 844 3432 primae
864 3350 943 3414 odae
963 3347 1151 3433 Olympicae
1175 3345 1344 3430 quinquies
1362 3344 1491 3426 quidem

208 3455 242 3519 in
266 3455 464 3540 procatalexi
487 3455 602 3521 incidit

572 3560 1126 3645 uli.-oo;oi..,.³.o-ooa'--

209 3686 265 3751 sed
288 3691 338 3751 ter
361 3692 437 3771 post
459 3687 597 3772 primam
624 3687 675 3751 vel
698 3687 873 3751 secundam
896 3685 1056 3770 syllabam
1079 3682 1213 3747 alterius
1237 3683 1300 3748 coli

614 3794 622 3809 Ο

564 3813 940 3874 υἱζ..υυ.·.υῑ..ἑ,υ
975 3811 1134 3859 MUL-

565 3919 635 3968 ots-
654 3939 797 3967 υυυυυ
813 3918 1136 3981 μὲνμυυιζ.-

207 4027 317 4110 Atque
344 4026 379 4089 in
407 4025 559 4091 carminis
587 4022 627 4087 N.
647 4041 673 4086 11
699 4044 794 4087 versu
823 4027 940 4107 quarto
968 4028 1037 4088 tam
1066 4023 1218 4107 frequens
1250 4046 1384 4088 caesura
1415 4028 1491 4108 post

208 4132 348 4215 primam
372 4132 532 4216 syllabam
556 4129 720 4216 sequentis
744 4129 807 4194 coli
836 4136 900 4213 est,
929 4135 966 4195 ut
993 4131 1110 4196 merito
1138 4131 1286 4217 ambigas
1315 4136 1425 4195 utrum
1453 4153 1491 4195 ex

208 4238 373 4322 glyconeis
396 4239 548 4322 periodus
572 4240 700 4302 constet

444 4347 451 4384 ³
529 4369 1259 4414 -oo2o1-=.v-ooaor.¹a-oor'.-

208 4491 250 4533 an
272 4469 307 4533 in
330 4469 472 4535 ionicum
496 4474 637 4535 tractum
660 4470 791 4556 singula
813 4471 885 4535 cola
908 4476 1024 4535 exeant

420 4620 493 4646 wo
518 4599 758 4661 ἱυυ-υι-’-,,
811 4610 830 4646 ῦ
854 4599 1151 4647 *omos-,02
1225 4639 1277 4647 --

207 4702 247 4768 In
280 4702 321 4767 iis
354 4725 428 4768 vero
462 4703 623 4788 versibuS,
659 4705 715 4788 qui
747 4704 781 4769 in
813 4704 969 4769 creticum
1000 4704 1115 4788 pedem
1146 4708 1223 4789 post
1258 4702 1491 4788 procatalexim

209 4815 327 4877 exeunt
350 4815 406 4875 aut
429 4835 449 4875 a
470 4811 611 4876 iambico
633 4810 685 4876 vel
708 4811 874 4876 trochaico
896 4812 1021 4896 proodo
1044 4816 1248 4876 monometro
1272 4810 1492 4894 exordiuntur,
