3406 5378
550 372 599 423 111.
623 371 673 422 DE
691 371 800 423 LUDIS
819 373 865 423 ET
883 373 1057 426 BPINICIIS.
1357 371 1444 427 LXIX

166 535 294 622 Augen,
327 535 492 620 Epeorum
520 556 611 620 rege,
642 533 838 618 instituisse,
866 535 1067 619 eundemque
1096 534 1176 601 oleis
1205 535 1377 600 arboribus
1405 559 1444 601 ex

166 642 453 728 Hyperborcorum
477 646 565 706 terra
586 641 621 705 in
645 640 850 729 Olympicum
874 664 1004 728 agrum,
1031 642 1109 706 solis
1133 642 1321 708 ardentibus
1344 644 1443 709 radiis

165 753 261 813 antea
284 747 477 834 expositum,
501 747 750 833 transplantatis
771 748 953 833 oleaginum
976 770 1129 814 coronam
1152 749 1330 816 victoribus
1350 751 1445 815 desti-

165 878 268 940 nasse,
291 855 433 920 carmine
457 853 493 919 0.
509 873 547 918 ιιι
570 855 690 939 partim
714 854 842 919 rettulit
865 855 985 940 partim
1008 856 1112 921 finxit.
1149 855 1234 933 Quin
1258 856 1356 921 etiam
1376 858 1444 943 qui-

165 985 240 1028 nam
254 963 290 1026 in
303 961 388 1027 ludis
407 961 472 1025 illis
488 962 529 1027 ab
546 961 683 1026 Hercule
703 961 865 1025 institutis
884 962 981 1045 primi
999 963 1144 1048 praemia
1157 962 1360 1048 singulorum
1376 987 1443 1030 cer-

164 1070 323 1135 taminum
342 1068 588 1152 reportaverint,
608 1068 737 1153 copiose
757 1067 898 1133 carmine
913 1068 947 1132 0.
963 1086 986 1131 x
1005 1069 1146 1155 exponit.
1180 1067 1307 1135 Similia
1326 1075 1443 1155 autem,

166 1178 194 1244 si
218 1199 300 1262 quae
322 1175 374 1240 Ps.
393 1174 457 1240 Dio
480 1175 515 1238 in
540 1175 686 1239 oratione
708 1173 918 1241 Corinthiaco
939 1197 969 1258 p.
990 1176 1051 1240 107
1072 1176 1102 1239 R.
1122 1176 1229 1261 refert,
1252 1177 1291 1240 ad
1311 1177 1443 1243 Pindari

163 1284 337 1369 epinicium
365 1282 496 1367 aliquod
524 1281 719 1348 Isthmicum
752 1304 837 1346 nunc
865 1282 1066 1366 deperditum
1094 1283 1257 1348 retrahere
1285 1284 1372 1370 licet,
1403 1286 1442 1350 de

163 1391 317 1476 mythicis
350 1389 435 1455 ludis
462 1389 630 1455 lsthmicis
658 1411 677 1453 a
704 1388 858 1474 Neptuno
882 1393 915 1453 et
939 1387 1013 1454 Sole
1045 1389 1207 1454 institutis
1239 1397 1442 1458 commentus

162 1504 222 1565 est.
258 1496 386 1583 Pythiis
407 1519 481 1562 vero
504 1496 589 1562 ludis
613 1496 700 1581 quod
719 1494 875 1580 Orestem,
900 1495 1154 1582 Agamemnonis
1172 1496 1286 1578 filium,
1309 1498 1343 1561 in
1363 1520 1442 1584 agro

162 1605 295 1691 Pyladis
330 1604 426 1669 amici
455 1603 534 1668 olim
562 1605 600 1668 de
629 1625 749 1669 corona
777 1606 918 1667 certasse
946 1602 980 1666 P.
1004 1619 1040 1666 xi
1065 1604 1105 1668 15
1129 1607 1253 1686 narrat,
1288 1603 1443 1690 Sophocli

163 1714 297 1779 eandem
320 1711 466 1776 fabulam
493 1710 528 1774 in
552 1710 654 1776 Elect.
674 1711 734 1776 681
750 1732 791 1774 ss.
824 1710 994 1774 exornanti
1026 1709 1172 1793 praeivit.
1227 1710 1304 1795 Ipso
1334 1716 1443 1777 autem

161 1821 291 1885 nomine
306 1819 500 1903 Pythiornm
519 1840 593 1882 cum
612 1817 834 1903 significatum
852 1839 923 1882 esse
941 1817 1098 1901 videatur,
1120 1816 1181 1881 hos
1201 1839 1329 1902 qnoque
1348 1818 1443 1884 ludos

162 1929 202 1993 ad
226 1927 385 2013 originem
408 1925 588 1990 fabularem
612 1931 645 1990 et
672 1946 816 2010 pugnam
839 1922 1002 2008 Apollinis
1031 1947 1104 1988 enm
1127 1923 1276 2008 Pythone
1304 1925 1443 1990 dracone

162 2038 380 2121 depugnatum
403 2034 524 2098 relatos
548 2054 628 2117 esse,
651 2038 761 2097 tamen
783 2031 868 2095 hanc
890 2030 1035 2095 fabulam
1058 2031 1217 2095 Pindarus
1240 2031 1274 2094 in
1294 2032 1441 2117 epiniciis

160 2165 227 2208 non
249 2144 438 2228 persecutus
458 2144 521 2223 est,
545 2140 600 2206 sed
619 2139 689 2204 solo
708 2139 742 2203 in
762 2160 884 2224 paeane
903 2138 1011 2222 aliquo
1033 2133 1085 2223 (fr.
1101 2135 1159 2224 55)
1178 2138 1300 2224 attigit.
1330 2139 1441 2205 Etiam

162 2272 258 2335 quam
276 2253 374 2335 poeta
387 2248 565 2331 Romanus,
589 2244 724 2330 Statius,
746 2244 920 2310 Thebaidis
939 2244 1022 2309 libro
1043 2243 1158 2329 quinto
1178 2245 1307 2329 copiose
1330 2251 1443 2311 narrat

161 2357 306 2422 fabulam
329 2357 368 2420 de
391 2355 476 2419 ludis
498 2354 533 2418 in
557 2374 636 2438 agro
657 2353 819 2417 Nemeaeo
839 2376 859 2416 a
878 2356 1002 2436 septem
1020 2351 1156 2415 ducibus
1175 2350 1307 2437 Argivis
1327 2357 1442 2417 contra

160 2463 288 2529 Thebas
325 2460 608 2548 proficiscentibus
644 2461 679 2523 in
714 2459 871 2524 honorem
905 2459 1064 2542 Opheltae
1097 2458 1163 2523 sive
1196 2458 1389 2523 Archemori
1423 2483 1442 2523 a

161 2575 310 2655 serpente
346 2567 510 2634 interfecti
546 2564 754 2653 institutis¹),
790 2588 862 2630 eam
897 2565 963 2630 iam
999 2564 1173 2629 Thebanus
1209 2570 1309 2649 poeta
1344 2589 1441 2632 nosse

161 2677 302 2760 videtur,
328 2675 406 2741 licet
428 2697 499 2738 eam
523 2696 589 2738 non
612 2674 689 2739 data
713 2695 810 2758 opera
832 2672 1030 2737 tractaverit.
1076 2670 1162 2735 Nam
1186 2673 1272 2756 quod
1296 2672 1336 2738 N.
1355 2691 1379 2738 x
1398 2675 1440 2740 28

161 2782 324 2847 Theaenm
353 2781 512 2866 Argivum
544 2780 661 2846 vicisse
689 2779 769 2845 dicit
797 2778 832 2844 ἐν
858 2776 1054 2866 Ἀδραστείῳ
1083 2780 1189 2866 νόμῳ,
1219 2779 1281 2845 hoc
1310 2781 1350 2845 ad
1379 2781 1441 2846 Ne

161 2911 289 2955 meaeos
313 2889 406 2953 ludos
430 2887 634 2952 referendum
658 2892 690 2952 et
714 2909 753 2950 ex
777 2885 964 2950 narratione
991 2885 1050 2949 illa
1072 2886 1111 2949 de
1139 2885 1224 2951 ludis
1248 2887 1440 2953 funebribus

163 2997 204 3061 ab
237 2997 394 3080 Adrasto,
426 3017 491 3059 uno
520 3016 559 3059 ex
587 2999 712 3078 septem
741 2993 890 3077 ducibus,
921 2992 1084 3057 institutis
1113 2993 1338 3078 explicandum
1370 3017 1440 3060 esse

161 3103 320 3188 Didymus
353 3101 584 3189 grammaticus
618 3102 699 3165 bene
730 3099 900 3164 intellexit.
946 3099 1150 3185 Quamquam
1177 3100 1322 3165 fabulam
1349 3101 1439 3166 illam

160 3214 237 3295 post
259 3208 433 3274 Pindarum
457 3207 576 3294 tragici
603 3211 731 3292 poetae,
758 3204 939 3290 Aeschylus
963 3207 998 3270 in
1025 3207 1157 3272 Nemeis
1186 3213 1219 3272 et
1233 3207 1441 3294 ,Hypsipyla

160 3316 331 3402 Euripides
354 3316 389 3380 in
412 3315 607 3401 Hypsipyle,
631 3313 810 3378 excoluisse
834 3313 998 3397 videntur,
1021 3335 1085 3398 quo
1108 3318 1205 3399 pacto
1229 3313 1328 3378 etiam
1357 3337 1439 3400 qnae

160 3425 198 3488 de
216 3423 383 3489 lsthmicis
406 3422 491 3487 ludis
514 3423 548 3485 in
572 3422 728 3486 honorem
748 3420 934 3485 Melicertae
958 3419 1037 3484 olim
1059 3419 1156 3485 factis
1180 3425 1278 3504 atque
1302 3420 1340 3484 de
1359 3420 1440 3486 The-

160 3553 215 3596 seo
235 3531 391 3596 lsthmios
410 3530 520 3613 ludos,
543 3551 562 3592 a
581 3526 722 3612 Sisypho
742 3527 817 3592 illos
836 3527 977 3612 primum
996 3526 1178 3611 inst'tutos,
1199 3533 1276 3611 post
1295 3525 1439 3593 Sinidem

159 3639 320 3703 latronem
348 3635 510 3700 demotum
532 3635 736 3700 instaurante
764 3633 889 3698 scholia
911 3633 1042 3697 Pindari
1066 3656 1096 3717 p.
1116 3636 1181 3698 514
1191 3633 1270 3718 soil
1294 3640 1439 3722 narrant,

160 3745 213 3809 vix
236 3744 371 3809 dubium
394 3747 444 3807 est
473 3742 552 3826 quin
575 3743 615 3807 ab
639 3742 760 3807 Atticis
786 3741 892 3824 poetis
916 3746 949 3805 et
972 3741 1184 3827 logograpbis
1206 3741 1340 3807 inventa
1364 3742 1438 3807 sint.

160 3853 304 3935 Denique
333 3872 372 3914 ex
400 3849 581 3914 minoribus
610 3871 736 3933 quoque
765 3848 850 3912 ludis
876 3848 1051 3912 nonnullos
1075 3847 1114 3911 ad
1138 3848 1268 3913 heroica
1290 3853 1438 3934 tempora

158 3959 317 4024 Pindarus
336 3957 485 4042 retraxit3
510 3956 556 4020 sic
575 3953 757 4040 Sicyonios,
782 3977 864 4040 qnos
884 3978 903 4019 a
922 3953 1087 4020 Clisthene
1106 3959 1245 4039 tyranno
1266 3954 1437 4021 institutos

161 4089 231 4131 esse
254 4065 413 4130 historica
434 4064 497 4129 fide
521 4068 659 4146 constat,
683 4063 723 4127 ab
742 4063 884 4127 Adrasto
908 4062 1006 4127 heroe
1030 4062 1178 4127 conditos
1202 4083 1272 4126 esse
1295 4062 1335 4126 N.
1358 4067 1437 4128 ma

158 4178 192 4238 et
214 4173 355 4238 111144
379 4171 554 4255 fabulatur,
577 4169 736 4255 Phylacae
759 4170 853 4234 ludos
875 4169 911 4234 in
929 4170 1118 4235 memoriam
1138 4168 1309 4234 Protesilai
1329 4170 1437 4235 herois

157 4280 328 4345 inst'tntos
361 4300 431 4343 esse
454 4278 572 4342 1158
597 4278 774 4363 significat,
809 4275 962 4342 Lemnios
999 4277 1093 4341 ludos
1126 4300 1199 4342 cum
1232 4277 1436 4361 expeditione

157 4385 437 4472 Argonautarum,
468 4389 610 4449 veterem
637 4385 671 4448 ni
699 4385 796 4448 fallor
822 4385 943 4449 famam
971 4389 1115 4469 secutus,
1148 4384 1318 4469 coniungit
1349 4384 1379 4450 P.
1400 4404 1435 4449 1v

158 4494 222 4557 251
250 4498 283 4557 et
311 4492 346 4557 Ο.
367 4511 402 4556 lv
421 4495 473 4557 22.
526 4491 667 4557 Neronis
695 4513 771 4556 vero
805 4492 1020 4577 temporibus,
1052 4497 1090 4555 ut
1123 4515 1220 4576 quam
1248 4492 1345 4578 longe
1374 4493 1436 4558 hoc

158 4619 298 4627 —--—-.-.

248 4688 273 4755 1)
292 4703 317 4738 v.
334 4684 420 4738 schol.
435 4685 473 4785 ad
486 4684 566 4740 Nem.
581 4685 697 4754 hypoth.
713 4705 739 4755 p,
756 4691 807 4737 lar
819 4703 857 4752 sq.
879 4688 908 4739 et
926 4687 962 4739 ad
981 4685 1015 4740 N.
1031 4705 1078 4738 vnr
1098 4691 1140 4741 89.
1160 4704 1177 4738 x
1197 4691 1239 4740 49.
1260 4685 1389 4755 Apollod.
1404 4706 1436 4738 ιιι

159 4763 184 4824 θ’
200 4762 224 4812 4'
243 4756 520 4896 2111111...
536 4833 577 4882 ac.
599 4826 707 4881 erasus
721 4845 747 4882 n.
763 4827 790 4881 ι,
806 4846 843 4880 vu
858 4833 917 4882 ros.
