3406 5378
704 382 827 435 ΝΕΜΕΔ
846 381 895 436 ΙΙΙ.

213 546 327 631 πέμπω
351 543 551 631 μεμιγμένον
573 542 646 628 μέλι
670 548 775 632 λευκῷ

214 657 277 719 σὺν
299 655 450 736 γάλακτι,
473 650 654 737 κιρναμένα
678 649 711 715 d'
737 648 822 735 ἔερσ’
839 692 852 699 -
868 647 1019 734 ἀμφέπει,

212 758 290 845 πόμ’
317 759 471 844 ἀοίδιμον
494 761 657 843 Αἰολῇσιν
682 757 718 822 ἐν
740 770 897 823 πνοαῖσιν
920 758 1041 838 αὐλῶν,

161 994 195 1040 80
214 975 278 1054 ὀψέ
298 997 367 1058 περ.
405 977 472 1039 ἔστι
497 971 528 1036 d’
554 973 660 1048 αιέιὸς
684 971 771 1048 ὠκὺς
795 971 830 1037 ἐν
853 983 1017 1049 ποτανοῖς,
1248 969 1313 1034 Ἐπ.
1338 972 1357 1034 d
1365 968 1382 1035 ‘.

215 1082 251 1158 ὃς
274 1085 391 1165 ἔλαβεν
414 1076 506 1164 αἶψα,
529 1083 651 1163 τηλόθε
674 1082 941 1163 μεταμαιόμενος,
1387 1095 1437 1142 140

260 1189 424 1273 δαφοινὸν
448 1189 568 1270 ἄγ-ραν
591 1190 704 1251 ποσίν·

214 1295 369 1380 κραγέται
393 1291 430 1359 δὲ
452 1291 594 1358 κολοι-ολ
617 1293 754 1358 ταπεινὰ
777 1290 941 1376 νέμονται.

215 1407 268 1468 τίν
291 1426 327 1485 γε
350 1401 421 1486 μέν,
444 1401 612 1484 εὐθρόνου
636 1404 763 1476 Κλεοῦς
787 1398 912 1465 ἐθελοί-

261 1527 335 1591 σας,
358 1507 570 1592 ἀεθλοφόρου
586 1547 599 1554 -
615 1508 756 1590 λήματος
778 1504 888 1571 ἕνεκεν

218 1614 346 1699 Νεμέας
366 1612 609 1697 Ἐπιδαυρόθεν
632 1611 662 1678 τ’

261 1725 324 1787 ἄπο
347 1720 402 1786 καὶ
427 1721 594 1806 Μεγάρων
617 1719 790 1805 όέδορ-κεν
813 1720 906 1805 φάος.

163 1915 269 1986 Bergk:
289 1914 387 1968 daron
401 1914 481 1969 codd.
497 1917 526 1968 et
540 1914 624 1969 schol.
640 1911 720 1968 -τό
734 1910 766 1967 δέ
781 1935 806 1967 τι
821 1914 850 1968 D
864 1946 896 1954 —
913 1919 954 1970 77.
969 1915 1059 1985 suppl.
1075 1915 1105 1969 in
1119 1933 1206 1985 marg.
1223 1916 1252 1969 D
1268 1948 1300 1956 -
1316 1922 1357 1970 w.
1374 1914 1436 1970 Alo-

164 1992 242 2058 λῇσιν
266 1986 390 2040 Boeckh:
415 1983 533 2040 clotiaco
557 1986 619 2039 BD
646 2017 681 2025 -
708 1994 840 2039 πνοαῖσιν
868 1986 904 2040 V:
930 1994 1031 2048 πνοαῖς
1049 1988 1112 2041 BD
1141 2019 1173 2028 -
1202 1993 1245 2042 80.
1268 2007 1328 2043 πει.
1348 1989 1377 2042 D
1405 2018 1437 2027 -

164 2063 206 2113 83.
226 2062 322 2120 altoire
341 2058 383 2112 D:
403 2061 511 2120 κλειοῦς
529 2058 570 2125 Β,
589 2057 668 2119 νλεὸς
694 2057 727 2122 V;
747 2056 819 2110 conf.
839 2056 918 2110 Pind.
939 2056 971 2111 fr.
987 2073 1033 2111 aaa.

165 2206 207 2256 77.
227 2199 308 2254 euavi
326 2203 355 2254 et
374 2201 444 2253 bene
463 2201 619 2270 temperato
639 2198 718 2268 potui
738 2216 818 2252 enum
841 2215 953 2252 carmen
977 2203 1122 2269 comparat
1140 2200 1219 2255 tibiis
1238 2200 1351 2256 Aeolice
1369 2204 1440 2256 tem-

164 2271 271 2342 peratis
289 2272 454 2336 canendum,
468 2271 498 2323 id
513 2270 589 2351 quod
603 2287 667 2324 cum
680 2269 772 2339 ipsum
787 2286 836 2338 per
850 2286 879 2322 ee
894 2270 998 2323 bonam
1012 2272 1180 2325 sententiam
1195 2273 1338 2354 praebeat,
1354 2273 1439 2327 etiam

165 2343 259 2413 aptius
279 2343 344 2396 huic
362 2341 423 2397 loco
442 2342 486 2409 fit,
506 2359 530 2395 ει
548 2358 660 2395 carmen
679 2340 708 2393 in
727 2340 855 2395 convivio
874 2344 1020 2395 cantatum
1039 2358 1099 2396 esee
1119 2345 1281 2413 statamus,
1301 2347 1333 2397 ut
1352 2344 1381 2399 0.
1402 2363 1441 2398 vn

166 2447 198 2455 —
218 2412 399 2484 μεμιγνέμου·
424 2413 459 2467 de
482 2415 551 2482 potu
575 2412 662 2465 mixto
686 2411 758 2465 conf.
778 2410 879 2465 Aeliam
898 2412 933 2466 de
952 2429 995 2466 an.
1018 2429 1050 2482 ιι,
1065 2431 1090 2468 r:
1114 2414 1182 2484 ἀμέλ
1201 2433 1262 2469 ουσι
1285 2415 1339 2484 γὰρ
1355 2413 1441 2470 Ἰνδοὶ

164 2486 375 2554 περιγλόιιιστον
394 2484 464 2553 γάλα
483 2485 531 2538 καὶ
550 2485 583 2536 οὐ
603 2484 715 2537 δέονται
734 2483 868 2551 ἀναμῖξαι
887 2484 962 2549 αὐτῷ
981 2483 1049 2554 μέλι,
1069 2483 1138 2553 ὅπερ
1157 2506 1209 2540 ουν
1226 2488 1329 2554 δρῶσιν
1342 2483 1440 2556 Ἕλλη-

165 2576 212 2620 νες
235 2589 267 2597 -
292 2564 334 2611 78.
354 2555 508 2624 κιρναμένα
531 2553 559 2608 δ’
581 2553 661 2622 ἔερσαι
684 2571 739 2608 non
764 2553 859 2607 vinum
878 2553 956 2608 melli
980 2558 1009 2609 et
1027 2555 1096 2610 lacti
1115 2556 1272 2610 admixtum
1291 2557 1440 2627 significat,

166 2628 196 2682 id
215 2627 290 2697 quod
310 2644 327 2680 a
346 2644 436 2681 rerum
458 2629 560 2680 natura
578 2628 607 2680 et
625 2624 769 2679 hominum
790 2641 842 2678 usu
864 2624 1003 2693 abhorret,
1025 2627 1074 2679 ned
1094 2626 1229 2696 liquorem
1249 2628 1330 2681 illum
1348 2628 1441 2699 ipsum

165 2717 199 2753 ex
218 2698 415 2754 commixtione
434 2697 525 2751 mellic
540 2702 569 2751 et
586 2697 670 2751 lactis
688 2699 787 2750 natum
803 2728 834 2736 —
851 2701 892 2750 79.
908 2695 976 2766 πόμ’
993 2697 1132 2767 ἀοίδιμον,
1151 2699 1335 2769 appositionis
1350 2699 1441 2753 instar

165 2771 203 2825 ad
217 2769 280 2825 τόδε
295 2773 329 2840 (v.
346 2773 382 2837 ιι)
398 2770 527 2823 additum
545 2771 588 2823 eat
608 2800 640 2809 -
660 2773 738 2822 ὃθεν.
757 2785 818 2822 sero
837 2767 951 2836 quidem
970 2785 1082 2823 carmen
1101 2769 1232 2838 mitt-itur,
1252 2772 1300 2824 sed
1316 2788 1333 2825 a
1347 2775 1439 2841 poeta,

166 2842 213 2911 qui
233 2846 340 2896 ceteros
359 2841 441 2909 longe
461 2843 573 2910 superet
592 2843 620 2894 et
638 2838 751 2893 etiamsi
769 2839 854 2909 longo
873 2838 1022 2894 intervallo
1040 2844 1105 2911 post
1123 2841 1322 2911 proficiscatur,
1346 2848 1442 2896 tamm

167 2917 273 2968 ceteros
292 2912 376 2967 facile
396 2916 591 2981 consequatur.
624 2911 662 2965 Su
699 2912 779 2965 rbam
798 2911 870 2964 hanc
890 2927 956 2965 suae
977 2911 1046 2964 artie
1065 2911 1247 2967 iactationem
1267 2912 1312 2967 hio
1331 2912 1406 2969 etO.
1421 2932 1442 2965 11

166 3001 193 3041 oe
211 2983 420 3054 comparatione
440 2983 552 3051 aquilae
571 3000 657 3053 gracu
670 2999 700 3035 oa
720 2982 898 3036 clamitantes
918 2983 1074 3052 spernentis
1098 2985 1127 3037 et
1145 2986 1289 3038 cruentam
1308 2984 1441 3054 praedam

167 3055 295 3112 celeriter
317 3054 454 3124 capientia
478 3054 605 3108 illustrat
627 3086 662 3093 —
685 3058 727 3107 83.
747 3052 798 3120 μὲν
823 3052 943 3107 similem
964 3053 1010 3107 hic
1033 3054 1119 3108 habet
1137 3054 1195 3109 vim
1214 3059 1299 3124 atque
1318 3054 1386 3125 μήν,
1410 3058 1443 3108 ut

166 3127 286 3196 nomini,
306 3126 350 3181 cui
369 3125 559 3196 postponitur,
579 3125 688 3194 pondus
707 3124 808 3190 addat3
834 3124 937 3193 duplex
956 3129 1051 3179 autem
1069 3126 1111 3179 vis
1130 3126 1213 3181 huius
1232 3126 1389 3197 particulae
1408 3143 1441 3181 ex

167 3198 289 3253 confusis
309 3197 395 3279 longa
414 3203 443 3251 et
461 3196 540 3251 brevi
558 3194 704 3250 vocalibus
723 3198 823 3264 (ΜΕΝ
837 3222 869 3239 =
884 3194 935 3264 μέν
954 3200 983 3250 et
1000 3196 1066 3265 μήν)
1085 3201 1147 3251 orta
1166 3200 1217 3264 est,
1236 3201 1268 3252 nt
1287 3198 1442 3269 particulae

169 3271 255 3323 NTN
280 3268 385 3324 vocahe
410 3272 438 3322 et
461 3268 545 3337 longa
568 3271 597 3321 ct
619 3266 712 3320 brevis
736 3265 811 3336 apud
834 3265 986 3320 Pindarum
1009 3270 1053 3321 eet
1079 3300 1114 3308 -
1141 3275 1184 3323 84.
1204 3266 1337 3337 δέδορκεν
1360 3269 1442 3339 φάος,

168 3341 251 3412 longe
270 3340 450 3410 conspicuum
468 3343 512 3393 eet
529 3339 623 3392 lumen
638 3341 749 3391 tuarum
763 3336 955 3403 victoriarum
976 3338 1010 3392 cf.
1026 3338 1134 3406 0.1n;
1154 3339 1333 3409 conspicuum
1348 3344 1443 3396 autem

168 3412 197 3466 id
216 3413 322 3466 lactum
346 3428 405 3466 esee
430 3410 571 3481 significat
589 3426 638 3463 uuo
658 3408 781 3463 carmine
809 3425 864 3463 non
892 3408 983 3463 invita
1001 3410 1083 3464 Musa
1105 3410 1189 3466 sacto„
1227 3411 1359 3482 Speciosa
1376 3428 1442 3467 vero

168 3484 329 3539 coniectura
352 3482 474 3536 Dissenii
498 3485 593 3536 estex
614 3479 717 3535 collato
736 3497 817 3534 versu
837 3497 862 3534 ra
881 3481 1019 3549 profecta,
1045 3481 1215 3537 Nemeaeam
1239 3481 1387 3538 victoriam
1406 3484 1442 3537 ab

167 3554 336 3680 Azistoclide
358 3554 531 3624 provectiore
555 3555 662 3619 aetate,
689 3550 869 3622 Epidaurium
894 3550 983 3621 virili,
1010 3552 1203 3621 Megareusem
1226 3554 1327 3623 puerili
1350 3571 1442 3625 tepor·

168 3629 199 3680 ta
213 3644 259 3680 arn
278 3643 345 3680 enee.
1248 3638 1251 3643 ·

225 4940 358 4993 Pruneuue,
373 4940 407 4980 ed.
423 4938 525 5008 clrrvlet.
