3406 5378
289 355 332 417 32
759 354 909 404 PINDARI
926 353 1094 404 EPINICIA.

289 544 418 584 errorem
450 522 578 598 inducti,
610 525 723 580 ceteras
753 520 895 580 victorias
927 519 987 578 alio
1020 538 1098 578 anno
1131 519 1299 593 reportatas
1332 536 1394 577 esse
1427 517 1567 576 arbitrati

290 614 437 672 mutarem
460 613 524 671 eius
547 610 704 670 victoriam
729 609 774 669 Ol.
795 612 833 669 81
856 609 1028 668 coniectura
1050 607 1149 666 futtili
1171 605 1373 685 assignabant.
1417 607 1475 665 Sed
1498 626 1568 665 cum

290 722 386 779 neque
405 701 542 777 pluribus
558 699 786 776 olympiadibus
805 697 963 757 victoriam
981 696 1172 755 Psaumidem
1194 698 1362 771 reportasse
1382 696 1567 755 testimonio-

290 812 358 849 rum
381 790 437 850 fide
462 792 576 850 constet
600 792 630 846 et
653 788 762 863 triplex
780 787 907 846 victoria
925 785 1072 862 equestris
1091 784 1193 844 eodem
1213 804 1291 844 anno
1307 788 1461 860 reportata
1477 786 1567 861 plane

291 879 429 939 inaudita
456 879 508 955 sit,
540 877 708 935 Boeckhius
731 896 794 935 rem
817 876 861 933 ita
884 875 1047 951 expedivit,
1071 876 1107 931 ut
1129 873 1320 933 Psaumidem
1344 872 1389 933 Ol.
1411 877 1451 934 82
1475 876 1568 933 rheda

291 968 401 1027 mulari
430 969 494 1027 sola
516 966 637 1042 vicisse,
665 965 767 1025 eodem
791 967 893 1023 autem
916 983 995 1023 anno
1019 963 1110 1022 etiam
1134 962 1288 1040 quadrigis
1312 965 1342 1021 et
1365 984 1441 1040 equo
1469 964 1568 1023 desul-

291 1057 369 1117 torio
400 1060 543 1132 certasse,
574 1054 624 1113 sed
655 1075 713 1114 non
743 1053 848 1112 vicisse
879 1055 1033 1112 statueret.
1080 1052 1176 1111 Locus
1207 1071 1341 1130 quoque,
1370 1073 1430 1128 quo
1458 1057 1568 1130 quarta

290 1147 365 1205 haec
388 1145 446 1204 oda
469 1147 590 1203 cantata
613 1161 676 1202 esse
699 1142 859 1218 videretur,
882 1141 914 1200 in
938 1141 1185 1217 disceptationem
1207 1141 1297 1199 venit.
1341 1141 1408 1200 Una
1431 1143 1509 1202 enim
1532 1163 1569 1201 ex

291 1238 377 1311 parte
401 1234 552 1310 particula
575 1229 679 1291 αὐτίκα
702 1251 730 1290 v.
750 1242 765 1289 5
789 1230 898 1290 indicio
922 1248 985 1289 esse
1003 1230 1131 1307 videtur,
1150 1229 1239 1289 odam
1257 1230 1398 1289 continuo
1417 1235 1486 1307 post
1504 1232 1569 1307 pal·

292 1343 371 1382 mam
385 1326 504 1399 partam
519 1320 676 1398 Olympiae
691 1323 844 1379 cantatam
858 1337 934 1396 esse3
958 1319 1055 1378 altera
1069 1321 1171 1378 autem
1190 1339 1226 1378 ex
1243 1322 1329 1395 parte
1348 1320 1568 1379 invocationem

291 1413 372 1471 Iovis
386 1411 513 1471 Aetnaei
529 1405 569 1488 (v.
585 1405 615 1488 t)
630 1410 726 1487 magis
745 1409 870 1467 carmini
888 1408 919 1466 in
939 1408 1042 1468 Sicilia
1056 1408 1204 1467 cantando
1224 1409 1380 1468 convenire
1398 1413 1491 1486 patet.
1524 1410 1568 1467 De

292 1501 366 1560 urbe
382 1500 539 1559 Camerina
558 1499 622 1574 ipsa
642 1499 765 1574 eiusque
785 1497 846 1557 situ
865 1501 895 1555 et
913 1497 1039 1556 historia
1053 1497 1202 1557 uberrime
1216 1497 1384 1573 disputavit
1400 1499 1570 1576 Schubring

292 1590 399 1649 Philol.
415 1601 448 1647 ιι
464 1581 504 1667 (a.
523 1581 621 1667 1873)
637 1599 689 1646 cco
704 1606 741 1647 ss.

384 1679 418 1736 Iu
446 1678 543 1754 prima
570 1679 655 1755 parte
683 1675 823 1735 carminis
850 1675 952 1735 Iovem
979 1678 1069 1750 poeta
1100 1675 1233 1752 invocat,
1263 1679 1300 1734 ut
1329 1678 1569 1738 comissationem

294 1767 463 1826 Psaumidis
491 1765 612 1827 victoris
640 1765 789 1841 propitius
818 1764 948 1840 accipiat
970 1765 1000 1821 et
1027 1764 1139 1822 futuris
1162 1764 1226 1824 eius
1249 1766 1381 1825 consiliis
1403 1767 1477 1826 bene
1501 1787 1569 1843 pro·

292 1857 402 1916 videat.
449 1855 484 1913 In
508 1853 603 1929 epoda
626 1853 727 1931 exigui
755 1852 908 1929 carminis,
936 1856 971 1909 ut
995 1872 1031 1911 ne
1055 1852 1192 1912 fabulosa
1215 1855 1385 1915 narratione
1409 1856 1497 1932 plane
1521 1876 1569 1915 ca·

295 1948 386 2022 reret,
409 1942 613 2019 Psaumidem,
637 1942 690 2018 qui
713 1959 878 2018 praecanus
901 1940 1059 2000 victoriam
1081 1946 1248 2017 reportasse
1271 1943 1398 2022 videtur,
1422 1965 1491 2004 cum
1514 1946 1569 2004 Er·

292 2034 363 2112 gino
386 2032 522 2109 Clymeni
540 2030 601 2090 filio
617 2032 794 2109 Argonauta
813 2032 977 2107 comparat,
999 2030 1052 2106 qui
1070 2029 1102 2088 in
1120 2030 1200 2089 ludis
1219 2032 1393 2092 funebribus
1414 2035 1569 2112 Thoantis,

293 2143 361 2182 curn
389 2122 420 2180 in
448 2140 570 2180 arenam
599 2120 777 2179 descendens
802 2119 839 2177 ob
862 2118 1002 2178 canitiem
1025 2118 1204 2195 capillorum
1226 2122 1387 2181 mulierum
1410 2123 1570 2184 cachinnos

293 2212 443 2288 movisset,
467 2210 600 2287 palmam
623 2228 712 2269 cursu
735 2208 853 2268 monuit.

838 2325 882 2391 De
906 2327 1028 2392 metris.

383 2441 531 2502 Carminis
557 2441 648 2500 huius
675 2440 706 2498 in
734 2459 845 2516 pompa
874 2431 914 2522 (v.
936 2432 983 2519 12)
1007 2439 1115 2499 fidibus
1138 2441 1358 2502 succinentibus
1381 2435 1422 2523 (v.
1446 2438 1476 2525 3)
1500 2464 1569 2504 can-

296 2533 354 2592 tati
385 2531 501 2590 numeri
532 2534 603 2589 sunt
632 2529 799 2608 logaoedici
831 2532 862 2587 et
889 2528 1046 2606 trochaici,
1076 2530 1226 2588 communi
1254 2534 1355 2590 tractu
1377 2532 1478 2593 Ionico
1502 2553 1570 2594 con·

295 2621 409 2681 sociati.
459 2621 495 2679 ln
524 2639 634 2696 pompa
664 2638 733 2678 cum
764 2618 868 2694 aequis
897 2617 1012 2676 vicibus
1042 2618 1145 2677 dextro
1176 2622 1207 2677 et
1236 2620 1356 2680 sinistro
1386 2622 1459 2698 pede
1489 2628 1571 2682 terra

297 2709 444 2787 pulsanda
467 2709 573 2786 fuerit,
598 2726 699 2768 omnes
722 2725 825 2767 versus
848 2706 880 2764 in
903 2706 1038 2782 dipodias
1061 2707 1105 2766 ita
1128 2706 1259 2767 dividere
1283 2714 1408 2770 conatus
1431 2730 1510 2790 sum,
1534 2715 1571 2770 ut

295 2799 326 2857 in
350 2817 394 2875 ea,
418 2818 508 2875 quam
532 2798 595 2855 ictu
618 2795 792 2875 significavi,
816 2795 883 2854 sede
907 2795 1009 2854 dexter
1031 2813 1083 2870 pes
1106 2796 1177 2871 poni
1199 2801 1307 2873 posset.
1344 2799 1447 2859 Etiam
1467 2801 1570 2859 inania

294 2891 430 2964 tempora
454 2887 491 2945 ad
515 2885 675 2944 intervalla
698 2903 861 2959 pausarum
885 2883 1029 2959 explenda
1051 2886 1217 2944 necessaria
1240 2887 1320 2945 haud
1344 2908 1431 2967 aegre
1455 2889 1570 2948 definiri

293 2978 427 3053 possunt
459 2975 588 3033 Versum
606 2975 749 3049 quartum
768 2977 799 3031 et
817 2973 900 3048 prius
919 2972 1004 3032 colon
1024 2973 1123 3048 quinti
1142 2993 1245 3035 versus
1260 2976 1291 3034 in
1305 2997 1396 3036 unam
1415 2979 1571 3054 periodum

294 3066 524 3142 coniungentem
548 3062 733 3122 Boeclrhium
756 3081 852 3137 neque
876 3061 1024 3139 Bergkius
1042 3082 1137 3138 neque
1162 3084 1216 3141 ego
1241 3067 1336 3125 secuti
1359 3085 1476 3146 sumac,
1497 3068 1571 3127 item

295 3154 349 3213 sub
377 3155 465 3212 finem
493 3152 633 3228 strophae
662 3151 797 3210 codicum
823 3150 912 3209 fidem
939 3151 1024 3226 sequi
1051 3151 1145 3209 malui
1174 3173 1266 3229 quam
1288 3156 1473 3216 Boeckhium
1496 3157 1571 3215 duas

294 3243 407 3319 primas
435 3241 566 3318 syllabas
598 3239 699 3298 ultimi
730 3257 833 3298 versus
866 3239 1054 3314 praecedenti
1086 3242 1186 3300 versui
1218 3243 1403 3304 adicientem.
1448 3246 1570 3323 Longae

295 3335 399 3390 autem
430 3330 540 3389 initiali
570 3348 711 3389 versuum
741 3329 880 3404 strophae
910 3328 993 3386 tertii
1023 3329 1098 3388 sexti
1128 3332 1227 3391 octavi
1250 3333 1334 3409 noni,
1358 3335 1446 3410 epodi
1469 3335 1571 3411 quarti

295 3420 414 3496 septimi
442 3420 504 3479 vim
532 3427 646 3496 μακρᾶς
673 3415 816 3495 τρισήμου
844 3417 1033 3476 tribuendam
1061 3436 1122 3477 esse
1151 3419 1241 3498 duco,
1274 3423 1392 3498 quade
1416 3443 1447 3483 re
1470 3424 1572 3484 confer

294 3509 373 3569 Prol.
397 3527 449 3566 ιιι
474 3511 505 3568 et
529 3527 556 3565 n.
602 3506 806 3566 Difficillimus
836 3526 905 3565 vero
939 3506 976 3565 ad
1006 3506 1207 3567 scandendum
1237 3513 1284 3568 est
1311 3531 1414 3570 versus
1444 3516 1571 3588 quartus

296 3599 445 3675 strophae,
468 3601 504 3656 ut
527 3596 581 3672 qui
604 3616 639 3655 ex
662 3595 734 3654 solis
757 3595 881 3670 syllabis
904 3595 1003 3673 longis
1021 3599 1151 3672 constet,
1175 3598 1314 3674 equidem
1333 3620 1401 3659 eum
1420 3621 1455 3660 ex
1474 3602 1571 3660 tribus

294 3687 433 3763 spondeis
456 3685 626 3762 duplicibus
656 3687 791 3744 constare
819 3683 963 3762 indicavi,
993 3684 1103 3742 etenim
1129 3686 1218 3761 pedes
1246 3688 1336 3746 orthii
1364 3691 1412 3748 vel
1438 3690 1571 3750 trochaei

295 3777 432 3855 semanti,
456 3777 487 3834 in
510 3793 585 3851 quos
609 3776 639 3833 et
662 3774 742 3850 ipsos
765 3793 814 3833 sex
838 3773 970 3849 syllabas
992 3773 1098 3852 longas
1121 3775 1188 3853 cogi
1211 3796 1296 3852 posse
1320 3778 1432 3856 largior

525 3874 828 3925 mmmmm&
1039 3873 1342 3928 mmmmm&

296 3972 420 4034 carmini
444 3973 532 4031 choro
556 3968 705 4047 gradienti
729 3969 877 4028 cantando
900 3969 999 4028 minus
1023 3971 1212 4031 conveniunt.

1335 4115 1415 4197 Στρ.

506 4210 652 4296 Ἐλατὴρ
676 4211 835 4298 ὑπέρτατε
859 4215 1002 4298 βροντᾶς
1025 4214 1296 4300 ἀκαμαντόποδος

557 4325 637 4384 Ζεῦ·
660 4317 730 4383 τεαὶ
754 4320 817 4404 γὰρ
842 4314 924 4406 ὧραι

357 4531 449 4603 ,vinu
467 4530 571 4600 ιιιοτιρ.
598 4511 692 4600 ,Inscr
724 4511 852 4601 Wcippcdr
866 4518 1051 4603 Κριμαριναίῳ
1065 4517 1168 4589 ἅρματι
1183 4522 1218 4587 Α,
1236 4519 1328 4590 Ψαὺμ.
1344 4525 1417 4610 Καρ,
1433 4518 1530 4582 ἵπποις
1546 4520 1575 4585 C,

300 4587 426 4654 Ψααμιὸι
442 4588 626 4658 Καμαριναιῳ
646 4588 810 4657 (Καμαρινῳ
829 4586 866 4653 Β)
885 4605 982 4649 ιπποις
1001 4589 1145 4657 νικήσαντι
1159 4591 1211 4661 τὴν
1230 4591 1420 4661 ὀγδοηκοστηιι
1439 4591 1576 4660 δευτέραν

370 4745 559 4782 causasarum.
597 4744 622 4781 v.
643 4732 666 4780 1.
695 4725 864 4780 vocabulum
891 4727 1137 4801 ἀκαμαντόποδος,
1167 4734 1242 4804 quod
1270 4734 1413 4805 proprium
1441 4753 1576 4805 equorum

196 4869 198 4873 Ι
299 4798 343 4872 (0.
353 4818 384 4852 ιιι
398 4802 420 4869 a)
435 4802 486 4869 est,
506 4798 542 4852 ad
557 4797 664 4852 fulmen
678 4797 752 4853 lovis
766 4796 910 4853 velocibus
925 4800 1004 4869 equis
1019 4804 1145 4860 vehentis
1161 4805 1337 4874 transfertur,
1352 4807 1427 4861 unda
1440 4807 1575 4862 Horatius
