3406 5378
714 376 871 426 oramina
892 377 949 426 Vll.
1430 375 1471 437 51

198 542 310 600 latente
339 543 382 618 et,
412 560 479 599 cum
510 541 539 599 in
572 541 667 598 lucem
692 545 794 600 evecta
818 545 908 618 esset,
939 542 1001 600 Soli
1025 543 1079 601 deo
1103 543 1214 601 donata
1237 535 1381 623 (54-76).
1428 543 1475 601 Ad

199 633 383 706 postremum
412 630 513 688 varias
543 630 684 688 victorias
714 631 864 707 Diagorae
895 635 1027 690 recenset
1056 634 1086 689 et
1116 651 1169 707 pro
1199 632 1303 690 sutura
1331 632 1475 690 l'elicitate

199 719 298 797 gentis
322 720 528 795 Eratidarum,
556 719 605 776 cui
629 719 688 777 iam
712 724 777 778 tum
800 721 933 795 pericula
956 740 974 777 a
997 721 1193 796 popularibus
1218 721 1399 779 factionibus
1422 720 1476 779 im-

200 808 383 885 pendebant,
412 808 464 883 pia
494 810 565 866 vota
594 809 668 866 lacit
699 800 841 889 (ιτ-95).
873 841 915 850 —-
944 809 1073 886 Egregie
1104 809 1248 868 orationis
1278 814 1378 885 partes
1410 830 1478 867 cum

200 897 337 973 partibus
359 897 491 956 metricis
516 897 559 954 ita
581 902 670 973 poeta
692 897 890 974 concinnavit,
909 901 944 955 ut
964 898 1097 974 quinque
1121 899 1253 973 partium
1278 917 1477 975 unaquaeque

200 986 356 1044 triadicam
375 986 530 1062 periodum
550 987 689 1061 strophae
709 986 914 1062 antistrophae
933 987 1018 1062 epodi
1040 989 1248 1064 amplectatur,
1270 1006 1330 1063 qua
1354 988 1389 1045 de
1414 994 1477 1046 arte

201 1095 219 1133 a
242 1076 371 1134 Pindaro
394 1078 536 1150 provecta
560 1079 660 1133 aetate
683 1077 802 1133 exreulta
824 1076 892 1134 vide
917 1077 962 1134 ad⁴
980 1075 1014 1133 Ο.
1030 1095 1092 1133 ιιιιι.

748 1212 793 1277 De
817 1211 938 1276 metris.

293 1325 327 1381 ln
356 1324 595 1400 splendidissimo
623 1324 677 1382 hoe
702 1325 832 1382 carmine
856 1345 874 1382 a
898 1323 1073 1401 vulgaribus
1098 1324 1200 1382 formis
1223 1326 1388 1384 carminum
1412 1326 1480 1384 dac-

202 1412 501 1489 tylo-epitritieorum
525 1417 681 1489 tantopere
708 1414 853 1470 Pindarus
876 1414 1010 1487 recessit,
1038 1416 1073 1471 ut
1096 1413 1244 1489 quomodo
1268 1433 1371 1473 versus
1396 1434 1479 1473 scan-

204 1503 290 1560 dendi
315 1506 346 1560 et
370 1503 485 1560 numeri
509 1502 647 1577 explendi
673 1502 734 1560 sint
757 1522 844 1577 saepe
868 1502 994 1560 dubites
1033 1502 1172 1577 Inprimis
1191 1503 1246 1559 boc
1265 1503 1415 1578 peculiare
1435 1507 1481 1562 est

202 1591 292 1649 huius
322 1591 474 1667 carminis,
505 1591 585 1666 quod
614 1610 702 1666 saepe
730 1611 782 1666 pes
811 1591 840 1648 in
872 1590 928 1648 lma
958 1591 1161 1667 praecedentis
1191 1611 1293 1650 versus
1324 1592 1481 1651 inchoatus

205 1680 234 1738 in
265 1680 412 1756 principio
443 1680 597 1755 sequentis
628 1698 731 1739 versus
761 1679 926 1756 perficitur,
957 1681 1040 1739 velut
1070 1684 1121 1740 str.
1145 1701 1191 1740 vv.
1216 1691 1231 1738 ‘2
1255 1684 1286 1738 et
1309 1693 1339 1757 3,
1363 1695 1378 1737 3
1402 1685 1433 1739 et
1456 1694 1481 1758 4,

202 1781 217 1827 5
237 1774 267 1827 et
287 1781 311 1845 6,
331 1790 375 1845 ep.
396 1781 413 1826 4
432 1773 462 1827 et
482 1781 506 1845 5,
527 1783 542 1826 5
558 1773 588 1826 et
603 1780 627 1844 6,
647 1770 725 1827 unda
745 1770 843 1827 nescio
863 1788 901 1826 an
920 1769 1059 1844 strophae
1079 1787 1182 1828 versus
1196 1781 1275 1845 2—4,
1295 1782 1373 1847 5-5,
1393 1771 1480 1845 epodi

203 1878 306 1917 versus
329 1869 399 1915 4-6
424 1858 453 1916 in
478 1858 615 1932 singulas
639 1858 776 1933 periodos
799 1857 997 1934 coniungendi
1022 1858 1095 1934 sint,
1118 1861 1149 1915 et
1171 1858 1310 1917 versiculi
1335 1860 1479 1918 monocoli

204 1950 254 2006 str.
279 1959 294 2005 ‘3
319 1950 350 2005 et
372 1967 417 2022 ep.
440 1959 471 2023 4,
495 1967 513 2004 a
537 1947 692 2005 maiestate
724 1947 768 2004 illi
799 1947 964 2004 canninnm
995 1946 1359 2021 dactylo-epitriticorum
1390 1967 1481 2024 quam

205 2037 331 2094 maxime
356 2037 445 2094 alieni
475 2029 525 2116 (cl.
551 2036 700 2094 Censorin.
725 2036 761 2093 de
784 2054 859 2093 mus,
883 2056 911 2111 p.
931 2047 996 2111 508,
1020 2048 1035 2092 3
1059 2036 1104 2093 ed.
1129 2030 1191 2116 Κ.),
1219 2037 1351 2095 colorum
1380 2038 1482 2112 potius

204 2145 295 2200 quam
319 2144 460 2183 versuum
484 2126 579 2183 vicem
603 2125 766 2183 obtineant.
811 2124 897 2194 Quod
920 2128 1020 2182 autem
1046 2124 1074 2181 in
1100 2124 1156 2182 fine
1180 2126 1391 2201 plerorumque
1415 2145 1481 2184 ver-

204 2234 292 2272 suum
321 2214 517 2291 perexiguum
540 2217 659 2290 tempus
687 2232 799 2289 pausae
828 2216 918 2289 poeta
940 2213 1075 2289 reliquit,
1099 2213 1155 2271 hoc
1179 2233 1247 2272 cum
1270 2215 1426 2274 alacritate
1451 2219 1481 2273 et

203 2303 319 2361 fervore
343 2303 498 2361 modorum
521 2303 611 2360 huius
635 2303 775 2360 carminis
799 2302 945 2378 cohaeret,
969 2321 1046 2377 quae
1066 2302 1157 2360 etiam
1176 2303 1314 2361 anacrusi
1333 2303 1481 2379 bisyllaba

201 2392 288 2468 primi
315 2411 417 2451 versus
436 2395 467 2448 et
485 2392 655 2466 frequentia
674 2390 890 2466 dactylicorum
908 2391 1042 2449 colorum
1061 2410 1198 2467 expressa
1217 2397 1295 2450 sunl..
1336 2392 1479 2468 Dactylos

203 2481 280 2539 enim
306 2481 379 2538 adeo
403 2484 493 2556 poeta
516 2480 715 2556 praeoptavit,
739 2483 775 2536 nt
798 2482 901 2538 contra
919 2483 1048 2538 velarem
1068 2481 1313 2539 comuetudinem
1333 2475 1481 2556 dact'ylica

203 2569 342 2646 tripodis,
366 2590 423 2628 non
448 2569 598 2644 epitritico
623 2588 711 2628 versu
737 2569 890 2644 stropham
916 2569 1069 2627 clauderet
1087 2562 1139 2649 (cl.
1160 2567 1193 2627 Ο.
1213 2588 1231 2625 s
1251 2574 1302 2628 str.
1322 2570 1354 2630 P.
1375 2589 1405 2627 rx
1426 2590 1481 2645 ep,

201 2658 237 2716 N.
257 2676 288 2715 ιιι
308 2662 358 2717 str.
379 2664 409 2716 et
427 2652 495 2739 ep).
524 2659 693 2717 Admodum
712 2678 781 2716 vero
809 2657 934 2715 dubium
957 2661 1010 2735 est,
1034 2662 1138 2715 utrum
1161 2657 1264 2717 finales
1288 2659 1364 2717 dnae
1389 2660 1479 2733 sylla-

203 2747 257 2805 bae
286 2748 406 2806 secumli
434 2766 538 2806 versus
565 2748 653 2823 epodi
680 2747 750 2805 huic
778 2746 878 2805 versui
905 2747 1109 2806 concedendae
1144 2766 1182 2805 an
1213 2748 1346 2822 proximo
1380 2748 1478 2807 versui

202 2837 408 2913 praeligendae
432 2837 505 2911 sint3
528 2837 675 2912 equidem,
699 2855 766 2895 cum
790 2835 918 2893 iambica
941 2836 1095 2895 anacrusis
1121 2855 1139 2894 a
1164 2836 1315 2913 gravitate
1339 2856 1480 2895 versuum

202 2925 555 3002 dactylo-epitriticorum
583 2925 754 3001 abhorreat,
783 2924 905 3002 Bergkii
929 2944 1020 2999 quam
1044 2925 1186 2983 lloeckhii
1209 2926 1378 3003 veterisque
1402 2927 1480 2984 colo·

204 3015 326 3073 metriae
349 3014 480 3073 rationes
505 3015 588 3089 sequi
612 3014 708 3073 satius
731 3013 815 3090 duxi,
844 3013 1021 3088 praesertim
1049 3033 1116 3072 cum
1144 3014 1236 3073 etiam
1264 3015 1479 3074 sententiarum

204 3104 399 3163 eonl'omratio
424 3104 453 3161 in
474 3123 519 3162 vv.
536 3115 569 3160 33
589 3107 620 3162 et
638 3115 671 3161 aa
691 3102 801 3162 nostris
824 3102 991 3161 rationibus
1014 3103 1123 3163 faveat.
1169 3102 1306 3180 Denique
1330 3104 1365 3163 de
1389 3104 1479 3164 versi-

203 3192 259 3250 bus
278 3193 437 3269 acephalis,
453 3192 595 3267 aquibus
613 3192 737 3267 stropha
756 3191 872 3250 orditur
890 3195 921 3249 et
940 3191 969 3248 in
990 3211 1065 3267 quos
1084 3192 1201 3270 desinit,
1216 3193 1318 3252 confer
1336 3194 1369 3252 Ο.
1384 3210 1439 3250 rm
1457 3207 1480 3251 1.

203 3281 256 3338 Ρ.ι
271 3301 316 3357 ep.
332 3294 356 3338 8.
373 3301 405 3338 ιιι
421 3302 466 3357 ep.
482 3292 506 3338 9.
522 3299 552 3338 rs
569 3292 592 3338 1.
609 3301 654 3357 ep.
670 3294 694 3337 9.
709 3281 745 3338 N.
756 3299 775 3336 r
792 3292 804 3337 1
822 3279 1097 3340 etvidel’rol.r1n.
1114 3300 1131 3337 ι,
1147 3314 1189 3320 --—
1204 3280 1329 3341 Carmen
1342 3283 1398 3342 hoc
1413 3300 1481 3340 can·

204 3372 303 3428 tatum
328 3374 374 3428 est
396 3370 514 3447 publice
538 3389 557 3427 a
580 3368 730 3446 frequenti
754 3369 842 3428 choro
867 3368 945 3426 inter
963 3370 1067 3445 epulas
1087 3389 1105 3427 a
1123 3373 1211 3447 gente
1231 3371 1424 3430 Eratidarum
1443 3372 1481 3429 ad

205 3459 412 3517 celebrandam
443 3459 601 3518 victoriam
631 3458 754 3536 gentilis
783 3457 933 3535 Diagorae
964 3458 1124 3517 adornatas
1151 3451 1194 3539 (v.
1218 3452 1281 3537 94),
1312 3460 1480 3520 consociato

204 3551 296 3605 cantu
320 3548 424 3607 fidium
448 3551 479 3605 et
506 3547 649 3606 tibiarum
679 3539 720 3628 (v.
746 3540 802 3627 la).
848 3546 1012 3605 Pindarum
1036 3547 1135 3624 ipsum
1157 3548 1295 3606 Rhodum
1319 3568 1387 3608 cum
1409 3550 1481 3607 Dia-

203 3657 277 3712 gora
301 3636 412 3695 victore
437 3636 560 3714 venisse,
583 3638 619 3695 ut
641 3637 765 3695 chorum
789 3636 908 3694 doceret
930 3639 961 3693 et
984 3636 1013 3693 in
1033 3636 1165 3695 canendo
1184 3637 1322 3714 praeiret,
1342 3658 1431 3697 versu
1449 3650 1480 3697 13

204 3724 406 3801 significatum
434 3743 496 3784 esse
525 3726 655 3800 ridetur3
684 3725 734 3785 sed
762 3744 831 3783 cum
859 3724 981 3783 verbum
1008 3721 1132 3802 πέμπων
1155 3746 1181 3785 v.
1206 3742 1221 3782 s
1246 3726 1275 3784 in
1300 3728 1480 3786 contrariam

204 3815 384 3873 sententiam
413 3815 493 3872 trahi
520 3815 615 3890 possit
642 3819 673 3873 et
700 3814 803 3873 eodem
832 3832 909 3871 anno
937 3814 1126 3890 Xenophonti
1155 3813 1309 3874 Corinthio
1343 3835 1481 3891 praesens

205 3904 352 3962 Pindarus
372 3903 528 3962 victoriam
548 3904 720 3982 gratulatus
739 3922 802 3961 esse
822 3902 940 3960 dicatur
959 3894 1008 3983 (Ο.
1024 3920 1078 3959 ιιιιι
1094 3898 1134 3983 s),
1158 3903 1231 3961 nihil
1252 3905 1325 3962 certi
1349 3909 1480 3964 statuere

204 3993 309 4068 ausim,
334 3993 390 4050 nisi
415 3993 494 4068 quod
524 3996 643 4069 poetam
672 3993 803 4050 insulam
832 3991 932 4065 ipsum
959 3992 1068 4052 vidisse
1097 3997 1128 4048 et
1150 3992 1283 4050 homines
1308 3994 1480 4071 cognovisse

204 4082 265 4139 veri
290 4082 476 4141 simillimum
499 4085 552 4141 est.

1243 4170 1323 4250 Σνρ.
1348 4165 1391 4230 α’.

419 4274 548 4339 ersten
572 4274 617 4350 ὡς
640 4279 741 4349 εἴτις
765 4272 903 4356 ἀφνειᾶς
926 4271 989 4335 ἀπὸ
1013 4272 1122 4355 χειρὸς
1145 4268 1229 4336 ἑλὼν

417 4382 516 4446 ἔνδον
539 4381 686 4466 ἀμπέλου
709 4379 927 4463 καχλάζοισαν
951 4379 1061 4466 δρόσῳ

279 4555 358 4588 vasis
379 4556 481 4593 ascero.
519 4540 602 4592 lusor.
639 4535 766 4611 Διαγόρᾳ
782 4533 878 4609 Ῥοδίῳ
896 4536 986 4607 πύκτῃ
1006 4537 1141 4603 ΑΒΟΙ),
1160 4540 1307 4606 praetcrea
1326 4538 1434 4592 addunt
1454 4541 1479 4592 A

205 4605 256 4678 υἱῷ
280 4608 465 4678 Δαμαγήτου,
485 4611 578 4664 BDV
594 4610 645 4682 υἱῷ
666 4616 737 4679 Aac.
758 4607 904 4675 νικήσαντι
924 4608 975 4677 τὴν
994 4606 1043 4659 νθ’
1065 4608 1116 4675 (ot‘
1137 4608 1225 4661 minio
1245 4609 1308 4663 add.
1330 4610 1369 4679 D)
1387 4610 1425 4663 dl.
1447 4642 1479 4649 --

277 4768 465 4805 eouannraen.
503 4772 528 4806 v.
551 4759 626 4806 1---6.
651 4754 796 4823 praeclara
815 4749 988 4819 comparatio
1007 4749 1139 4803 carminis
1158 4767 1221 4803 cum
1241 4750 1339 4820 phiala
1357 4751 1416 4804 vini
1435 4751 1480 4819 (cl.

207 4824 238 4873 b.
249 4840 276 4872 rr
289 4824 327 4890 er)
346 4823 457 4891 egregie
476 4823 594 4877 carmini
613 4826 743 4880 convenit
761 4826 789 4877 in
809 4820 937 4877 convivio
957 4821 1109 4887 cantand0;
1129 4822 1163 4875 cf.
1181 4821 1212 4875 Ν.
1229 4842 1257 4875 ιιι
1273 4839 1308 4877 rr.
1345 4823 1400 4875 Res
1420 4823 1482 4892 ipsa

1232 4911 1269 4961 4*
