3406 5378
836 1108 979 1161 ΟΛΤΜΠ.
1000 1105 1048 1159 Θ’.

515 1269 962 1354 ΕΦΑΡΜΟΣΤΩι
999 1270 1382 1357 ΟΠΟΤΝΤΙΩι

834 1466 1045 1516 ΙΙΑΛΛΙΣἸἩι,

853 1764 1029 1834 strophae.

815 3759 995 3842 Argumont
1050 3808 1056 3824 .

383 3891 601 3967 Epharmostus
632 3912 668 3951 ex
697 3890 791 3952 nobili
822 3891 913 3966 stirpe
944 3890 1107 3950 Locrorum
1137 3888 1340 3966 Opuntiorum
1373 3895 1456 3952 ortus
1488 3895 1570 3953 lucta

294 3979 428 4039 victoriis
456 3982 584 4040 similem
612 3984 703 4056 atque
731 3979 871 4058 pugilatu
902 3979 1051 4056 Diagoras
1079 3972 1120 4059 (
1146 3977 1179 4039 Ο.
1201 3971 1259 4062 vu)
1287 3981 1416 4058 gloriam
1444 3983 1570 4059 adeptus

293 4072 346 4128 est.
384 4071 486 4129 Etiam
505 4073 650 4148 cognatus
670 4069 733 4129 eius
752 4068 1015 4145 Lampromaohus,
1039 4087 1168 4144 quonum
1191 4068 1340 4127 Pindarus
1363 4071 1485 4147 hospitii
1505 4073 1570 4130 iure

292 4158 412 4219 innotus
441 4162 506 4218 erat
533 4154 574 4239 (v.
595 4154 656 4239 83),
683 4159 730 4217 bis
757 4158 884 4217 Isthmia
910 4157 990 4216 vicit.
1036 4157 1101 4216 Hoc
1129 4158 1259 4218 carmine
1287 4160 1480 4236 Epharmosti
1509 4162 1569 4220 vio-

291 4248 401 4307 toriam
426 4246 614 4323 Olympicum
644 4248 780 4324 inprimis
808 4246 1037 4324 praedicandam
1066 4246 1122 4304 sibi
1149 4250 1240 4323 poeta
1267 4250 1438 4326 proposuit;
1466 4250 1569 4310 eodem

292 4341 394 4396 autem
413 4336 543 4395 carmine
563 4336 655 4395 etiam
668 4336 810 4413 Pythiam
829 4337 894 4396 eius
912 4335 1071 4394 victoriam
1089 4334 1235 4415 laudavit,
1249 4341 1285 4395 ut
1304 4358 1381 4414 quaa
1400 4359 1459 4398 non
1478 4340 1568 4415 longo

292 4425 434 4501 temporis
457 4425 618 4485 intervallo
647 4425 683 4484 ab
713 4424 871 4503 Olympioa
898 4424 1038 4502 distaret,
1063 4424 1192 4504 duobus,
1221 4427 1338 4504 opinor,
1372 4428 1457 4485 annis
1489 4431 1567 4502 anta,

293 4534 353 4573 non
371 4517 440 4589 post
458 4517 621 4590 reportata.
659 4515 723 4585 Quo
743 4519 845 4575 autem
863 4519 996 4590 tempore
1020 4515 1076 4573 hae
1101 4515 1177 4575 duae
1200 4516 1344 4575 victoriae
1368 4517 1567 4591 Epharmosto

291 4603 463 4682 obtigerint,
481 4607 601 4679 praeter
618 4605 804 4664 notationem
823 4604 932 4664 oodiois
955 4603 979 4660 F
1002 4602 1157 4680 νικήσαντι
1180 4603 1234 4682 τὴν
1258 4599 1312 4663 nn'
1336 4601 1375 4663 o'l.
1395 4605 1426 4662 in
1448 4603 1567 4663 scholiis

291 4693 328 4752 ad
348 4714 374 4753 v.
392 4705 424 4753 lt
444 4693 649 4753 testimouium
674 4697 772 4753 exstat
795 4694 901 4752 misere
925 4697 1112 4769 corruptum:
1136 4691 1251 4771 ἐνίκησε
1275 4689 1306 4752 δὲ
1330 4689 1346 4751 d
1366 4688 1568 4774 Ἐφάρμοστος
