3406 5378
211 327 275 391 352
681 331 829 381 erucam
848 331 1005 381 aerrucrn

209 496 347 573 Denique
376 496 411 554 de
439 498 573 573 tempore
600 497 655 556 hoc
684 496 804 573 quidem
831 499 961 573 constat,
992 516 1109 555 carmen
1137 496 1192 555 hoc
1220 515 1286 555 non
1311 496 1413 572 longe
1436 497 1504 570 past

209 604 344 663 pugnam
372 585 568 645 Salaminiam
597 586 741 661 scriptum
769 604 845 661 esse,
874 605 1003 661 namque
1033 606 1068 644 ex
1091 604 1178 644 versu
1202 595 1237 643 48
1263 584 1367 643 huius
1392 582 1503 662 gloria·

208 674 341 734 sissimae
360 694 479 753 pugnae
499 675 614 733 navalis
633 674 807 734 memoriam
825 678 973 734 recentem
992 675 1150 733 etiamtum
1168 674 1265 733 fuisse
1285 677 1392 751 patet.
1432 672 1503 731 Inde

209 763 296 823 facile
321 763 388 838 quis
413 764 520 822 adduci
543 767 655 841 potest,
683 767 719 822 ut
748 764 921 824 Isthmicam
943 765 1020 823 hana
1043 765 1170 824 alteram
1192 764 1366 823 victoriam
1391 762 1503 837 Phyla-

208 852 291 910 cidae
315 872 382 912 vere
407 854 478 911 anni
501 856 564 913 478
589 872 615 911 a.
635 852 696 931 th,
719 853 900 912 Nemeaeam
923 857 1025 912 autem
1049 857 1163 913 aestate
1187 851 1406 913 antecedentis
1431 851 1503 909 anni

209 944 272 999 479
297 944 481 1017 reportatam
510 961 572 1001 esse
601 945 724 1002 statuat.
775 943 818 1001 At
847 944 968 1021 negotia
998 944 1149 1003 facessunt
1177 946 1319 1019 tempora
1354 940 1503 1001 carminis

209 1030 307 1088 1.v111
330 1030 362 1087 in
384 1031 527 1090 honorem
551 1030 689 1091 Cleandri
717 1032 803 1108 facti,
831 1032 1072 1108 quandoquidem
1096 1032 1240 1091 Cleander
1265 1050 1399 1108 quoque
1425 1030 1502 1089 Isth·

208 1119 269 1177 mia
299 1122 368 1195 post
398 1121 494 1196 ipsam
524 1141 655 1199 pugnam
689 1121 884 1180 Salaminiam
916 1122 1071 1197 pancratio
1104 1121 1209 1180 vicisse
1242 1120 1372 1180 dicitur.
1424 1120 1501 1179 Tam

209 1208 344 1267 disertim
372 1213 474 1268 autem
501 1210 553 1270 illa
581 1210 612 1267 in
634 1211 770 1269 barruine
798 1213 889 1286 poeta
916 1210 1087 1269 discrimina
1116 1210 1188 1268 belli
1215 1209 1334 1268 Persici
1359 1209 1501 1287 proxime

210 1300 279 1356 ante
303 1299 429 1375 depulsa
453 1318 515 1358 esse
539 1300 661 1375 exponit
683 1292 720 1379 (1.
739 1317 795 1358 viu
819 1291 934 1380 5—10),
963 1302 998 1357 ut
1021 1298 1160 1357 Cleandri
1183 1298 1305 1375 quidem
1331 1298 1502 1358 victoriam

209 1387 387 1462 neutiquam
410 1388 500 1447 liceat
521 1387 600 1446 infra
623 1407 735 1447 annum
759 1390 822 1447 478
843 1388 964 1447 deicere.
1001 1388 1114 1447 Verum
1137 1406 1173 1446 ne
1196 1387 1345 1463 proximis
1372 1388 1501 1465 quidem

210 1476 343 1535 Isthmiis
367 1477 437 1535 anui
461 1480 524 1536 476
549 1477 604 1536 hoc
628 1481 763 1536 nostrum
787 1496 905 1537 carmen
929 1481 1009 1536 certo
1033 1476 1184 1554 adsignari
1207 1478 1320 1553 potest,
1347 1477 1500 1553 quoniam

208 1566 362 1624 Melissum
390 1585 509 1642 quoque
533 1566 707 1624 Thebanum
734 1567 825 1642 paulo
853 1568 922 1642 past
954 1585 1088 1643 pugnam
1120 1566 1331 1624 Plataeensem
1367 1566 1501 1625 Isthmia

211 1655 367 1730 pancratio
391 1655 496 1714 vicisse
525 1673 615 1730 supra
643 1656 680 1713 ad
703 1655 726 1712 Ι.
747 1651 830 1733 urlrv
853 1655 1120 1730 comprobavimus.
1167 1654 1232 1724 Qua
1256 1654 1291 1713 de
1316 1674 1419 1714 causa
1444 1659 1500 1714 aut

209 1743 404 1818 Phylacidam
427 1759 454 1803 a.
474 1747 551 1819 476,
574 1744 727 1802 Melissum
751 1764 777 1802 a.
797 1746 874 1820 474,
903 1746 958 1801 aut
982 1745 1045 1803 rice
1071 1762 1169 1820 versa,
1194 1743 1275 1818 quod
1298 1744 1499 1821 temporibus

208 1832 334 1891 duarum
364 1833 556 1892 victoriarum
586 1832 609 1890 Ι.
634 1827 718 1910 urfrv
742 1833 838 1912 magis
868 1833 1105 1909 commendatur,
1133 1832 1330 1907 Phylacidam
1364 1853 1393 1892 a.
1422 1836 1498 1909 474,

209 1922 363 1981 Melissum
382 1941 406 1979 a.
428 1924 490 1980 476
511 1921 637 1979 Isthmia
655 1922 810 1998 pancratio
830 1922 934 1982 vicisse
959 1923 1042 1981 nobis
1066 1921 1259 1980 statuendum
1278 1928 1334 1983 est.
1356 1955 1403 1964 —
1425 1924 1497 1982 Car·

211 2031 278 2068 men
308 2012 405 2087 ipsum
437 2010 593 2069 ieiunitate
618 2011 746 2087 quadam
770 2014 801 2070 et
823 2012 957 2070 exilitate
980 2031 1079 2069 rerum
1103 2011 1385 2087 sententiarumque
1411 2012 1497 2071 laba·

207 2102 263 2160 rat.
300 2100 449 2157 Nimirum
468 2099 513 2158 bis
532 2099 593 2157 iam
611 2099 759 2158 Pindarus
778 2100 884 2159 decora
903 2099 1008 2159 domus
1027 2099 1188 2175 Lamponis
1207 2100 1369 2179 cecinerat,
1392 2121 1495 2179 neque

212 2209 248 2248 ea
271 2208 374 2248 eorum
397 2189 483 2264 copia
507 2191 561 2246 aut
584 2189 722 2264 splendor
746 2192 818 2267 erat,
841 2192 877 2246 ut
900 2189 1036 2264 pluribus
1059 2188 1240 2247 carminibus
1264 2188 1411 2249 idoneam
1431 2210 1496 2250 ma-

208 2279 312 2336 teriem
332 2279 514 2353 praeberent.
547 2277 652 2353 Neque
667 2279 747 2354 quod
766 2298 878 2337 aarum
896 2282 1061 2338 accesserat
1079 2279 1167 2338 decus
1185 2278 1320 2337 ludicrae
1341 2280 1494 2340 victoriae

213 2367 370 2425 Isthmicae
403 2367 446 2425 ita
469 2371 534 2425 erat
561 2370 781 2446 comparatum,
811 2372 848 2426 ut
877 2368 973 2427 denua
1004 2369 1070 2427 vela
1097 2369 1204 2444 poetae
1232 2367 1337 2428 inflare
1363 2369 1495 2446 eiusque

157 2515 159 2520 ,
211 2457 340 2514 mentem
369 2456 405 2514 ad
434 2456 541 2515 altiora
569 2457 691 2515 evehere
720 2461 828 2533 posset.
874 2457 975 2516 Nihilo
999 2460 1099 2515 tamen
1123 2458 1222 2516 minus
1252 2457 1393 2518 imitator
1423 2458 1494 2517 Pin·

211 2545 289 2621 dari,
321 2545 373 2620 qui
405 2545 564 2621 epinicium
589 2544 622 2604 0.
643 2564 661 2602 v
685 2546 802 2622 panxit,
833 2547 888 2605 hoc
919 2546 1054 2622 inprimis
1084 2566 1120 2605 ex
1149 2546 1279 2606 carmine
1310 2548 1433 2607 colores
1464 2552 1495 2607 et

209 2634 374 2693 locutiones
398 2634 513 2693 sumsit.

297 2723 331 2780 ln
360 2724 512 2797 prooemio
540 2723 624 2781 deam
654 2722 761 2781 Thiam
792 2724 853 2781 sive
882 2724 1119 2783 Admirationem
1148 2743 1269 2783 causam
1301 2743 1368 2785 esse
1398 2730 1492 2803 poeta

209 2813 337 2889 exponit,
357 2831 410 2869 cur
428 2812 554 2870 navibus
573 2815 604 2871 et
621 2813 757 2871 curribus
776 2817 806 2870 et
829 2814 974 2890 gymnicis
998 2814 1076 2872 ludis
1100 2815 1234 2874 homines
1257 2816 1387 2890 certent3
1414 2816 1492 2873 nihil

209 2905 310 2959 autern
341 2902 438 2958 maius
469 2901 506 2959 ab
536 2900 705 2959 haminibus
735 2902 838 2977 appeti
865 2922 949 2978 passe
981 2923 1070 2979 quam
1099 2903 1274 2962 felicitatem
1307 2922 1378 2962 cum
1410 2904 1492 2964 baua

209 2991 290 3047 fama
321 2990 510 3048 coniunctam
543 2982 669 3071 (1-16).
720 2989 792 3049 Inde
825 2992 958 3051 victoriis
991 2993 1113 3051 ludicris
1146 2991 1327 3066 Phylacidae
1361 2993 1491 3070 eiusque

209 3079 312 3136 fratris
331 3078 461 3136 breviter
478 3080 715 3138 commemoratis
734 3080 930 3139 Aeacidarum
949 3082 1053 3141 laudes
1071 3081 1213 3157 Aeginae,
1233 3084 1269 3138 ut
1283 3079 1490 3142 Oeneidarunr

210 3167 290 3242 apud
310 3167 441 3243 Aetolae,
461 3167 535 3225 lolai
555 3167 671 3245 Thebis,
690 3169 791 3228 Persei
810 3171 908 3249 Argis,
929 3172 1059 3231 Castoris
1083 3174 1114 3229 et
1137 3170 1268 3229 Pollucis
1291 3170 1330 3228 ad
1352 3171 1490 3232 Eurotae

209 3257 346 3334 fiumina,
371 3256 561 3315 celebrandas
584 3276 647 3315 esse
671 3259 825 3334 praefatus
848 3254 992 3339 (lt-eal,
1016 3261 1107 3319 Aeaci
1132 3259 1261 3318 filioram
1285 3262 1316 3318 et
1340 3264 1489 3335 nepotum

210 3346 338 3404 virtutes
361 3346 446 3403 bellis
470 3345 606 3404 Troianis
629 3348 747 3425 egregie
772 3351 921 3424 spectatas
945 3350 1118 3408 summatim
1141 3348 1316 3425 perstringit
1341 3344 1490 3429 (35—48),

210 3435 319 3510 quibus
348 3434 486 3491 laudibus
514 3434 598 3493 addit
626 3437 812 3511 splendidam
833 3437 959 3513 gloriam
983 3439 1125 3497 victoriae
1150 3457 1245 3513 nuper
1266 3438 1488 3515 Aeginetae-um

215 3525 323 3582 virtute
347 3523 385 3581 ad
409 3524 561 3582 Salamina
584 3528 754 3601 reportatae
779 3518 923 3606 (aa-aa).
960 3528 1006 3585 Ad
1029 3532 1212 3603 postremum
1237 3545 1305 3585 cum
1328 3526 1367 3585 ab
1391 3528 1490 3586 effusa

209 3613 370 3671 eiulatione
399 3613 496 3672 nescio
524 3632 584 3690 qua
613 3634 683 3673 casu
711 3614 792 3672 tristi
815 3619 981 3675 commotus
1004 3638 1033 3674 se
1057 3620 1236 3692 revocasset,
1260 3615 1363 3673 studia
1385 3617 1489 3694 gentis

212 3702 341 3761 eleonioi
362 3702 390 3760 in
411 3702 622 3761 certaminibus
646 3704 792 3782 gymnicis
815 3706 914 3781 posita
937 3706 1101 3764 illustravit
1120 3709 1150 3764 et
1168 3705 1304 3779 inprimis
1328 3704 1488 3782 Pytheam,

209 3792 288 3867 quod
317 3792 354 3850 ad
382 3795 476 3851 artem
503 3792 660 3869 pugilatus
689 3796 810 3852 fratrem
840 3795 950 3868 optime
980 3795 1171 3870 instituisset,
1201 3794 1318 3853 naviter
1347 3794 1489 3853 laudarit

224 3892 351 3939 51—63.

209 3874 222 3962 i
329 3873 343 3962 )
753 3964 796 4029 De
820 3967 941 4031 matris.

299 4060 361 4118 Hae
386 4079 502 4119 carmen
527 4061 666 4119 similitor
689 4063 780 4135 atquc
803 4060 863 4119 dua
886 4061 947 4119 alia
975 4062 1134 4137 Lamponia
1161 4062 1231 4120 filiis
1259 4062 1351 4120 missa
1379 4061 1434 4141 (N.
1459 4080 1478 4121 v

209 4150 230 4206 Ι.
254 4142 299 4229 vi)
328 4151 458 4208 numeris
487 4150 796 4225 ‹lactyla-epitriticis
824 4150 1021 4225 compositum
1049 4155 1106 4227 est,
1139 4172 1241 4209 verum
1264 4151 1351 4210 valde
1376 4152 1487 4211 minui·

209 4244 259 4296 tur
278 4238 307 4295 in
327 4239 382 4297 hoc
401 4238 530 4297 carmine
550 4240 683 4316 gravitas
702 4238 791 4297 huius
810 4257 1001 4297 numerorum
1020 4240 1136 4317 generis
1154 4245 1185 4298 et
1203 4240 1374 4315 frequentia
1393 4242 1487 4317 sylla·

210 4329 315 4385 barum
348 4327 526 4402 ancipitium
559 4332 590 4385 et
621 4328 727 4386 humili
761 4328 907 4385 tenuitate
941 4329 1172 4403 compositionis.
1219 4330 1370 4406 Namque,
1403 4330 1488 4406 quod

209 4435 356 4492 nusquam
377 4417 453 4474 alias
472 4418 585 4474 factum
605 4420 658 4493 est,
678 4417 779 4475 eadem
800 4436 902 4475 versus
923 4419 1017 4476 farma
1037 4418 1197 4493 quinquies
1222 4419 1250 4476 in
1274 4419 1329 4476 hac
1353 4420 1488 4478 carmine

210 4506 335 4563 recum-it
365 4497 430 4584 (str.
453 4518 474 4564 1.
495 4519 519 4563 3.
541 4518 569 4581 5,
594 4525 637 4581 ep.
660 4518 682 4563 1.
702 4500 741 4585 a).
787 4507 957 4565 blonacalas
986 4507 1149 4565 versiculus
1177 4512 1304 4583 quart-us
1335 4509 1488 4585 strophae,

210 4613 299 4669 quem
319 4594 531 4653 llornmsenius
555 4614 620 4653 curn
646 4596 837 4653 antecedente
861 4615 947 4654 versu
973 4597 1001 4653 in
1028 4616 1117 4655 unam
1142 4597 1297 4672 periodum
1321 4598 1489 4675 coniunxit,

209 4683 389 4742 sententiam
416 4685 441 4740 si
470 4687 598 4759 spectas,
628 4684 715 4742 ruodo
739 4684 826 4760 apodi
850 4686 947 4744 locum
971 4678 1032 4757 (vv.
1054 4699 1095 4745 ro,
1115 4698 1156 4743 aa.
1177 4679 1240 4766 aa),
1269 4686 1355 4745 inodo
1380 4688 1489 4763 proadi

209 4766 271 4852 (vv.
292 4785 317 4831 4.
341 4784 383 4831 46.
408 4766 456 4851 aa)
483 4773 612 4848 obtinet,
640 4773 664 4831 si
694 4774 894 4849 rhytlnnicam
921 4775 1186 4834 canlbrrnatianern
1215 4776 1362 4850 potiorem
1391 4776 1490 4855 duale,
