3406 5378
264 360 339 420 LXII
766 366 1045 422 Paouaaonans.

264 536 298 595 et
325 529 466 596 exerceri
496 529 672 615 debebant,
704 535 815 596 tamen
842 528 881 594 de
911 530 1120 596 institutione
1152 552 1341 618 puerorum,
1372 530 1546 618 palaestra,

266 639 433 724 magistris
461 640 624 722 ludorum,
657 639 773 703 ceteris
805 638 953 722 partibus
981 638 1062 703 artis
1094 640 1316 724 gymnasticae
1346 639 1545 705 Graecorum

265 746 431 828 disputare
462 745 561 810 nimis
593 746 728 831 longum
761 750 794 809 et
822 746 863 809 ab
896 746 1058 830 angustiis
1090 746 1206 810 horum
1235 746 1545 832 Prolegomenorum

266 852 408 916 alienum
433 875 502 917 esse
527 853 685 917 duximus.
729 854 801 928 Qua
823 853 861 916 de
885 874 983 916 causa
1005 853 1084 917 solis
1114 853 1152 917 de
1179 853 1264 917 ludis
1292 853 1484 939 agonisticis
1512 859 1546 918 et

266 959 488 1043 sollemnibus,
511 980 592 1042 quae
616 981 690 1023 cum
713 958 845 1023 ludicris
868 958 1014 1024 victoriis
1033 959 1207 1024 coniuncta
1226 959 1367 1044 fuerunt,
1390 960 1544 1025 hocloco

266 1088 362 1152 agere
385 1066 481 1130 nobis
504 1066 610 1130 visum
635 1070 693 1130 est.
734 1064 820 1140 Quin
844 1066 922 1130 adeo
947 1088 986 1129 ne
1010 1066 1093 1130 hano
1113 1067 1242 1151 quidem
1264 1066 1432 1138 materiem
1450 1068 1545 1151 plene

266 1174 435 1238 exhaurire
454 1173 612 1238 inanimo
632 1178 691 1257 est,
710 1173 766 1237 sed
784 1173 817 1236 in
833 1173 874 1235 iis
890 1173 1120 1237 adumbrandis
1139 1174 1389 1257 acquiescemus,
1407 1197 1489 1257 quae
1505 1176 1545 1238 ad

266 1281 358 1346 ludos
382 1280 513 1344 Pindari
537 1285 644 1345 aetate
666 1279 838 1345 institutos
862 1284 895 1343 et
919 1279 1057 1364 epinicia
1075 1303 1093 1343 a
1113 1279 1254 1345 Pindaro
1277 1280 1366 1345 facta
1382 1281 1544 1366 pertinere

265 1388 444 1453 videantur.
482 1387 581 1452 Plura
604 1389 659 1471 qui
683 1388 721 1451 de
745 1386 917 1471 palaestris
936 1391 970 1450 et
990 1387 1074 1451 ludis
1095 1386 1293 1452 Graecorum
1312 1387 1434 1452 discere
1457 1389 1548 1474 velit,

267 1496 361 1560 111111
380 1517 454 1559 curn
471 1494 574 1558 libros
598 1493 873 1578 locupletissimos
891 1492 1088 1559 10.Henrici
1106 1494 1242 1579 lirense,
1266 1495 1424 1580 Olympia,
1448 1496 1546 1560 Wien

270 1603 365 1686 1838,
388 1600 450 1665 Die
471 1600 666 1685 Gymnastik
690 1601 755 1664 und
773 1600 950 1685 Agonistik
974 1600 1031 1664 der
1049 1601 1217 1684 Hellenen,
1240 1600 1346 1687 Leipz.
1368 1604 1463 1686 1841,
1484 1601 1547 1668 Die

267 1708 418 1794 Pythien,
441 1708 585 1773 Nemeen
609 1708 676 1771 und
698 1706 867 1791 Isthmien,
889 1706 1112 1792 1111111841,
1136 1714 1207 1772 tum
1231 1705 1372 1772 Corsinii
1395 1709 1547 1775 disserta·

269 1817 374 1880 tiones
403 1815 602 1901 agonisticus
628 1817 727 1899 1141,
754 1814 888 1879 tertium
916 1815 1067 1879 volumen
1096 1815 1203 1900 operis
1233 1815 1458 1902 Grasbergeri,
1488 1815 1548 1880 Er·

267 1921 405 2008 ziehung
416 1923 481 1986 und
493 1920 685 1987 Unterricht
694 1921 739 1985 im
750 1921 953 1986 hlassisohen
962 1921 1137 2005 Altertum,
1147 1921 1280 1986 Wtirzb.
1288 1923 1368 1988 1881
1372 1972 1382 2006 ,
1392 1922 1547 1987 Ioannem

267 2029 456 2115 Holwerda,
484 2027 691 2114 Olympisclie
720 2027 869 2112 Studien,
897 2029 995 2094 Aroh.
1019 2028 1103 2113 Zeit,
1129 2030 1228 2112 1880,
1250 2053 1282 2114 p.
1303 2030 1365 2094 169
1381 2052 1422 2094 ss.
1453 2032 1548 2116 1881,

267 2158 298 2220 p.
318 2137 442 2219 20511,
466 2136 621 2201 Adolfum
644 2135 844 2220 Boetticher,
867 2134 1026 2220 Olympia,
1050 2136 1107 2200 das
1131 2134 1210 2200 Fest
1233 2138 1298 2200 und
1322 2137 1548 2222 11111811111,

268 2241 353 2307 Berl.
375 2245 470 2327 1883,
492 2242 669 2308 Aemilium
692 2243 825 2326 lteisch,
855 2242 904 2306 De
927 2243 1060 2307 musicis
1085 2241 1284 2308 Graecorum
1306 2244 1548 2329 certaminibus,

267 2348 406 2414 Vindob.
430 2350 523 2416 1885.
564 2350 635 2415 Nos
659 2374 733 2416 cum
761 2349 956 2414 arctioribus
984 2350 1143 2414 limitibus
1170 2355 1318 2415 nostram
1345 2350 1547 2435 provinciam

266 2456 646 2541 circumscripsissemus,
674 2482 693 2523 a
716 2457 848 2521 Pindari
876 2456 1074 2522 carminibus
1101 2457 1182 2541 ipsis
1210 2463 1244 2522 et
1270 2459 1434 2524 veteribus
1462 2481 1548 2523 com·

267 2563 435 2627 mentariis
464 2586 575 2629 eorum
603 2565 741 2649 profecti
770 2586 890 2629 sumus.
932 2562 1081 2647 Namque
1108 2564 1175 2627 iam
1202 2564 1414 2630 Alexandrini
1443 2589 1548 2652 gram-

267 2670 393 2755 matici,
425 2693 498 2736 cum
531 2672 675 2737 carmina
702 2671 839 2736 classica
867 2671 1054 2736 illustrandi
1082 2672 1190 2736 studio
1218 2672 1425 2755 potissimum
1455 2674 1547 2739 duce-

258 2782 380 2842 rentur
403 2784 436 2843 et
459 2800 659 2843 summorum
683 2783 854 2862 poetarum
876 2776 1180 2863 interpretationem
1210 2800 1306 2866 saepe
1329 2782 1370 2844 ab
1395 2786 1548 2846 accurata

267 2883 387 2949 notitia
408 2885 557 2949 ludorum
582 2885 858 2970 certaminumque
881 2886 1020 2969 pendere
1044 2885 1288 2972 cognovissent,
1310 2886 1384 2952 inde
1409 2912 1428 2952 1
1452 2886 1547 2953 Galli-

266 2991 391 3074 macho,
415 2991 471 3075 qui
494 2991 618 3074 primus
642 2990 717 3077 περὶ
741 2991 881 3074 ἀγώνων
904 2991 1048 3075 scripsit,
1072 2991 1167 3056 multi
1191 2994 1311 3078 partim
1335 2995 1369 3059 in
1392 2995 1484 3060 libris
1508 2995 1546 3058 de

267 3097 484 3183 topographia
507 3097 710 3182 historiaque
738 3098 940 3183 singulorum
967 3099 1163 3182 populorum
1191 3105 1224 3163 et
1251 3101 1398 3185 urbium,
1426 3101 1546 3186 partim

265 3204 301 3268 in
324 3204 428 3288 libris,
458 3226 538 3288 quos
567 3205 644 3269 data
672 3227 770 3290 opera
792 3206 830 3268 de
855 3204 1087 3270 certaminibus
1116 3206 1248 3271 ludicris
1276 3208 1548 3292 conscripserunt,

267 3311 472 3395 quaestiones
491 3313 530 3376 de
549 3312 674 3398 origine
693 3311 853 3394 ludorum,
876 3309 1065 3397 victoribus,
1082 3313 1245 3396 praemiis,
1267 3314 1427 3377 similibus
1447 3315 1544 3378 rebus

266 3422 499 3484 tractaverunt.
548 3418 675 3482 Horum
708 3417 903 3500 scriptorum
936 3439 975 3482 ex
1011 3440 1147 3483 numero
1178 3420 1214 3482 in
1246 3418 1379 3484 scholiis
1411 3417 1543 3481 Pindari

267 3529 561 3590 commemorantur
570 3524 766 3589 Aristotcles
781 3523 819 3587 de
835 3522 1037 3606 Pythionicis
1052 3522 1250 3610 (schol.0.11
1261 3522 1328 3610 81),
1343 3521 1544 3606 Cleophanes

266 3629 341 3715 περὶ
360 3631 500 3714 ἀγώνων
519 3628 633 3719 (schol.
649 3630 736 3696 O.1x
752 3627 841 3717 143),
859 3628 943 3693 Ister
956 3627 1032 3714 περὶ
1047 3627 1164 3695 Ἡλίου
1179 3629 1319 3712 ἀγώνων
1333 3627 1546 3717 (0.111146),

267 3738 399 3803 Polemo
424 3737 539 3825 (schol.
558 3738 599 3803 N.
617 3757 654 3802 iv
673 3740 730 3822 323
753 3737 792 3803 cf.
812 3736 853 3800 N.
872 3754 895 3799 v
914 3738 981 3823 89).
1022 3736 1176 3820 Inprimis
1201 3737 1387 3802 Polemonis
1418 3759 1545 3802 accurs-

266 3845 403 3910 tissimis
422 3846 516 3911 libris
531 3848 569 3911 de
584 3846 690 3911 titulis
705 3849 738 3909 11
753 3843 913 3928 catalogis
928 3843 1032 3907 multa
1045 3844 1241 3909 scholiastae
1256 3843 1372 3909 debere
1387 3844 1545 3909 videntur.

718 4039 763 4104 Da
786 4038 912 4121 origine
934 4036 1091 4105 ludorum

354 4166 424 4231 Iam
447 4165 683 4251 antiquissimis
707 4164 910 4249 temporibus
936 4167 1021 4249 apud
1045 4166 1187 4231 Graecos
1215 4165 1429 4232 certaminum
1457 4166 1546 4230 ludo·

267 4295 403 4357 rumque
428 4273 536 4338 studia
558 4272 705 4337 floruisse
728 4271 891 4336 Homerus
915 4271 1011 4337 testis
1035 4278 1099 4358 est,
1122 4273 1178 4356 qui
1201 4273 1238 4337 Il.
1257 4290 1346 4337 xxm
1369 4276 1543 4339 ror—891

267 4382 403 4446 heroum
425 4380 518 4445 ludos
541 4379 576 4442 in
599 4400 678 4465 agro
702 4380 852 4463 lhoiano,
875 4380 1015 4445 111111
1036 4382 1212 4447 100-265
1235 4379 1418 4446 Phaeacum
1447 4386 1546 4446 certa·

267 4488 356 4553 mina
383 4487 417 4550 in
444 4486 516 4550 foro
543 4486 668 4551 insulae
702 4488 902 4572 amplissime
935 4494 969 4553 et
998 4487 1196 4572 lepidissime
1227 4490 1386 4574 exposuit.
1436 4488 1545 4573 Atque

266 4594 449 4659 Phaeacum
473 4592 602 4678 quidem
625 4594 702 4680 ludi,
726 4618 800 4660 cum
823 4618 842 4659 a
864 4617 941 4681 rege
964 4595 1112 4680 Alcinoo,
1135 4600 1173 4659 ut
1192 4594 1306 4660 Ulixes
1329 4598 1449 4680 hospes
1468 4596 1546 4679 quid

266 4701 426 4765 Phaeaces
450 4724 546 4766 cursu
568 4702 718 4789 pugilatu
745 4704 832 4768 saltu
859 4705 948 4769 lucta
974 4703 1120 4767 valerent
1148 4710 1372 4790 cognosceret,
1399 4703 1546 4767 instituti

267 4813 385 4893 essent,
409 4832 428 4873 a
451 4809 622 4874 cotidianis
646 4811 933 4876 exercitationibus
955 4833 1021 4876 uon
1040 4811 1178 4875 multum
1197 4812 1424 4896 discrepabant
1441 4831 1545 4894 neque
