3406 5378
215 344 238 407 L
294 347 296 351 ’
340 432 345 444 ¹
714 351 992 410 PROLEGOMENA.

218 517 326 603 specie
353 514 501 603 rhythmi
527 515 576 582 ita
597 516 759 603 recedere,
786 523 824 583 ut
846 518 1111 603 aequabilitatem
1134 515 1298 583 intervalli
1320 517 1356 582 in
1379 515 1501 603 simpli·

170 640 172 644 ’
218 624 309 689 cibus
333 625 470 709 pedibus
494 630 636 711 servent,
663 626 698 689 in
722 626 911 711 compositis
935 648 1000 690 non
1023 626 1116 708 item,
1142 648 1184 689 an
1205 625 1399 710 rhythmicis
1424 626 1500 690 arti-

217 732 299 796 ficiis
332 755 508 816 pausarum
539 738 573 798 et
605 732 777 819 longarum
808 733 1008 818 syllabarum
1034 732 1165 818 longius
1192 733 1424 817 producturum
1451 733 1500 796 ita

216 842 360 924 utamur,
388 845 425 904 ut
453 840 552 904 etiam
581 861 637 904 eos
660 862 786 925 versus,
813 840 869 923 qui
893 862 932 904 ex
955 838 1094 923 dipodiis
1118 843 1151 902 et
1174 839 1324 923 tripodiis
1348 843 1498 903 constare

216 946 383 1032 videntur,
409 946 445 1010 in
472 947 655 1032 dipodicam
683 969 868 1011 mensuram
897 946 1076 1032 cogamus?
1120 945 1281 1028 Equidem
1303 968 1406 1029 neque
1430 951 1497 1010 tarn

216 1053 349 1118 timidus
383 1076 469 1137 sum,
501 1058 538 1117 ut
566 1054 701 1119 alteram
728 1055 904 1137 rationem,
932 1053 1050 1137 quippe
1079 1074 1159 1137 quae
1188 1057 1221 1116 et
1245 1075 1353 1117 rerum
1380 1058 1498 1117 natura

216 1164 249 1223 et
281 1183 342 1225 usu
374 1160 547 1224 modernae
575 1161 715 1225 musicae
743 1161 999 1244 commendetur,
1031 1158 1243 1243 spernendam
1271 1159 1497 1245 fugiendumve

216 1266 413 1352 existimem,
449 1289 554 1351 neque
592 1271 660 1330 tam
696 1267 861 1353 pertinax,
892 1272 930 1330 ut
967 1265 1117 1329 omnibus
1154 1266 1189 1329 in
1225 1266 1421 1331 carminibus
1459 1290 1498 1332 ea

216 1375 308 1439 abuti
341 1374 484 1438 audeam.
535 1372 730 1438 Praesertim
761 1374 797 1438 in
832 1374 939 1459 longis
976 1377 1010 1436 et
1046 1373 1150 1456 magis
1181 1373 1366 1438 recitationi
1399 1396 1496 1458 quam

216 1481 327 1546 cantui
350 1480 446 1545 factis
471 1480 554 1564 odis,
582 1480 686 1564 qualis
711 1485 761 1544 est
783 1478 921 1564 Pythica
944 1485 1060 1562 quarta
1082 1480 1295 1544 ducentorum
1317 1480 1497 1566 nonaginta

214 1610 332 1653 novem
369 1609 534 1672 versuum,
570 1608 682 1652 vereor
714 1608 754 1651 ne
787 1587 907 1651 derisui
943 1586 999 1670 sit,
1037 1586 1093 1669 qui
1129 1592 1198 1650 tam
1231 1587 1344 1651 crebro
1381 1587 1497 1674 longas

121 1781 125 1788 ⁴
215 1694 357 1780 syllabas
396 1716 494 1778 supra
530 1695 662 1758 modum
698 1693 879 1778 quotidiani
921 1692 1080 1757 sermonis
1121 1715 1223 1777 usqua
1260 1695 1300 1759 ad
1337 1694 1497 1760 ambitum

216 1807 410 1885 quaternum
434 1824 596 1865 morarum
620 1802 795 1885 producere
818 1801 905 1864 velit.
951 1798 1074 1864 Contra
1098 1800 1286 1886 logaoedica
1308 1802 1392 1887 cola,
1414 1825 1496 1888 quae

215 1909 335 1973 fidibus
368 1914 402 1973 et
433 1907 524 1973 tibiis
555 1912 633 1972 nata
665 1913 758 1973 erant
784 1912 818 1972 et
845 1907 961 1993 longas
993 1906 1094 1971 trium
1126 1912 1310 1992 temporum
1342 1910 1495 1975 facillime

215 2016 446 2099 admittebant,
481 2037 560 2079 num
593 2015 702 2079 naevis
734 2015 955 2099 dipodicarnm
988 2018 1021 2077 et
1055 2014 1286 2099 tripodicarum
1316 2017 1496 2100 percussio·

213 2143 292 2187 num
329 2122 578 2187 commixtarum
615 2122 849 2187 commaculare
885 2121 996 2206 liceat,
1032 2142 1129 2205 quam
1166 2123 1305 2187 maxime
1345 2125 1494 2207 equidem

214 2230 336 2294 dubito.
375 2229 489 2313 ltaque
512 2229 566 2294 hic
590 2251 718 2313 quoque
742 2229 871 2315 singula
893 2249 1013 2313 genera
1035 2230 1214 2293 carminum
1238 2230 1438 2318 distinguere
1461 2239 1495 2298 et

215 2358 297 2420 quae
325 2336 398 2401 aliis
427 2336 532 2422 magis
563 2335 722 2420 tripodiae
750 2335 827 2400 ferri
854 2357 950 2421 posse
978 2335 1147 2400 videantur
1175 2341 1283 2401 mente
1310 2361 1376 2405 non
1404 2363 1494 2425 prae-

215 2449 374 2528 occupata
396 2443 579 2508 examinare
602 2444 698 2510 nobis
721 2444 827 2509 visum
851 2449 908 2509 est.

301 2550 410 2634 Atque
439 2550 546 2614 minus
568 2572 629 2616 nos
653 2550 832 2615 sollicitant
855 2550 1014 2634 tripodiae
1036 2551 1072 2615 in
1094 2552 1157 2615 fine
1181 2574 1334 2617 versuum
1355 2553 1491 2639 positae,

213 2657 303 2721 volut
326 2657 439 2722 statim
462 2658 497 2721 in
519 2657 624 2742 primo
648 2657 790 2722 carmine
814 2655 881 2721 0.1
904 2661 960 2721 str.
982 2659 1001 2722 6

215 2872 347 2937 Etenim
374 2873 437 2935 hoc
464 2871 537 2936 loco
565 2869 706 2954 tripodia
732 2892 836 2953 pausa
861 2869 1009 2955 legitima
1036 2876 1111 2955 post
1138 2873 1236 2938 finem
1261 2897 1373 2939 versus
1396 2875 1492 2941 facile

214 2979 263 3043 ita
282 2979 425 3063 suppleri
443 2982 567 3063 potest,
584 2982 622 3040 ut
640 2975 772 3040 adscitis
790 2976 942 3041 inanibus
961 2978 1164 3063 temporibus
1182 2980 1324 3066 tripodia
1340 2982 1376 3046 in
1392 2982 1493 3046 ambi-

213 3091 284 3150 tum
309 3085 509 3169 tetrapodiae
533 3084 697 3148 adcrescat
720 3083 781 3148 hoc
805 3085 900 3148 modo

1203 3185 1227 3203 h-

427 3212 1246 3267 Lo-owo-o‡o-orool-Lo-on'.ll.

300 3315 413 3400 Neque
441 3314 577 3379 initialis
605 3314 760 3400 tripodia,
787 3315 816 3380 si
843 3316 949 3400 primo
977 3318 1130 3383 trochaeo
1158 3319 1209 3387 vel
1236 3319 1364 3403 dactylo
1391 3321 1489 3407 longa

212 3425 338 3510 syllaba
359 3422 539 3509 praemissa
562 3427 625 3506 est,
649 3422 787 3487 multum
810 3423 910 3488 habet
933 3425 1136 3510 offensionis,
1163 3425 1437 3509 quandoquidem,
1460 3428 1488 3490 si

210 3532 350 3618 primam
383 3529 541 3614 syllabam
570 3551 637 3594 non
664 3529 733 3595 vice
762 3531 927 3596 anacrusis
954 3531 1063 3617 fungi,
1095 3532 1151 3596 sed
1179 3531 1278 3595 trium
1306 3535 1487 3614 temporum

211 3662 281 3704 esse
306 3637 495 3722 statuimus,
517 3659 557 3700 ex
580 3636 722 3720 tripodia
744 3638 782 3701 fit
805 3638 999 3724 tetrapodia,
1023 3643 1060 3702 ut
1083 3637 1117 3701 P.
1135 3655 1159 3700 x
1181 3659 1230 3722 ep.
1250 3638 1270 3702 3

591 3745 1089 3796 [Luceant-*comam

209 3852 335 3917 Eodem
354 3856 463 3916 autem
480 3851 645 3936 pertinent
663 3874 776 3917 versus
795 3851 969 3937 ἀκέφαλοι,
988 3850 1180 3935 praesertim
1194 3850 1221 3915 si
1241 3873 1369 3916 versum
1383 3858 1489 3917 acata-

209 3958 343 4044 lectum,
371 3958 407 4023 in
434 3959 525 4024 cuius
553 3958 617 4023 fine
642 3983 763 4043 pausae
786 3961 877 4024 loeus
899 3981 965 4024 non
988 3958 1121 4022 relictus
1145 3962 1208 4043 est,
1230 3963 1423 4045 sequuntur,
1451 3965 1488 4025 ut

210 4066 245 4130 P.
265 4084 301 4130 vr
320 4068 341 4130 2

608 4165 805 4206 unul-<w
831 4181 849 4204 υ
877 4166 1090 4206 muron?

641 4251 700 4314 'llo
726 4304 747 4329 ,¹
779 4286 798 4311 o
824 4286 860 4312 so
887 4286 905 4312 o
931 4304 948 4312 -

298 4368 466 4435 Facillime
490 4392 566 4435 varo
589 4368 749 4454 tripodiae
771 4368 933 4454 perfectae
957 4366 1217 4457 (ἀκατάληκτοι),
1246 4392 1327 4454 quae
1349 4369 1384 4435 in
1408 4372 1486 4437 duas

209 4477 324 4564 longas
348 4477 491 4563 syllabas
510 4481 696 4562 excurrunt,
719 4476 885 4561 dipodicae
904 4498 1073 4541 mensurae
1092 4476 1330 4543 adcommodari
1348 4485 1487 4564 possunt

209 4589 346 4668 utraque
375 4585 474 4669 longa
501 4584 536 4647 in
562 4583 723 4648 ambitum
750 4587 878 4648 ternum
906 4588 1088 4670 temporum
1115 4586 1273 4671 producta
1300 4585 1362 4651 hoc
1390 4587 1486 4651 modo

512 4719 636 4758 2:
661 4718 726 4759 :cc
752 4750 770 4758 -
805 4731 824 4758 o
849 4709 938 4760 μμ
962 4689 1205 4782 (I.vnstr.3)

475 4817 689 4868 aanor„
742 4827 778 4868 r.
849 4799 931 4869 iao
966 4861 983 4871 ,
1014 4798 1248 4890 (P.xlep.5)
