<?xml version="1.0" encoding="UTF-8"?>
<!DOCTYPE html PUBLIC "-//W3C//DTD XHTML 1.0 Transitional//EN"
    "http://www.w3.org/TR/xhtml1/DTD/xhtml1-transitional.dtd">
<html xmlns="http://www.w3.org/1999/xhtml" xml:lang="en" lang="en">
 <head>
  <title>
</title>
<meta http-equiv="Content-Type" content="text/html;charset=utf-8" />
  <meta name='ocr-system' content='tesseract 3.04.00' />
  <meta name='ocr-capabilities' content='ocr_page ocr_carea ocr_par ocr_line ocrx_word'/>
</head>
<body>
  <div class='ocr_page' id='page_1' title='image "./pindaricarminap00pindgoog_0129.png"; bbox 0 0 3406 5378; ppageno 0'>
   <div class='ocr_carea' id='block_1_1' title="bbox 280 293 1057 348">
    <p class='ocr_par' dir='ltr' id='par_1_1' title="bbox 280 293 1057 348">
     <span class='ocr_line' id='line_1_1' title="bbox 280 293 1057 348; baseline -0.004 0"><span class='ocrx_word' id='word_1_1' title='bbox 280 293 340 348; x_wconf 77' lang='lat' dir='ltr'><strong><em>CVI</em></strong></span> <span class='ocrx_word' id='word_1_2' title='bbox 779 294 1057 347; x_wconf 83' lang='lat' dir='ltr'><strong>PROLEGOMENA.</strong></span> 
     </span>
    </p>
   </div>
   <div class='ocr_carea' id='block_1_2' title="bbox 244 453 1558 1295">
    <p class='ocr_par' dir='ltr' id='par_1_2' title="bbox 278 453 1558 866">
     <span class='ocr_line' id='line_1_2' title="bbox 370 453 1558 544; baseline -0.002 -21"><span class='ocrx_word' id='word_1_3' title='bbox 370 457 474 543; x_wconf 90' lang='grc' dir='ltr'><strong><em>ε’χθρά</em></strong></span> <span class='ocrx_word' id='word_1_4' title='bbox 502 457 542 523; x_wconf 89' lang='grc' dir='ltr'><strong><em>δέ</em></strong></span> <span class='ocrx_word' id='word_1_5' title='bbox 567 475 649 543; x_wconf 89' lang='grc' dir='ltr'><strong><em>φασι</em></strong></span> <span class='ocrx_word' id='word_1_6' title='bbox 677 459 896 544; x_wconf 81' lang='grc' dir='ltr'><strong><em>φρονούντων</em></strong></span> <span class='ocrx_word' id='word_1_7' title='bbox 924 456 1078 540; x_wconf 85' lang='grc' dir='ltr'><strong><em>ἀλλήλοις</em></strong></span> <span class='ocrx_word' id='word_1_8' title='bbox 1098 455 1286 539; x_wconf 85' lang='grc' dir='ltr'><strong><em>Ἀθηναίων</em></strong></span> <span class='ocrx_word' id='word_1_9' title='bbox 1310 453 1363 520; x_wconf 84' lang='grc' dir='ltr'><strong><em>καί</em></strong></span> <span class='ocrx_word' id='word_1_10' title='bbox 1390 459 1558 539; x_wconf 83' lang='grc' dir='ltr'><strong><em>Θηβαίων,</em></strong></span> 
     </span>
     <span class='ocr_line' id='line_1_3' title="bbox 279 559 1556 651; baseline -0.004 -20"><span class='ocrx_word' id='word_1_11' title='bbox 279 564 349 631; x_wconf 85' lang='grc' dir='ltr'><strong><em>έπεί</em></strong></span> <span class='ocrx_word' id='word_1_12' title='bbox 377 563 501 651; x_wconf 78' lang='grc' dir='ltr'><strong><em>ἔγραψέ</em></strong></span> <span class='ocrx_word' id='word_1_13' title='bbox 525 585 604 630; x_wconf 89' lang='grc' dir='ltr'><strong><em>που·</em></strong></span> <span class='ocrx_word' id='word_1_14' title='bbox 631 559 670 629; x_wconf 80' lang='grc' dir='ltr'><em>Ὦ</em></span> <span class='ocrx_word' id='word_1_15' title='bbox 702 563 764 630; x_wconf 83' lang='grc' dir='ltr'><strong><em>ταὶ</em></strong></span> <span class='ocrx_word' id='word_1_16' title='bbox 794 562 955 649; x_wconf 75' lang='grc' dir='ltr'><strong><em>λιπαραὶ</em></strong></span> <span class='ocrx_word' id='word_1_17' title='bbox 983 561 1046 628; x_wconf 88' lang='grc' dir='ltr'><strong><em>καί</em></strong></span> <span class='ocrx_word' id='word_1_18' title='bbox 1074 566 1355 647; x_wconf 79' lang='grc' dir='ltr'><strong><em>μεγαλοπόλιες</em></strong></span> <span class='ocrx_word' id='word_1_19' title='bbox 1380 561 1556 646; x_wconf 80' lang='grc' dir='ltr'><strong><em>Ἀθῆναι,</em></strong></span> 
     </span>
     <span class='ocr_line' id='line_1_4' title="bbox 278 669 1557 759; baseline -0.002 -23"><span class='ocrx_word' id='word_1_20' title='bbox 278 674 360 737; x_wconf 88' lang='grc' dir='ltr'><strong><em>κατά</em></strong></span> <span class='ocrx_word' id='word_1_21' title='bbox 384 671 424 737; x_wconf 91' lang='grc' dir='ltr'><strong><em>δέ</em></strong></span> <span class='ocrx_word' id='word_1_22' title='bbox 440 695 542 756; x_wconf 87' lang='grc' dir='ltr'><strong><em>τινας,</em></strong></span> <span class='ocrx_word' id='word_1_23' title='bbox 565 671 634 738; x_wconf 80' lang='grc' dir='ltr'><strong><em>ἐπεὶ</em></strong></span> <span class='ocrx_word' id='word_1_24' title='bbox 657 676 816 759; x_wconf 80' lang='grc' dir='ltr'><strong><em>ἔρεισμα</em></strong></span> <span class='ocrx_word' id='word_1_25' title='bbox 835 669 1021 747; x_wconf 78' lang='grc' dir='ltr'><strong><em>Ἑλλάδος</em></strong></span> <span class='ocrx_word' id='word_1_26' title='bbox 1039 674 1101 755; x_wconf 79' lang='grc' dir='ltr'><strong><em>ἔφη</em></strong></span> <span class='ocrx_word' id='word_1_27' title='bbox 1121 673 1179 748; x_wconf 84' lang='grc' dir='ltr'><strong><em>τὰς</em></strong></span> <span class='ocrx_word' id='word_1_28' title='bbox 1199 669 1351 754; x_wconf 76' lang='grc' dir='ltr'><strong><em>Ἀθήνας,</em></strong></span> <span class='ocrx_word' id='word_1_29' title='bbox 1376 669 1557 754; x_wconf 81' lang='grc' dir='ltr'><strong><em>ἐζημίωσαν</em></strong></span> 
     </span>
     <span class='ocr_line' id='line_1_5' title="bbox 280 774 1557 866; baseline -0.002 -22"><span class='ocrx_word' id='word_1_30' title='bbox 280 779 382 844; x_wconf 88' lang='grc' dir='ltr'><strong><em>αὐτὸν</em></strong></span> <span class='ocrx_word' id='word_1_31' title='bbox 408 783 547 862; x_wconf 82' lang='grc' dir='ltr'><strong><em>Θηβαῖοι</em></strong></span> <span class='ocrx_word' id='word_1_32' title='bbox 576 783 697 864; x_wconf 80' lang='grc' dir='ltr'><strong><em>χιλίαις</em></strong></span> <span class='ocrx_word' id='word_1_33' title='bbox 720 780 895 866; x_wconf 76' lang='grc' dir='ltr'><strong><em>δραχμαῖς,</em></strong></span> <span class='ocrx_word' id='word_1_34' title='bbox 924 778 962 855; x_wconf 89' lang='grc' dir='ltr'><strong><em>ἀς</em></strong></span> <span class='ocrx_word' id='word_1_35' title='bbox 986 777 1131 856; x_wconf 78' lang='grc' dir='ltr'><strong><em>ἐξέτισαν</em></strong></span> <span class='ocrx_word' id='word_1_36' title='bbox 1152 775 1237 863; x_wconf 70' lang='grc' dir='ltr'><strong><em>ὑπὲρ</em></strong></span> <span class='ocrx_word' id='word_1_37' title='bbox 1260 777 1364 843; x_wconf 85' lang='grc' dir='ltr'><strong><em>αὐτοῦ</em></strong></span> <span class='ocrx_word' id='word_1_38' title='bbox 1377 774 1557 861; x_wconf 61' lang='grc' dir='ltr'><strong><em>Ἀθηναῖοι</em></strong></span> 
     </span>
    </p>

    <p class='ocr_par' dir='ltr' id='par_1_3' title="bbox 244 878 1376 972">
     <span class='ocr_line' id='line_1_6' title="bbox 244 878 1376 972; baseline 0.01 -21"><span class='ocrx_word' id='word_1_39' title='bbox 244 887 325 963; x_wconf 74' lang='grc' dir='ltr'><strong><em>ιὼς</em></strong></span> <span class='ocrx_word' id='word_1_40' title='bbox 347 893 551 972; x_wconf 90' lang='grc' dir='ltr'><strong><em>φιλαττικοῦ.</em></strong></span> <span class='ocrx_word' id='word_1_41' title='bbox 724 878 735 903; x_wconf 71' lang='grc'><strong><em>’</em></strong></span> <span class='ocrx_word' id='word_1_42' title='bbox 1374 959 1376 962; x_wconf 20' lang='lat'><em>⁴</em></span> 
     </span>
    </p>

    <p class='ocr_par' dir='ltr' id='par_1_4' title="bbox 278 991 1558 1295">
     <span class='ocr_line' id='line_1_7' title="bbox 368 991 1557 1080; baseline -0.004 -21"><span class='ocrx_word' id='word_1_43' title='bbox 368 994 495 1077; x_wconf 86' lang='grc' dir='ltr'><strong><em>λέγεται</em></strong></span> <span class='ocrx_word' id='word_1_44' title='bbox 514 991 550 1058; x_wconf 75' lang='grc' dir='ltr'><strong><em>δέ</em></strong></span> <span class='ocrx_word' id='word_1_45' title='bbox 569 993 624 1059; x_wconf 89' lang='grc' dir='ltr'><strong><em>καί</em></strong></span> <span class='ocrx_word' id='word_1_46' title='bbox 642 995 688 1071; x_wconf 85' lang='grc' dir='ltr'><strong><em>ὡς</em></strong></span> <span class='ocrx_word' id='word_1_47' title='bbox 703 994 857 1071; x_wconf 78' lang='grc' dir='ltr'><strong><em>Λάκωνες</em></strong></span> <span class='ocrx_word' id='word_1_48' title='bbox 876 991 1099 1080; x_wconf 86' lang='grc' dir='ltr'><strong><em>έμπρήσαντές</em></strong></span> <span class='ocrx_word' id='word_1_49' title='bbox 1116 1015 1194 1058; x_wconf 90' lang='grc' dir='ltr'><strong><em>ποτε</em></strong></span> <span class='ocrx_word' id='word_1_50' title='bbox 1211 994 1323 1075; x_wconf 81' lang='grc' dir='ltr'><strong><em>Θήβας</em></strong></span> <span class='ocrx_word' id='word_1_51' title='bbox 1340 991 1422 1055; x_wconf 91' lang='grc' dir='ltr'><strong><em>κατά</em></strong></span> <span class='ocrx_word' id='word_1_52' title='bbox 1438 991 1557 1075; x_wconf 87' lang='grc' dir='ltr'><strong><em>μάχην,</em></strong></span> 
     </span>
     <span class='ocr_line' id='line_1_8' title="bbox 278 1097 1558 1187; baseline -0.005 -19"><span class='ocrx_word' id='word_1_53' title='bbox 278 1098 317 1185; x_wconf 85' lang='grc' dir='ltr'><strong><em>ής</em></strong></span> <span class='ocrx_word' id='word_1_54' title='bbox 343 1097 421 1187; x_wconf 85' lang='grc' dir='ltr'><strong><em>ήρχε</em></strong></span> <span class='ocrx_word' id='word_1_55' title='bbox 447 1105 642 1179; x_wconf 81' lang='grc' dir='ltr'><strong><em>Παυσανίας</em></strong></span> <span class='ocrx_word' id='word_1_56' title='bbox 669 1102 686 1168; x_wconf 87' lang='grc' dir='ltr'>ὀ</span> <span class='ocrx_word' id='word_1_57' title='bbox 716 1113 812 1185; x_wconf 88' lang='grc' dir='ltr'><strong><em>σφῶν</em></strong></span> <span class='ocrx_word' id='word_1_58' title='bbox 839 1103 1008 1185; x_wconf 85' lang='grc' dir='ltr'><strong><em>βασιλεύς,</em></strong></span> <span class='ocrx_word' id='word_1_59' title='bbox 1037 1098 1217 1183; x_wconf 77' lang='grc' dir='ltr'><strong><em>ἀπέσχοντο</em></strong></span> <span class='ocrx_word' id='word_1_60' title='bbox 1244 1102 1347 1184; x_wconf 90' lang='grc' dir='ltr'><strong><em>μόνης</em></strong></span> <span class='ocrx_word' id='word_1_61' title='bbox 1370 1106 1428 1181; x_wconf 89' lang='grc' dir='ltr'><strong><em>τῆς</em></strong></span> <span class='ocrx_word' id='word_1_62' title='bbox 1449 1099 1558 1175; x_wconf 82' lang='grc' dir='ltr'><strong><em>οἰκίας</em></strong></span> 
     </span>
     <span class='ocr_line' id='line_1_9' title="bbox 279 1207 1067 1295; baseline -0.003 -22"><span class='ocrx_word' id='word_1_63' title='bbox 279 1219 338 1275; x_wconf 91' lang='grc' dir='ltr'><strong><em>τοῦ</em></strong></span> <span class='ocrx_word' id='word_1_64' title='bbox 361 1219 514 1293; x_wconf 80' lang='grc' dir='ltr'><strong><em>ποιητοῦ,</em></strong></span> <span class='ocrx_word' id='word_1_65' title='bbox 539 1210 666 1286; x_wconf 78' lang='grc' dir='ltr'><strong><em>ἰδόντες</em></strong></span> <span class='ocrx_word' id='word_1_66' title='bbox 690 1207 970 1295; x_wconf 82' lang='grc' dir='ltr'><strong><em>ἐπιγεγραμμένον</em></strong></span> <span class='ocrx_word' id='word_1_67' title='bbox 993 1209 1067 1285; x_wconf 51' lang='grc' dir='ltr'><strong><em>τόῆ</em></strong></span> 
     </span>
    </p>
   </div>
   <div class='ocr_carea' id='block_1_3' title="bbox 391 1329 1444 1421">
    <p class='ocr_par' dir='ltr' id='par_1_5' title="bbox 391 1329 1444 1421">
     <span class='ocr_line' id='line_1_10' title="bbox 391 1329 1444 1421; baseline -0.003 -23"><span class='ocrx_word' id='word_1_68' title='bbox 391 1334 595 1421; x_wconf 86' lang='grc' dir='ltr'><strong><em>Πινδάρου</em></strong></span> <span class='ocrx_word' id='word_1_69' title='bbox 618 1343 687 1399; x_wconf 91' lang='grc' dir='ltr'><strong><em>τοῦ</em></strong></span> <span class='ocrx_word' id='word_1_70' title='bbox 710 1341 956 1418; x_wconf 88' lang='grc' dir='ltr'><strong><em>μουσοποιοῦ</em></strong></span> <span class='ocrx_word' id='word_1_71' title='bbox 980 1334 1050 1416; x_wconf 87' lang='grc' dir='ltr'><strong><em>τῆν</em></strong></span> <span class='ocrx_word' id='word_1_72' title='bbox 1073 1329 1214 1415; x_wconf 79' lang='grc' dir='ltr'><strong><em>στέγην</em></strong></span> <span class='ocrx_word' id='word_1_73' title='bbox 1236 1333 1285 1416; x_wconf 86' lang='grc' dir='ltr'><strong><em>μή</em></strong></span> <span class='ocrx_word' id='word_1_74' title='bbox 1309 1335 1444 1396; x_wconf 86' lang='grc' dir='ltr'><strong><em>καίετε.</em></strong></span> 
     </span>
    </p>
   </div>
   <div class='ocr_carea' id='block_1_4' title="bbox 222 1472 1604 3488">
    <p class='ocr_par' dir='ltr' id='par_1_6' title="bbox 229 1472 1558 1772">
     <span class='ocr_line' id='line_1_11' title="bbox 229 1472 1557 1562; baseline -0.002 -21"><span class='ocrx_word' id='word_1_75' title='bbox 229 1495 259 1541; x_wconf 87' lang='lat'><strong><em>10</em></strong></span> <span class='ocrx_word' id='word_1_76' title='bbox 278 1484 376 1540; x_wconf 89' lang='grc' dir='ltr'><strong><em>τοῦτο</em></strong></span> <span class='ocrx_word' id='word_1_77' title='bbox 401 1475 440 1540; x_wconf 90' lang='grc' dir='ltr'><strong><em>δέ</em></strong></span> <span class='ocrx_word' id='word_1_78' title='bbox 460 1493 542 1561; x_wconf 89' lang='grc' dir='ltr'><strong><em>φασι</em></strong></span> <span class='ocrx_word' id='word_1_79' title='bbox 566 1475 620 1542; x_wconf 89' lang='grc' dir='ltr'><strong><em>καί</em></strong></span> <span class='ocrx_word' id='word_1_80' title='bbox 642 1475 854 1562; x_wconf 81' lang='grc' dir='ltr'><strong><em>Ἀλέξανδρος</em></strong></span> <span class='ocrx_word' id='word_1_81' title='bbox 875 1476 956 1561; x_wconf 88' lang='grc' dir='ltr'><strong><em>μετὰ</em></strong></span> <span class='ocrx_word' id='word_1_82' title='bbox 974 1483 1077 1540; x_wconf 88' lang='grc' dir='ltr'><strong><em>ταῦτα</em></strong></span> <span class='ocrx_word' id='word_1_83' title='bbox 1096 1479 1260 1557; x_wconf 88' lang='grc' dir='ltr'><strong><em>πεποίηκε.</em></strong></span> <span class='ocrx_word' id='word_1_84' title='bbox 1301 1472 1356 1538; x_wconf 80' lang='grc' dir='ltr'><strong><em>καὶ</em></strong></span> <span class='ocrx_word' id='word_1_85' title='bbox 1376 1474 1475 1552; x_wconf 86' lang='grc' dir='ltr'><strong><em>αὐτὸς</em></strong></span> <span class='ocrx_word' id='word_1_86' title='bbox 1493 1475 1557 1561; x_wconf 85' lang='grc' dir='ltr'><strong><em>γὰρ</em></strong></span> 
     </span>
     <span class='ocr_line' id='line_1_12' title="bbox 278 1579 1558 1668; baseline 0.001 -23"><span class='ocrx_word' id='word_1_87' title='bbox 278 1580 445 1666; x_wconf 79' lang='grc' dir='ltr'><strong><em>ἐμπρήσας</em></strong></span> <span class='ocrx_word' id='word_1_88' title='bbox 470 1584 580 1667; x_wconf 83' lang='grc' dir='ltr'><strong><em>Θήβας</em></strong></span> <span class='ocrx_word' id='word_1_89' title='bbox 604 1581 744 1667; x_wconf 79' lang='grc' dir='ltr'><strong><em>ἐφύλαξε</em></strong></span> <span class='ocrx_word' id='word_1_90' title='bbox 767 1585 829 1667; x_wconf 82' lang='grc' dir='ltr'><strong><em>τήν</em></strong></span> <span class='ocrx_word' id='word_1_91' title='bbox 852 1585 974 1665; x_wconf 90' lang='grc' dir='ltr'><strong><em>οἰκίαν,</em></strong></span> <span class='ocrx_word' id='word_1_92' title='bbox 1002 1581 1022 1665; x_wconf 82' lang='grc' dir='ltr'><em>ἣ</em></span> <span class='ocrx_word' id='word_1_93' title='bbox 1046 1579 1101 1646; x_wconf 90' lang='grc' dir='ltr'><strong><em>καί</em></strong></span> <span class='ocrx_word' id='word_1_94' title='bbox 1124 1583 1171 1658; x_wconf 91' lang='grc' dir='ltr'><strong><em>εἰς</em></strong></span> <span class='ocrx_word' id='word_1_95' title='bbox 1193 1593 1393 1668; x_wconf 87' lang='grc' dir='ltr'><strong><em>πρυτανεῖον</em></strong></span> <span class='ocrx_word' id='word_1_96' title='bbox 1415 1581 1558 1666; x_wconf 78' lang='grc' dir='ltr'><strong><em>ὕστερον</em></strong></span> 
     </span>
     <span class='ocr_line' id='line_1_13' title="bbox 280 1686 491 1772; baseline -0.009 -18"><span class='ocrx_word' id='word_1_97' title='bbox 280 1686 491 1772; x_wconf 85' lang='grc' dir='ltr'><strong><em>ἀπετελέσθη.</em></strong></span> 
     </span>
    </p>

    <p class='ocr_par' dir='ltr' id='par_1_7' title="bbox 226 1793 1559 2526">
     <span class='ocr_line' id='line_1_14' title="bbox 367 1793 1558 1883; baseline 0.001 -22"><span class='ocrx_word' id='word_1_98' title='bbox 367 1795 501 1880; x_wconf 83' lang='grc' dir='ltr'><strong><em>φέρεται</em></strong></span> <span class='ocrx_word' id='word_1_99' title='bbox 534 1793 569 1861; x_wconf 74' lang='grc' dir='ltr'><strong><em>δὲ</em></strong></span> <span class='ocrx_word' id='word_1_100' title='bbox 602 1800 713 1879; x_wconf 88' lang='grc' dir='ltr'><strong><em>λόγος,</em></strong></span> <span class='ocrx_word' id='word_1_101' title='bbox 746 1796 800 1862; x_wconf 77' lang='grc' dir='ltr'><strong><em>καί</em></strong></span> <span class='ocrx_word' id='word_1_102' title='bbox 832 1799 983 1883; x_wconf 87' lang='grc' dir='ltr'><strong><em>θεωρούς</em></strong></span> <span class='ocrx_word' id='word_1_103' title='bbox 1015 1819 1092 1861; x_wconf 89' lang='grc' dir='ltr'><strong><em>ποτε</em></strong></span> <span class='ocrx_word' id='word_1_104' title='bbox 1126 1796 1283 1873; x_wconf 83' lang='grc' dir='ltr'><strong><em>ἀπιόντας</em></strong></span> <span class='ocrx_word' id='word_1_105' title='bbox 1315 1798 1361 1872; x_wconf 90' lang='grc' dir='ltr'><strong><em>εἰς</em></strong></span> <span class='ocrx_word' id='word_1_106' title='bbox 1381 1794 1558 1880; x_wconf 74' lang='grc' dir='ltr'><strong><em>’Ἄμμωνος</em></strong></span> 
     </span>
     <span class='ocr_line' id='line_1_15' title="bbox 278 1897 1559 1992; baseline 0.002 -25"><span class='ocrx_word' id='word_1_107' title='bbox 278 1905 408 1987; x_wconf 87' lang='grc' dir='ltr'><strong><em>αἰτῆσαι</em></strong></span> <span class='ocrx_word' id='word_1_108' title='bbox 438 1904 597 1991; x_wconf 82' lang='grc' dir='ltr'><strong><em>Πινδάρῳ</em></strong></span> <span class='ocrx_word' id='word_1_109' title='bbox 627 1897 680 1970; x_wconf 87' lang='grc' dir='ltr'><strong><em>οἷα</em></strong></span> <span class='ocrx_word' id='word_1_110' title='bbox 707 1909 794 1992; x_wconf 91' lang='grc' dir='ltr'><strong><em>φίλῳ</em></strong></span> <span class='ocrx_word' id='word_1_111' title='bbox 822 1906 859 1970; x_wconf 91' lang='grc' dir='ltr'><strong><em>τὸ</em></strong></span> <span class='ocrx_word' id='word_1_112' title='bbox 888 1903 924 1969; x_wconf 88' lang='grc' dir='ltr'><strong><em>έν</em></strong></span> <span class='ocrx_word' id='word_1_113' title='bbox 952 1904 1147 1987; x_wconf 88' lang='grc' dir='ltr'><strong><em>ἀνθρώποις</em></strong></span> <span class='ocrx_word' id='word_1_114' title='bbox 1174 1904 1323 1988; x_wconf 84' lang='grc' dir='ltr'><strong><em>ἀριστον·</em></strong></span> <span class='ocrx_word' id='word_1_115' title='bbox 1355 1902 1409 1967; x_wconf 87' lang='grc' dir='ltr'><strong><em>καί</em></strong></span> <span class='ocrx_word' id='word_1_116' title='bbox 1436 1910 1559 1970; x_wconf 79' lang='grc' dir='ltr'><strong><em>θανεῖν</em></strong></span> 
     </span>
     <span class='ocr_line' id='line_1_16' title="bbox 226 2008 1558 2099; baseline 0.001 -24"><span class='ocrx_word' id='word_1_117' title='bbox 226 2028 257 2076; x_wconf 75' lang='grc' dir='ltr'><strong><em>ιο</em></strong></span> <span class='ocrx_word' id='word_1_118' title='bbox 277 2009 380 2075; x_wconf 87' lang='grc' dir='ltr'><strong><em>αὐτὸν</em></strong></span> <span class='ocrx_word' id='word_1_119' title='bbox 408 2010 443 2075; x_wconf 87' lang='grc' dir='ltr'><strong><em>έν</em></strong></span> <span class='ocrx_word' id='word_1_120' title='bbox 470 2009 583 2098; x_wconf 83' lang='grc' dir='ltr'><strong><em>ἐκείνῳ</em></strong></span> <span class='ocrx_word' id='word_1_121' title='bbox 612 2020 657 2098; x_wconf 82' lang='grc' dir='ltr'><strong><em>τῳ</em></strong></span> <span class='ocrx_word' id='word_1_122' title='bbox 686 2010 835 2099; x_wconf 79' lang='grc' dir='ltr'><strong><em>ἐνιαυτῷ.</em></strong></span> <span class='ocrx_word' id='word_1_123' title='bbox 881 2020 979 2076; x_wconf 88' lang='grc' dir='ltr'><strong><em>τοῦτο</em></strong></span> <span class='ocrx_word' id='word_1_124' title='bbox 1009 2009 1043 2076; x_wconf 76' lang='grc' dir='ltr'><strong><em>δὲ</em></strong></span> <span class='ocrx_word' id='word_1_125' title='bbox 1072 2011 1203 2086; x_wconf 87' lang='grc' dir='ltr'><strong><em>πάντως</em></strong></span> <span class='ocrx_word' id='word_1_126' title='bbox 1230 2008 1285 2074; x_wconf 82' lang='grc' dir='ltr'><strong><em>καὶ</em></strong></span> <span class='ocrx_word' id='word_1_127' title='bbox 1313 2011 1463 2076; x_wconf 91' lang='grc' dir='ltr'><strong><em>θανάτου</em></strong></span> <span class='ocrx_word' id='word_1_128' title='bbox 1487 2009 1558 2076; x_wconf 78' lang='grc' dir='ltr'><strong><em>ἐστὶ</em></strong></span> 
     </span>
     <span class='ocr_line' id='line_1_17' title="bbox 277 2115 1557 2204; baseline 0.003 -24"><span class='ocrx_word' id='word_1_129' title='bbox 277 2115 441 2200; x_wconf 77' lang='grc' dir='ltr'><strong><em>σέμνωμα,</em></strong></span> <span class='ocrx_word' id='word_1_130' title='bbox 465 2116 509 2193; x_wconf 89' lang='grc' dir='ltr'><strong><em>ὡς</em></strong></span> <span class='ocrx_word' id='word_1_131' title='bbox 530 2118 728 2194; x_wconf 87' lang='grc' dir='ltr'><strong><em>κολούοντος</em></strong></span> <span class='ocrx_word' id='word_1_132' title='bbox 746 2120 808 2203; x_wconf 86' lang='grc' dir='ltr'><strong><em>τήν</em></strong></span> <span class='ocrx_word' id='word_1_133' title='bbox 827 2117 864 2184; x_wconf 85' lang='grc' dir='ltr'><strong><em>ἐν</em></strong></span> <span class='ocrx_word' id='word_1_134' title='bbox 882 2130 994 2195; x_wconf 82' lang='grc' dir='ltr'><strong><em>κακοῖς</em></strong></span> <span class='ocrx_word' id='word_1_135' title='bbox 1011 2116 1218 2204; x_wconf 88' lang='grc' dir='ltr'><strong><em>μακροτέραν</em></strong></span> <span class='ocrx_word' id='word_1_136' title='bbox 1236 2120 1361 2201; x_wconf 89' lang='grc' dir='ltr'><strong><em>βιοτήν.</em></strong></span> <span class='ocrx_word' id='word_1_137' title='bbox 1402 2117 1420 2183; x_wconf 86' lang='grc' dir='ltr'>ὃ</span> <span class='ocrx_word' id='word_1_138' title='bbox 1440 2120 1482 2203; x_wconf 85' lang='grc' dir='ltr'><strong><em>δή</em></strong></span> <span class='ocrx_word' id='word_1_139' title='bbox 1501 2117 1557 2184; x_wconf 76' lang='grc' dir='ltr'><strong><em>καὶ</em></strong></span> 
     </span>
     <span class='ocr_line' id='line_1_18' title="bbox 276 2221 1556 2311; baseline 0.003 -24"><span class='ocrx_word' id='word_1_140' title='bbox 276 2221 329 2288; x_wconf 86' lang='grc' dir='ltr'><strong><em>έπί</em></strong></span> <span class='ocrx_word' id='word_1_141' title='bbox 352 2233 419 2288; x_wconf 87' lang='grc' dir='ltr'><strong><em>τῶν</em></strong></span> <span class='ocrx_word' id='word_1_142' title='bbox 441 2223 625 2288; x_wconf 86' lang='grc' dir='ltr'><strong><em>κτισάντων</em></strong></span> <span class='ocrx_word' id='word_1_143' title='bbox 649 2225 707 2289; x_wconf 92' lang='grc' dir='ltr'><strong><em>τὸν</em></strong></span> <span class='ocrx_word' id='word_1_144' title='bbox 726 2230 845 2291; x_wconf 85' lang='grc' dir='ltr'><strong><em>Πυθοῖ</em></strong></span> <span class='ocrx_word' id='word_1_145' title='bbox 867 2227 948 2291; x_wconf 88' lang='grc' dir='ltr'><strong><em>ναὸν</em></strong></span> <span class='ocrx_word' id='word_1_146' title='bbox 972 2227 1151 2311; x_wconf 84' lang='grc' dir='ltr'><strong><em>ίστόρηται,</em></strong></span> <span class='ocrx_word' id='word_1_147' title='bbox 1175 2227 1210 2288; x_wconf 76' lang='grc' dir='ltr'><strong><em>οἳ</em></strong></span> <span class='ocrx_word' id='word_1_148' title='bbox 1230 2225 1266 2289; x_wconf 90' lang='grc' dir='ltr'><strong><em>τὸ</em></strong></span> <span class='ocrx_word' id='word_1_149' title='bbox 1289 2227 1387 2311; x_wconf 86' lang='grc' dir='ltr'><strong><em>ἔργον</em></strong></span> <span class='ocrx_word' id='word_1_150' title='bbox 1406 2241 1556 2291; x_wconf 83' lang='grc' dir='ltr'><strong><em>συντετε-</em></strong></span> 
     </span>
     <span class='ocr_line' id='line_1_19' title="bbox 277 2329 1558 2417; baseline 0.002 -22"><span class='ocrx_word' id='word_1_151' title='bbox 277 2334 404 2407; x_wconf 85' lang='grc' dir='ltr'><strong><em>λεκότες</em></strong></span> <span class='ocrx_word' id='word_1_152' title='bbox 431 2331 602 2415; x_wconf 81' lang='grc' dir='ltr'><strong><em>θαύματος</em></strong></span> <span class='ocrx_word' id='word_1_153' title='bbox 630 2331 723 2410; x_wconf 83' lang='grc' dir='ltr'><strong><em>ἀξιον</em></strong></span> <span class='ocrx_word' id='word_1_154' title='bbox 750 2332 790 2397; x_wconf 85' lang='grc' dir='ltr'><strong><em>ὃν</em></strong></span> <span class='ocrx_word' id='word_1_155' title='bbox 817 2332 872 2398; x_wconf 83' lang='grc' dir='ltr'><strong><em>καὶ</em></strong></span> <span class='ocrx_word' id='word_1_156' title='bbox 901 2333 1031 2416; x_wconf 88' lang='grc' dir='ltr'><strong><em>ἀγαθὸν</em></strong></span> <span class='ocrx_word' id='word_1_157' title='bbox 1058 2330 1141 2417; x_wconf 86' lang='grc' dir='ltr'><strong><em>μέγα</em></strong></span> <span class='ocrx_word' id='word_1_158' title='bbox 1168 2329 1298 2407; x_wconf 79' lang='grc' dir='ltr'><strong><em>ἑαυτοῖς</em></strong></span> <span class='ocrx_word' id='word_1_159' title='bbox 1320 2335 1446 2397; x_wconf 81' lang='grc' dir='ltr'><strong><em>θεόθεν</em></strong></span> <span class='ocrx_word' id='word_1_160' title='bbox 1468 2335 1558 2417; x_wconf 72' lang='grc' dir='ltr'><strong><em>αἰτή</em></strong></span> 
     </span>
     <span class='ocr_line' id='line_1_20' title="bbox 275 2433 1557 2526; baseline 0.004 -25"><span class='ocrx_word' id='word_1_161' title='bbox 275 2438 426 2521; x_wconf 88' lang='grc' dir='ltr'><strong><em>σάμενοι,</em></strong></span> <span class='ocrx_word' id='word_1_162' title='bbox 459 2433 527 2503; x_wconf 85' lang='grc' dir='ltr'><strong><em>εἶτα</em></strong></span> <span class='ocrx_word' id='word_1_163' title='bbox 560 2437 666 2505; x_wconf 79' lang='grc' dir='ltr'><strong><em>ἕωθεν</em></strong></span> <span class='ocrx_word' id='word_1_164' title='bbox 699 2439 805 2504; x_wconf 85' lang='grc' dir='ltr'><strong><em>οὐκέτ’</em></strong></span> <span class='ocrx_word' id='word_1_165' title='bbox 836 2436 920 2523; x_wconf 39' lang='grc' dir='ltr'><strong><em>’ἦσαν</em></strong></span> <span class='ocrx_word' id='word_1_166' title='bbox 953 2441 997 2517; x_wconf 87' lang='grc' dir='ltr'><strong><em>ὡς</em></strong></span> <span class='ocrx_word' id='word_1_167' title='bbox 1029 2439 1165 2526; x_wconf 81' lang='grc' dir='ltr'><strong><em>θανάτῳ</em></strong></span> <span class='ocrx_word' id='word_1_168' title='bbox 1197 2437 1450 2521; x_wconf 89' lang='grc' dir='ltr'><strong><em>ἀπεληλυθότες.</em></strong></span> <span class='ocrx_word' id='word_1_169' title='bbox 1500 2439 1557 2506; x_wconf 80' lang='grc' dir='ltr'><strong><em>καλ</em></strong></span> 
     </span>
    </p>

    <p class='ocr_par' dir='ltr' id='par_1_8' title="bbox 225 2541 1557 3059">
     <span class='ocr_line' id='line_1_21' title="bbox 225 2541 1556 2632; baseline 0.001 -20"><span class='ocrx_word' id='word_1_170' title='bbox 225 2565 258 2612; x_wconf 78' lang='lat'><strong><em>20</em></strong></span> <span class='ocrx_word' id='word_1_171' title='bbox 279 2543 420 2627; x_wconf 82' lang='grc' dir='ltr'><strong><em>Κλέοβις</em></strong></span> <span class='ocrx_word' id='word_1_172' title='bbox 452 2541 487 2609; x_wconf 74' lang='grc' dir='ltr'><strong><em>δὲ</em></strong></span> <span class='ocrx_word' id='word_1_173' title='bbox 520 2544 575 2610; x_wconf 85' lang='grc' dir='ltr'><strong><em>καί</em></strong></span> <span class='ocrx_word' id='word_1_174' title='bbox 603 2550 713 2612; x_wconf 86' lang='grc' dir='ltr'><strong><em>Βίτων</em></strong></span> <span class='ocrx_word' id='word_1_175' title='bbox 746 2548 842 2632; x_wconf 83' lang='grc' dir='ltr'><strong><em>ὅμοια</em></strong></span> <span class='ocrx_word' id='word_1_176' title='bbox 874 2558 932 2631; x_wconf 90' lang='grc' dir='ltr'><strong><em>τῆς</em></strong></span> <span class='ocrx_word' id='word_1_177' title='bbox 962 2544 1045 2631; x_wconf 78' lang='grc' dir='ltr'><strong><em>ὑπὲρ</em></strong></span> <span class='ocrx_word' id='word_1_178' title='bbox 1078 2546 1209 2629; x_wconf 88' lang='grc' dir='ltr'><strong><em>ἀγαθοῦ</em></strong></span> <span class='ocrx_word' id='word_1_179' title='bbox 1242 2545 1340 2630; x_wconf 81' lang='grc' dir='ltr'><strong><em>εὐχῆς</em></strong></span> <span class='ocrx_word' id='word_1_180' title='bbox 1372 2544 1556 2613; x_wconf 84' lang='grc' dir='ltr'><strong><em>ἀπώναντο.</em></strong></span> 
     </span>
     <span class='ocr_line' id='line_1_22' title="bbox 278 2650 1557 2741; baseline 0.004 -26"><span class='ocrx_word' id='word_1_181' title='bbox 278 2652 375 2735; x_wconf 84' lang='grc' dir='ltr'><strong><em>ἡνίκα</em></strong></span> <span class='ocrx_word' id='word_1_182' title='bbox 404 2650 523 2717; x_wconf 82' lang='grc' dir='ltr'><strong><em>ἐκεῖνοι</em></strong></span> <span class='ocrx_word' id='word_1_183' title='bbox 551 2655 612 2737; x_wconf 81' lang='grc' dir='ltr'><strong><em>τήν</em></strong></span> <span class='ocrx_word' id='word_1_184' title='bbox 638 2652 760 2738; x_wconf 84' lang='grc' dir='ltr'><strong><em>μητέρα</em></strong></span> <span class='ocrx_word' id='word_1_185' title='bbox 789 2652 841 2719; x_wconf 79' lang='grc' dir='ltr'><strong><em>ἐπὶ</em></strong></span> <span class='ocrx_word' id='word_1_186' title='bbox 868 2654 992 2738; x_wconf 83' lang='grc' dir='ltr'><strong><em>ἀμάξης</em></strong></span> <span class='ocrx_word' id='word_1_187' title='bbox 1014 2652 1209 2730; x_wconf 87' lang='grc' dir='ltr'><strong><em>ἑλκύσαντες</em></strong></span> <span class='ocrx_word' id='word_1_188' title='bbox 1232 2654 1288 2717; x_wconf 88' lang='grc' dir='ltr'><strong><em>διά</em></strong></span> <span class='ocrx_word' id='word_1_189' title='bbox 1310 2651 1411 2738; x_wconf 85' lang='grc' dir='ltr'><strong><em>μέσης</em></strong></span> <span class='ocrx_word' id='word_1_190' title='bbox 1433 2653 1557 2741; x_wconf 82' lang='grc' dir='ltr'><strong><em>ἀγορᾶς</em></strong></span> 
     </span>
     <span class='ocr_line' id='line_1_23' title="bbox 277 2757 1556 2849; baseline 0.004 -27"><span class='ocrx_word' id='word_1_191' title='bbox 277 2757 310 2835; x_wconf 81' lang='grc' dir='ltr'><strong><em>ἐς</em></strong></span> <span class='ocrx_word' id='word_1_192' title='bbox 338 2757 576 2843; x_wconf 87' lang='grc' dir='ltr'><strong><em>νενομισμένην</em></strong></span> <span class='ocrx_word' id='word_1_193' title='bbox 604 2761 764 2844; x_wconf 76' lang='grc' dir='ltr'><strong><em>δημοτελῆ</em></strong></span> <span class='ocrx_word' id='word_1_194' title='bbox 792 2764 918 2825; x_wconf 88' lang='grc' dir='ltr'><strong><em>θυσίαν</em></strong></span> <span class='ocrx_word' id='word_1_195' title='bbox 946 2759 996 2847; x_wconf 80' lang='grc' dir='ltr'><strong><em>(οἰ</em></strong></span> <span class='ocrx_word' id='word_1_196' title='bbox 1020 2762 1083 2847; x_wconf 81' lang='grc' dir='ltr'><strong><em>γὰρ</em></strong></span> <span class='ocrx_word' id='word_1_197' title='bbox 1113 2758 1195 2845; x_wconf 86' lang='grc' dir='ltr'><strong><em>ίεροί</em></strong></span> <span class='ocrx_word' id='word_1_198' title='bbox 1222 2763 1298 2843; x_wconf 88' lang='grc' dir='ltr'><strong><em>βόες</em></strong></span> <span class='ocrx_word' id='word_1_199' title='bbox 1325 2760 1365 2824; x_wconf 91' lang='grc' dir='ltr'><strong><em>ού</em></strong></span> <span class='ocrx_word' id='word_1_200' title='bbox 1387 2760 1556 2849; x_wconf 88' lang='grc' dir='ltr'><strong><em>παρῆσαν)</em></strong></span> 
     </span>
     <span class='ocr_line' id='line_1_24' title="bbox 276 2862 1555 2954; baseline 0.005 -25"><span class='ocrx_word' id='word_1_201' title='bbox 276 2869 394 2949; x_wconf 90' lang='grc' dir='ltr'><strong><em>έτυχον</em></strong></span> <span class='ocrx_word' id='word_1_202' title='bbox 416 2862 476 2949; x_wconf 76' lang='grc' dir='ltr'><strong><em>μέν</em></strong></span> <span class='ocrx_word' id='word_1_203' title='bbox 500 2867 596 2949; x_wconf 83' lang='grc' dir='ltr'><strong><em>εὐχῆς</em></strong></span> <span class='ocrx_word' id='word_1_204' title='bbox 618 2869 786 2952; x_wconf 82' lang='grc' dir='ltr'><strong><em>μητρόθεν</em></strong></span> <span class='ocrx_word' id='word_1_205' title='bbox 809 2867 854 2944; x_wconf 86' lang='grc' dir='ltr'><strong><em>ὡς</em></strong></span> <span class='ocrx_word' id='word_1_206' title='bbox 877 2865 929 2931; x_wconf 89' lang='grc' dir='ltr'><strong><em>έπί</em></strong></span> <span class='ocrx_word' id='word_1_207' title='bbox 953 2871 1168 2954; x_wconf 88' lang='grc' dir='ltr'><strong><em>κρείτττοσιν,</em></strong></span> <span class='ocrx_word' id='word_1_208' title='bbox 1195 2864 1290 2932; x_wconf 79' lang='grc' dir='ltr'><strong><em>αὐτοὶ</em></strong></span> <span class='ocrx_word' id='word_1_209' title='bbox 1314 2863 1349 2931; x_wconf 72' lang='grc' dir='ltr'><strong><em>δὲ</em></strong></span> <span class='ocrx_word' id='word_1_210' title='bbox 1373 2868 1555 2952; x_wconf 85' lang='grc' dir='ltr'><strong><em>προύκαλέ-</em></strong></span> 
     </span>
     <span class='ocr_line' id='line_1_25' title="bbox 276 2972 1555 3059; baseline 0.003 -21"><span class='ocrx_word' id='word_1_211' title='bbox 276 2992 377 3038; x_wconf 88' lang='grc' dir='ltr'><strong><em>σαντο</em></strong></span> <span class='ocrx_word' id='word_1_212' title='bbox 405 2973 568 3053; x_wconf 88' lang='grc' dir='ltr'><strong><em>θάνατον,</em></strong></span> <span class='ocrx_word' id='word_1_213' title='bbox 596 2972 632 3049; x_wconf 84' lang='grc' dir='ltr'><strong><em>ὃς</em></strong></span> <span class='ocrx_word' id='word_1_214' title='bbox 660 2974 776 3039; x_wconf 87' lang='grc' dir='ltr'><strong><em>αὐτίκα</em></strong></span> <span class='ocrx_word' id='word_1_215' title='bbox 804 2973 938 3040; x_wconf 82' lang='grc' dir='ltr'><strong><em>ἐκείνων</em></strong></span> <span class='ocrx_word' id='word_1_216' title='bbox 964 2973 1106 3059; x_wconf 83' lang='grc' dir='ltr'><strong><em>ἐλάβετο.</em></strong></span> <span class='ocrx_word' id='word_1_217' title='bbox 1151 2974 1234 3039; x_wconf 88' lang='grc' dir='ltr'><strong><em>ἀλλά</em></strong></span> <span class='ocrx_word' id='word_1_218' title='bbox 1256 2983 1360 3039; x_wconf 88' lang='grc' dir='ltr'><strong><em>ταῦτα</em></strong></span> <span class='ocrx_word' id='word_1_219' title='bbox 1383 2972 1445 3059; x_wconf 73' lang='grc' dir='ltr'><strong><em>μὲν</em></strong></span> <span class='ocrx_word' id='word_1_220' title='bbox 1467 2976 1555 3042; x_wconf 81' lang='grc' dir='ltr'><strong><em>οὕτω</em></strong></span> 
     </span>
    </p>

    <p class='ocr_par' dir='ltr' id='par_1_9' title="bbox 222 3077 899 3167">
     <span class='ocr_line' id='line_1_26' title="bbox 222 3077 899 3167; baseline -0.001 -19"><span class='ocrx_word' id='word_1_221' title='bbox 222 3100 256 3148; x_wconf 76' lang='grc' dir='ltr'><strong><em>κο</em></strong></span> <span class='ocrx_word' id='word_1_222' title='bbox 275 3083 496 3167; x_wconf 87' lang='grc' dir='ltr'><strong><em>παρερρίφθω</em></strong></span> <span class='ocrx_word' id='word_1_223' title='bbox 521 3077 595 3143; x_wconf 83' lang='grc' dir='ltr'><strong><em>οὐδ’</em></strong></span> <span class='ocrx_word' id='word_1_224' title='bbox 616 3081 699 3145; x_wconf 80' lang='grc' dir='ltr'><strong><em>αὐτὰ</em></strong></span> <span class='ocrx_word' id='word_1_225' title='bbox 723 3082 770 3158; x_wconf 85' lang='grc' dir='ltr'><strong><em>εἰς</em></strong></span> <span class='ocrx_word' id='word_1_226' title='bbox 792 3085 899 3147; x_wconf 88' lang='grc' dir='ltr'><strong><em>κενόν.</em></strong></span> 
     </span>
    </p>

    <p class='ocr_par' dir='ltr' id='par_1_10' title="bbox 275 3182 1604 3488">
     <span class='ocr_line' id='line_1_27' title="bbox 365 3182 1556 3276; baseline 0.003 -24"><span class='ocrx_word' id='word_1_227' title='bbox 365 3195 424 3252; x_wconf 92' lang='grc' dir='ltr'><strong><em>τοῦ</em></strong></span> <span class='ocrx_word' id='word_1_228' title='bbox 443 3182 480 3251; x_wconf 75' lang='grc' dir='ltr'><strong><em>δὲ</em></strong></span> <span class='ocrx_word' id='word_1_229' title='bbox 498 3188 580 3251; x_wconf 85' lang='grc' dir='ltr'><strong><em>κατὰ</em></strong></span> <span class='ocrx_word' id='word_1_230' title='bbox 599 3189 774 3273; x_wconf 88' lang='grc' dir='ltr'><strong><em>Πίνδαρον</em></strong></span> <span class='ocrx_word' id='word_1_231' title='bbox 793 3187 911 3272; x_wconf 89' lang='grc' dir='ltr'><strong><em>γένους</em></strong></span> <span class='ocrx_word' id='word_1_232' title='bbox 929 3190 1015 3255; x_wconf 84' lang='grc' dir='ltr'><strong><em>οὕτω</em></strong></span> <span class='ocrx_word' id='word_1_233' title='bbox 1035 3194 1252 3273; x_wconf 84' lang='grc' dir='ltr'><strong><em>πεζολογικῶς</em></strong></span> <span class='ocrx_word' id='word_1_234' title='bbox 1269 3188 1556 3276; x_wconf 88' lang='grc' dir='ltr'><strong><em>προενηνεγμένου</em></strong></span> 
     </span>
     <span class='ocr_line' id='line_1_28' title="bbox 276 3288 1604 3397; baseline 0.002 -37"><span class='ocrx_word' id='word_1_235' title='bbox 276 3294 410 3379; x_wconf 87' lang='grc' dir='ltr'><strong><em>φέρεται</em></strong></span> <span class='ocrx_word' id='word_1_236' title='bbox 439 3295 485 3370; x_wconf 92' lang='grc' dir='ltr'><strong><em>εἰς</em></strong></span> <span class='ocrx_word' id='word_1_237' title='bbox 512 3295 592 3360; x_wconf 88' lang='grc' dir='ltr'><strong><em>αὐτὸ</em></strong></span> <span class='ocrx_word' id='word_1_238' title='bbox 620 3293 675 3360; x_wconf 81' lang='grc' dir='ltr'><strong><em>καὶ</em></strong></span> <span class='ocrx_word' id='word_1_239' title='bbox 702 3294 747 3360; x_wconf 88' lang='grc' dir='ltr'><strong><em>δι’</em></strong></span> <span class='ocrx_word' id='word_1_240' title='bbox 774 3296 862 3362; x_wconf 81' lang='grc' dir='ltr'><strong><em>ἐπῶν</em></strong></span> <span class='ocrx_word' id='word_1_241' title='bbox 889 3302 1039 3362; x_wconf 88' lang='grc' dir='ltr'><strong><em>παλαιῶν</em></strong></span> <span class='ocrx_word' id='word_1_242' title='bbox 1061 3306 1178 3379; x_wconf 89' lang='grc' dir='ltr'><strong><em>ταῦτα,</em></strong></span> <span class='ocrx_word' id='word_1_243' title='bbox 1207 3288 1256 3373; x_wconf 82' lang='grc' dir='ltr'><strong><em>οἷς</em></strong></span> <span class='ocrx_word' id='word_1_244' title='bbox 1280 3295 1477 3383; x_wconf 83' lang='grc' dir='ltr'><strong><em>ἐμφέρονται</em></strong></span> <span class='ocrx_word' id='word_1_245' title='bbox 1500 3300 1559 3363; x_wconf 88' lang='grc' dir='ltr'><strong><em>καί</em></strong></span> <span class='ocrx_word' id='word_1_246' title='bbox 1595 3380 1604 3397; x_wconf 41' lang='grc'>1</span> 
     </span>
     <span class='ocr_line' id='line_1_29' title="bbox 275 3397 896 3488; baseline 0.006 -23"><span class='ocrx_word' id='word_1_247' title='bbox 275 3426 350 3466; x_wconf 88' lang='grc' dir='ltr'><strong><em>τινα</em></strong></span> <span class='ocrx_word' id='word_1_248' title='bbox 374 3397 522 3466; x_wconf 82' lang='grc' dir='ltr'><strong><em>ἐπέκεινα</em></strong></span> <span class='ocrx_word' id='word_1_249' title='bbox 545 3412 613 3467; x_wconf 85' lang='grc' dir='ltr'><strong><em>τῶν</em></strong></span> <span class='ocrx_word' id='word_1_250' title='bbox 634 3402 896 3488; x_wconf 85' lang='grc' dir='ltr'><strong><em>προειρημένων·</em></strong></span> 
     </span>
    </p>
   </div>
   <div class='ocr_carea' id='block_1_5' title="bbox 277 3526 1555 3615">
    <p class='ocr_par' dir='ltr' id='par_1_11' title="bbox 277 3526 1555 3615">
     <span class='ocr_line' id='line_1_30' title="bbox 277 3526 1555 3615; baseline 0.002 -23"><span class='ocrx_word' id='word_1_251' title='bbox 277 3527 481 3613; x_wconf 89' lang='grc' dir='ltr'><strong><em>Πίνδαρον</em></strong></span> <span class='ocrx_word' id='word_1_252' title='bbox 508 3526 712 3612; x_wconf 78' lang='grc' dir='ltr'><strong><em>ὑψαγόρην</em></strong></span> <span class='ocrx_word' id='word_1_253' title='bbox 736 3530 962 3613; x_wconf 87' lang='grc' dir='ltr'><strong><em>Καδμηίδος</em></strong></span> <span class='ocrx_word' id='word_1_254' title='bbox 989 3530 1101 3594; x_wconf 86' lang='grc' dir='ltr'><strong><em>ούδει·</em></strong></span> <span class='ocrx_word' id='word_1_255' title='bbox 1124 3530 1253 3612; x_wconf 80' lang='grc' dir='ltr'><strong><em>Θήβης</em></strong></span> <span class='ocrx_word' id='word_1_256' title='bbox 1280 3534 1382 3594; x_wconf 88' lang='grc' dir='ltr'><strong><em>κ.τ.λ.</em></strong></span> <span class='ocrx_word' id='word_1_257' title='bbox 1420 3526 1466 3615; x_wconf 92' lang='lat' dir='ltr'><strong><em>(p.</em></strong></span> <span class='ocrx_word' id='word_1_258' title='bbox 1481 3526 1555 3611; x_wconf 76' lang='lat' dir='ltr'>CII)</span> 
     </span>
    </p>
   </div>
   <div class='ocr_carea' id='block_1_6' title="bbox 222 3665 1666 4616">
    <p class='ocr_par' dir='ltr' id='par_1_12' title="bbox 223 3665 1586 4185">
     <span class='ocr_line' id='line_1_31' title="bbox 223 3665 1556 3757; baseline 0.001 -20"><span class='ocrx_word' id='word_1_259' title='bbox 223 3688 257 3737; x_wconf 81' lang='lat'><strong><em>30</em></strong></span> <span class='ocrx_word' id='word_1_260' title='bbox 365 3669 451 3734; x_wconf 84' lang='grc' dir='ltr'><strong><em>οὕτω</em></strong></span> <span class='ocrx_word' id='word_1_261' title='bbox 484 3665 520 3733; x_wconf 75' lang='grc' dir='ltr'><strong><em>δέ</em></strong></span> <span class='ocrx_word' id='word_1_262' title='bbox 552 3667 606 3733; x_wconf 84' lang='grc' dir='ltr'><strong><em>καὶ</em></strong></span> <span class='ocrx_word' id='word_1_263' title='bbox 639 3671 767 3736; x_wconf 89' lang='grc' dir='ltr'><strong><em>τούτων</em></strong></span> <span class='ocrx_word' id='word_1_264' title='bbox 799 3670 951 3757; x_wconf 77' lang='grc' dir='ltr'><strong><em>ήσμένων</em></strong></span> <span class='ocrx_word' id='word_1_265' title='bbox 980 3674 1027 3749; x_wconf 90' lang='grc' dir='ltr'><strong><em>εἰς</em></strong></span> <span class='ocrx_word' id='word_1_266' title='bbox 1054 3673 1091 3736; x_wconf 92' lang='grc' dir='ltr'><strong><em>τὸ</em></strong></span> <span class='ocrx_word' id='word_1_267' title='bbox 1119 3680 1178 3736; x_wconf 90' lang='grc' dir='ltr'><strong><em>τοῦ</em></strong></span> <span class='ocrx_word' id='word_1_268' title='bbox 1205 3680 1345 3755; x_wconf 88' lang='grc' dir='ltr'><strong><em>ποιητοῦ</em></strong></span> <span class='ocrx_word' id='word_1_269' title='bbox 1373 3670 1467 3755; x_wconf 91' lang='grc' dir='ltr'><strong><em>γένος</em></strong></span> <span class='ocrx_word' id='word_1_270' title='bbox 1494 3673 1556 3738; x_wconf 91' lang='grc' dir='ltr'><strong><em>ούκ</em></strong></span> 
     </span>
     <span class='ocr_line' id='line_1_32' title="bbox 275 3775 1586 3867; baseline 0.003 -27"><span class='ocrx_word' id='word_1_271' title='bbox 275 3775 489 3862; x_wconf 82' lang='grc' dir='ltr'><strong><em>ἀγλαφύρως,</em></strong></span> <span class='ocrx_word' id='word_1_272' title='bbox 517 3778 552 3841; x_wconf 89' lang='grc' dir='ltr'><strong><em>οί</em></strong></span> <span class='ocrx_word' id='word_1_273' title='bbox 577 3776 712 3842; x_wconf 90' lang='grc' dir='ltr'><strong><em>παλαιοί</em></strong></span> <span class='ocrx_word' id='word_1_274' title='bbox 740 3778 799 3856; x_wconf 81' lang='grc' dir='ltr'><strong><em>ἔξω</em></strong></span> <span class='ocrx_word' id='word_1_275' title='bbox 827 3789 895 3844; x_wconf 84' lang='grc' dir='ltr'><strong><em>τῶν</em></strong></span> <span class='ocrx_word' id='word_1_276' title='bbox 923 3778 959 3844; x_wconf 85' lang='grc' dir='ltr'><strong><em>ἐν</em></strong></span> <span class='ocrx_word' id='word_1_277' title='bbox 986 3790 1025 3864; x_wconf 88' lang='grc' dir='ltr'><strong><em>τῆ</em></strong></span> <span class='ocrx_word' id='word_1_278' title='bbox 1050 3780 1239 3864; x_wconf 82' lang='grc' dir='ltr'><strong><em>Πινδαρικῆ</em></strong></span> <span class='ocrx_word' id='word_1_279' title='bbox 1266 3783 1370 3867; x_wconf 88' lang='grc' dir='ltr'><strong><em>βίβλῳ</em></strong></span> <span class='ocrx_word' id='word_1_280' title='bbox 1394 3776 1586 3863; x_wconf 65' lang='grc' dir='ltr'><strong><em>κειμένων*</em></strong></span> 
     </span>
     <span class='ocr_line' id='line_1_33' title="bbox 275 3882 1557 3971; baseline 0.002 -22"><span class='ocrx_word' id='word_1_281' title='bbox 275 3895 451 3968; x_wconf 87' lang='grc' dir='ltr'><strong><em>γνωμικῶν</em></strong></span> <span class='ocrx_word' id='word_1_282' title='bbox 474 3882 744 3967; x_wconf 85' lang='grc' dir='ltr'><strong><em>ἀποφθεγμάτων</em></strong></span> <span class='ocrx_word' id='word_1_283' title='bbox 766 3895 1024 3970; x_wconf 85' lang='grc' dir='ltr'><strong><em>προσιστορυῦσι</em></strong></span> <span class='ocrx_word' id='word_1_284' title='bbox 1043 3884 1097 3951; x_wconf 86' lang='grc' dir='ltr'><strong><em>καὶ</em></strong></span> <span class='ocrx_word' id='word_1_285' title='bbox 1116 3886 1202 3950; x_wconf 87' lang='grc' dir='ltr'><strong><em>τάδε.</em></strong></span> <span class='ocrx_word' id='word_1_286' title='bbox 1246 3888 1416 3971; x_wconf 86' lang='grc' dir='ltr'><strong><em>Πίνδαρος</em></strong></span> <span class='ocrx_word' id='word_1_287' title='bbox 1435 3885 1557 3970; x_wconf 82' lang='grc' dir='ltr'><strong><em>ἐρωτη-</em></strong></span> 
     </span>
     <span class='ocr_line' id='line_1_34' title="bbox 275 3987 1557 4079; baseline 0.002 -22"><span class='ocrx_word' id='word_1_288' title='bbox 275 3996 362 4074; x_wconf 88' lang='grc' dir='ltr'><strong><em>θείς,</em></strong></span> <span class='ocrx_word' id='word_1_289' title='bbox 390 3995 424 4055; x_wconf 95' lang='grc' dir='ltr'><strong><em>τί</em></strong></span> <span class='ocrx_word' id='word_1_290' title='bbox 448 3994 585 4078; x_wconf 91' lang='grc' dir='ltr'><strong><em>πρίονος</em></strong></span> <span class='ocrx_word' id='word_1_291' title='bbox 612 3990 783 4074; x_wconf 85' lang='grc' dir='ltr'><strong><em>ὀξύτερον,</em></strong></span> <span class='ocrx_word' id='word_1_292' title='bbox 812 3987 894 4058; x_wconf 79' lang='grc' dir='ltr'><strong><em>εἷπε·</em></strong></span> <span class='ocrx_word' id='word_1_293' title='bbox 919 3994 1093 4075; x_wconf 87' lang='grc' dir='ltr'><strong><em>διαβολή.</em></strong></span> <span class='ocrx_word' id='word_1_294' title='bbox 1140 3996 1292 4076; x_wconf 87' lang='grc' dir='ltr'><strong><em>Λελφόσε</em></strong></span> <span class='ocrx_word' id='word_1_295' title='bbox 1316 3990 1352 4057; x_wconf 75' lang='grc' dir='ltr'><strong><em>δέ</em></strong></span> <span class='ocrx_word' id='word_1_296' title='bbox 1376 3991 1557 4079; x_wconf 81' lang='grc' dir='ltr'><strong><em>ἐρωτηθεὶς</em></strong></span> 
     </span>
     <span class='ocr_line' id='line_1_35' title="bbox 275 4094 1557 4185; baseline 0.003 -22"><span class='ocrx_word' id='word_1_297' title='bbox 275 4105 309 4163; x_wconf 94' lang='grc' dir='ltr'><strong><em>τί</em></strong></span> <span class='ocrx_word' id='word_1_298' title='bbox 324 4100 461 4184; x_wconf 86' lang='grc' dir='ltr'><strong><em>πάρεστι</em></strong></span> <span class='ocrx_word' id='word_1_299' title='bbox 480 4099 609 4177; x_wconf 82' lang='grc' dir='ltr'><strong><em>θύσων,</em></strong></span> <span class='ocrx_word' id='word_1_300' title='bbox 632 4107 779 4163; x_wconf 85' lang='grc' dir='ltr'><strong><em>παιᾶνα</em></strong></span> <span class='ocrx_word' id='word_1_301' title='bbox 797 4094 879 4164; x_wconf 84' lang='grc' dir='ltr'><strong><em>εἷπε·</em></strong></span> <span class='ocrx_word' id='word_1_302' title='bbox 898 4098 1078 4184; x_wconf 81' lang='grc' dir='ltr'><strong><em>μονονουχὶ</em></strong></span> <span class='ocrx_word' id='word_1_303' title='bbox 1098 4100 1214 4183; x_wconf 84' lang='grc' dir='ltr'><strong><em>λέγων,</em></strong></span> <span class='ocrx_word' id='word_1_304' title='bbox 1234 4099 1268 4164; x_wconf 84' lang='grc' dir='ltr'><strong><em>ἐκ</em></strong></span> <span class='ocrx_word' id='word_1_305' title='bbox 1288 4111 1354 4164; x_wconf 87' lang='grc' dir='ltr'><strong><em>τῶν</em></strong></span> <span class='ocrx_word' id='word_1_306' title='bbox 1372 4098 1557 4185; x_wconf 82' lang='grc' dir='ltr'><strong><em>ἐλλογίμων</em></strong></span> 
     </span>
    </p>

    <p class='ocr_par' dir='ltr' id='par_1_13' title="bbox 222 4199 1666 4616">
     <span class='ocr_line' id='line_1_36' title="bbox 222 4199 1666 4295; baseline 0 -22"><span class='ocrx_word' id='word_1_307' title='bbox 222 4225 255 4274; x_wconf 78' lang='lat'><strong><em>36</em></strong></span> <span class='ocrx_word' id='word_1_308' title='bbox 276 4206 409 4291; x_wconf 88' lang='grc' dir='ltr'><strong><em>ἀνδρῶν</em></strong></span> <span class='ocrx_word' id='word_1_309' title='bbox 436 4208 563 4271; x_wconf 88' lang='grc' dir='ltr'><strong><em>θυσίαν</em></strong></span> <span class='ocrx_word' id='word_1_310' title='bbox 590 4199 675 4279; x_wconf 73' lang='grc' dir='ltr'><strong><em>εἶναι</em></strong></span> <span class='ocrx_word' id='word_1_311' title='bbox 705 4209 824 4288; x_wconf 88' lang='grc' dir='ltr'><strong><em>λόγους</em></strong></span> <span class='ocrx_word' id='word_1_312' title='bbox 847 4217 892 4295; x_wconf 82' lang='grc' dir='ltr'><strong><em>τῳ</em></strong></span> <span class='ocrx_word' id='word_1_313' title='bbox 916 4210 1088 4292; x_wconf 86' lang='grc' dir='ltr'><strong><em>κρείττονι.</em></strong></span> <span class='ocrx_word' id='word_1_314' title='bbox 1134 4209 1217 4292; x_wconf 85' lang='grc' dir='ltr'><strong><em>πρὸς</em></strong></span> <span class='ocrx_word' id='word_1_315' title='bbox 1239 4206 1256 4271; x_wconf 86' lang='grc' dir='ltr'><strong>ὃ</strong></span> <span class='ocrx_word' id='word_1_316' title='bbox 1280 4212 1438 4272; x_wconf 88' lang='grc' dir='ltr'><strong><em>συλλαλεῖ</em></strong></span> <span class='ocrx_word' id='word_1_317' title='bbox 1458 4205 1556 4274; x_wconf 82' lang='grc' dir='ltr'><strong><em>καὶὸ</em></strong></span> <span class='ocrx_word' id='word_1_318' title='bbox 1659 4204 1666 4221; x_wconf 86' lang='grc'><strong>“</strong></span> 
     </span>
     <span class='ocr_line' id='line_1_37' title="bbox 276 4311 1557 4400; baseline 0.004 -25"><span class='ocrx_word' id='word_1_319' title='bbox 276 4312 491 4398; x_wconf 76' lang='grc' dir='ltr'><strong><em>γράψας,·ὡς</em></strong></span> <span class='ocrx_word' id='word_1_320' title='bbox 519 4313 670 4376; x_wconf 85' lang='grc' dir='ltr'><strong><em>ἀκαπνα</em></strong></span> <span class='ocrx_word' id='word_1_321' title='bbox 697 4313 870 4377; x_wconf 88' lang='grc' dir='ltr'><strong><em>θύουσιν</em></strong></span> <span class='ocrx_word' id='word_1_322' title='bbox 897 4314 1037 4379; x_wconf 88' lang='grc' dir='ltr'><strong><em>ἀοιδοί.</em></strong></span> <span class='ocrx_word' id='word_1_323' title='bbox 1084 4316 1165 4400; x_wconf 84' lang='grc' dir='ltr'><strong><em>πρὸς</em></strong></span> <span class='ocrx_word' id='word_1_324' title='bbox 1193 4311 1228 4377; x_wconf 75' lang='grc' dir='ltr'><strong><em>δέ</em></strong></span> <span class='ocrx_word' id='word_1_325' title='bbox 1252 4315 1310 4378; x_wconf 86' lang='grc' dir='ltr'><strong><em>τὸν</em></strong></span> <span class='ocrx_word' id='word_1_326' title='bbox 1334 4313 1557 4399; x_wconf 79' lang='grc' dir='ltr'><strong><em>ἐρωτήσαντα,</em></strong></span> 
     </span>
     <span class='ocr_line' id='line_1_38' title="bbox 276 4400 1557 4507; baseline 0.002 -22"><span class='ocrx_word' id='word_1_327' title='bbox 276 4422 332 4485; x_wconf 77' lang='grc' dir='ltr'><strong><em>διὰ</em></strong></span> <span class='ocrx_word' id='word_1_328' title='bbox 360 4424 394 4484; x_wconf 88' lang='grc' dir='ltr'><strong><em>τί</em></strong></span> <span class='ocrx_word' id='word_1_329' title='bbox 419 4419 458 4483; x_wconf 89' lang='grc' dir='ltr'><strong><em>οὐ</em></strong></span> <span class='ocrx_word' id='word_1_330' title='bbox 487 4429 532 4507; x_wconf 79' lang='grc' dir='ltr'><strong><em>τῳ</em></strong></span> <span class='ocrx_word' id='word_1_331' title='bbox 561 4400 599 4485; x_wconf 76' lang='grc' dir='ltr'><strong><em>εύ</em></strong></span> <span class='ocrx_word' id='word_1_332' title='bbox 626 4420 803 4504; x_wconf 85' lang='grc' dir='ltr'><strong><em>πράττοντι</em></strong></span> <span class='ocrx_word' id='word_1_333' title='bbox 832 4424 892 4506; x_wconf 83' lang='grc' dir='ltr'><strong><em>τήν</em></strong></span> <span class='ocrx_word' id='word_1_334' title='bbox 915 4420 1085 4507; x_wconf 86' lang='grc' dir='ltr'><strong><em>θυγατέρα</em></strong></span> <span class='ocrx_word' id='word_1_335' title='bbox 1109 4422 1262 4497; x_wconf 86' lang='grc' dir='ltr'><strong><em>δίδωσιν,</em></strong></span> <span class='ocrx_word' id='word_1_336' title='bbox 1291 4421 1334 4486; x_wconf 87' lang='grc' dir='ltr'><strong><em>οὐ</em></strong></span> <span class='ocrx_word' id='word_1_337' title='bbox 1363 4423 1485 4505; x_wconf 87' lang='grc' dir='ltr'><strong><em>μόνον</em></strong></span> <span class='ocrx_word' id='word_1_338' title='bbox 1513 4417 1557 4487; x_wconf 87' lang='grc' dir='ltr'><strong><em>εὖ</em></strong></span> 
     </span>
     <span class='ocr_line' id='line_1_39' title="bbox 276 4523 1557 4616; baseline 0.002 -24"><span class='ocrx_word' id='word_1_339' title='bbox 276 4527 517 4611; x_wconf 88' lang='grc' dir='ltr'><strong><em>πράττοντος</em></strong></span> <span class='ocrx_word' id='word_1_340' title='bbox 554 4530 616 4612; x_wconf 83' lang='grc' dir='ltr'><strong><em>ἔφη</em></strong></span> <span class='ocrx_word' id='word_1_341' title='bbox 650 4530 823 4611; x_wconf 84' lang='grc' dir='ltr'><strong><em>δεῖσθαι,</em></strong></span> <span class='ocrx_word' id='word_1_342' title='bbox 861 4527 956 4593; x_wconf 84' lang='grc' dir='ltr'><strong><em>ἀλλά</em></strong></span> <span class='ocrx_word' id='word_1_343' title='bbox 988 4526 1051 4592; x_wconf 84' lang='grc' dir='ltr'><strong><em>καί</em></strong></span> <span class='ocrx_word' id='word_1_344' title='bbox 1084 4523 1125 4593; x_wconf 87' lang='grc' dir='ltr'><strong><em>εὖ</em></strong></span> <span class='ocrx_word' id='word_1_345' title='bbox 1156 4526 1383 4611; x_wconf 81' lang='grc' dir='ltr'><strong><em>πράξαντος.</em></strong></span> <span class='ocrx_word' id='word_1_346' title='bbox 1438 4537 1484 4616; x_wconf 79' lang='grc' dir='ltr'><strong><em>τῳ</em></strong></span> <span class='ocrx_word' id='word_1_347' title='bbox 1519 4527 1557 4594; x_wconf 76' lang='grc' dir='ltr'><strong><em>δέ</em></strong></span> 
     </span>
    </p>
   </div>
   <div class='ocr_carea' id='block_1_7' title="bbox 365 4755 1345 4825">
    <p class='ocr_par' dir='ltr' id='par_1_14' title="bbox 365 4755 1345 4825">
     <span class='ocr_line' id='line_1_40' title="bbox 365 4755 1345 4825; baseline -0.001 -15"><span class='ocrx_word' id='word_1_348' title='bbox 365 4763 407 4811; x_wconf 78' lang='lat'><strong><em>27.</em></strong></span> <span class='ocrx_word' id='word_1_349' title='bbox 428 4756 490 4812; x_wconf 71' lang='lat' dir='ltr'>fori.</span> <span class='ocrx_word' id='word_1_350' title='bbox 512 4758 600 4812; x_wconf 81' lang='grc' dir='ltr'><strong><em>αὐτὸν</em></strong></span> <span class='ocrx_word' id='word_1_351' title='bbox 619 4790 652 4798; x_wconf 92' lang='grc'><strong>-</strong></span> <span class='ocrx_word' id='word_1_352' title='bbox 672 4763 713 4811; x_wconf 87' lang='grc'><strong><em>36.</em></strong></span> <span class='ocrx_word' id='word_1_353' title='bbox 734 4756 850 4810; x_wconf 83' lang='grc' dir='ltr'><strong><em>ἄκαπνα</em></strong></span> <span class='ocrx_word' id='word_1_354' title='bbox 870 4800 875 4811; x_wconf 93' lang='grc'><strong><em>.</em></strong></span> <span class='ocrx_word' id='word_1_355' title='bbox 893 4801 897 4810; x_wconf 97' lang='grc'>.</span> <span class='ocrx_word' id='word_1_356' title='bbox 915 4800 920 4810; x_wconf 91' lang='grc'><em>.</em></span> <span class='ocrx_word' id='word_1_357' title='bbox 940 4755 1047 4810; x_wconf 86' lang='grc' dir='ltr'><strong><em>ἀοιδοί·</em></strong></span> <span class='ocrx_word' id='word_1_358' title='bbox 1068 4758 1102 4811; x_wconf 76' lang='lat' dir='ltr'><strong><em>cf.</em></strong></span> <span class='ocrx_word' id='word_1_359' title='bbox 1122 4756 1248 4811; x_wconf 53' lang='lat' dir='ltr'><strong>Athena</strong></span> <span class='ocrx_word' id='word_1_360' title='bbox 1267 4775 1293 4825; x_wconf 84' lang='lat' dir='ltr'><strong><em>p.</em></strong></span> <span class='ocrx_word' id='word_1_361' title='bbox 1309 4762 1345 4809; x_wconf 79' lang='lat'><strong><em>8⁶.</em></strong></span> 
     </span>
    </p>
   </div>
   <div class='ocr_carea' id='block_1_8' title="bbox 0 0 1708 5378">
    <p class='ocr_par' dir='ltr' id='par_1_15' title="bbox 0 0 1708 5378">
     <span class='ocr_line' id='line_1_41' title="bbox 0 0 1708 5378; baseline 0 0"><span class='ocrx_word' id='word_1_362' title='bbox 0 0 1708 5378; x_wconf 95' lang='lat' dir='ltr'><strong><em> </em></strong></span> 
     </span>
    </p>
   </div>
  </div>
 </body>
</html>
