3406 5378
278 304 342 368 ρης
746 306 894 357 numer
912 305 1079 357 aermon.

336 487 535 573 Τιμάσαρχε,
559 488 637 570 τεάν
660 484 872 550 ἐπινικίοισιν
895 483 1024 559 ἀοιδαῖς

286 600 288 604 ’
331 596 501 679 πρόπολον
524 596 666 677 ἔμμεναι.
712 595 744 657 εί
765 591 804 656 δέ
824 615 875 656 τοι

278 719 311 764 80
330 701 442 788 μάτρῳ
466 698 500 784 μ’
526 703 574 764 ἔτι
598 704 778 764 Καλλικλεῖ
798 699 940 775 κελεύεις

332 914 456 979 στάλαν
480 912 582 997 θέμεν
606 917 738 998 Παρίου
762 916 891 978 λίθου-
908 910 1117 997 λευκοτέραν·

330 1021 348 1086 ὁ
372 1022 494 1107 χρυσὸς
517 1018 675 1104 ἑψόμενος

330 1129 435 1211 αὐγάς
458 1127 579 1205 ἔδειξεν
603 1127 743 1210 ἁπάσας,

374 1235 479 1319 ὕμνος
499 1231 539 1301 δὲ
559 1246 628 1300 τόν
651 1232 791 1316 άγαθῶν

330 1341 501 1428 ἑργμάτων
525 1345 718 1426 βασιλεῦσιν
742 1341 939 1423 ἰσοδαίμονα
962 1341 1068 1423 τεύχει

276 1466 310 1513 85
330 1460 437 1535 φῶτα·
461 1461 570 1525 κεῖνος
593 1447 673 1533 ἀμφ’
699 1446 865 1532 Ἀχέροντι
888 1446 1050 1511 ναιετάων
1074 1445 1155 1530 ε’μάν

329 1561 482 1639 γλῶσσαν
505 1555 625 1642 εὑρέτω
649 1556 824 1638 κελαδῆτιν
845 1552 1086 1640 Ὀρσοτριαίνα,

329 1662 374 1727 ἵν’
400 1663 437 1727 έν
460 1663 565 1745 ἀγῶνι
588 1664 802 1748 βαρυκτύπου

330 1770 475 1853 θάλλησε
500 1773 700 1855 Κορινθίοις
722 1771 877 1844 σελίνοις·

330 1984 388 2048 τὸν
411 1982 573 2067 Εὐφάνης
596 1981 723 2047 ἐθέλων
746 1983 892 2067 γεραι-ὸς
914 1980 1092 2067 προπάτωρ
1321 1987 1400 2068 Στρ.
1422 1980 1478 2065 ιβ’.
1500 1999 1550 2046 145

276 2108 310 2153 90
329 2091 386 2166 σὸς
409 2091 519 2154 ι’ίεισεν
542 2091 629 2171 τότε,
652 2100 719 2153 παλ.

329 2199 458 2261 άλλοισι
482 2193 513 2260 δ’
540 2197 649 2272 ἅλικες
672 2197 779 2261 ἄλλοι·

373 2304 412 2367 τὰ
436 2302 467 2367 δ’
493 2303 592 2378 αὐτὸς
616 2304 657 2367 ἄν
681 2327 730 2379 τις
754 2304 824 2387 rep,

329 2413 462 2475 ἔλπεταί
481 2434 531 2486 τις
554 2409 688 2485 ἕκαστος
713 2409 894 2493 ἐξοχώτατα
917 2409 1057 2492 φάσθαι.

328 2509 401 2583 οἷον
424 2515 545 2583 αἰνέων
568 2540 603 2581 κε
627 2520 802 2601 Μελησίαν
825 2516 918 2601 ἔριδα
942 2515 1093 2601 στρέφοι,

232 2796 233 2800 =
275 2764 386 2833 πάτραν
400 2763 439 2820 ἵν’
456 2765 609 2819 Hermann:
629 2762 769 2831 πάτρανιν
787 2764 856 2831 ΠΜ,
875 2761 986 2829 πάτραν
1006 2783 1050 2816 νιν
1071 2763 1172 2818 BD¹³⁰
1188 2794 1219 2803 -
1237 2769 1278 2817 78.
1297 2763 1364 2818 τεὰν
1383 2763 1476 2817 codd:
1496 2763 1549 2817 σὰν

275 2837 417 2891 Hermann
437 2868 468 2875 -
490 2841 530 2889 82.
555 2835 570 2888 ὁ
607 2835 689 2901 evole
708 2833 736 2889 θ’
753 2830 797 2902 ic.
813 2834 884 2888 coni.
900 2833 1011 2888 Boeckh
1032 2865 1062 2874 -
1084 2839 1125 2887 87.
1150 2832 1188 2887 ἵν’
1206 2834 1236 2888 ἐν
1255 2834 1348 2889 codd.:
1375 2833 1405 2897 ὃς
1429 2834 1459 2889 ἐν
1477 2835 1548 2889 coni.

274 2907 494 2973 Hauchenstein‚
521 2905 584 2960 ένεκ
616 2906 772 2960 Mommsen
795 2939 826 2945 --
852 2909 893 2959 88.
920 2903 1043 2973 θάλλησε
1063 2905 1188 2959 Schmid:
1214 2905 1322 2974 θάλησε
1342 2906 1436 2974 codd.;
1460 2906 1494 2959 cf.
1515 2906 1548 2959 N.

276 2998 293 3032 x
307 2996 334 3032 rs
349 2982 378 3033 et
395 2978 468 3034 Prol.
483 2996 511 3030 ιι
533 3010 562 3016 -
584 2982 625 3030 90.
645 2978 692 3039 σὸς
711 2976 805 3031 ἄεισεν
823 2974 884 3030 τότε
903 2980 983 3044 (ποτε
1001 2976 1154 3045 Hermann)
1173 2985 1226 3030 παῖ
1243 2977 1312 3031 coni.
1328 2976 1549 3032 Rauchenstein:

274 3050 290 3103 d
304 3051 351 3113 σὸς
369 3047 493 3104 άείσεται
511 3057 566 3102 παῖ
582 3048 661 3103 codd.
682 3052 710 3102 et
729 3048 813 3102 schol.
830 3080 862 3088 —
878 3053 918 3101 91.
940 3047 977 3101 ἄν
991 3069 1032 3111 τις
1045 3047 1092 3117 ἴδη
1107 3064 1140 3101 ex
1156 3047 1269 3102 scholiis
1283 3049 1438 3103 Hermann:
1458 3048 1495 3102 ἄν
1509 3069 1550 3112 τις

275 3123 345 3192 τάχη
363 3121 453 3188 codd,
468 3120 539 3174 ἄντα
554 3118 622 3191 τύχη
637 3119 683 3174 vel
697 3119 830 3191 ἀντι-τύχη
844 3118 1004 3189 Mingarelli
1019 3150 1051 3159 —
1067 3124 1109 3174 93.
1125 3115 1185 3173 οἶον
1199 3120 1229 3174 D
1243 3119 1391 3188 Didymus:
1412 3115 1472 3174 οἷον
1487 3121 1548 3174 Ari-

346 3269 387 3318 81.
417 3261 576 3317 columnam
600 3263 683 3317 Pario
708 3279 845 3316 marmore
871 3261 1060 3315 candidiorem
1086 3261 1157 3315 dicit
1181 3278 1292 3315 carmon
1318 3261 1484 3332 epinicium3
1514 3262 1548 3318 cf.

275 3335 309 3390 Ν.
324 3353 341 3389 v
360 3333 397 3388 in.
417 3337 446 3387 ct
464 3334 529 3389 Hor.
550 3333 577 3389 C.
597 3353 625 3388 ιν
643 3352 664 3401 ε,
684 3351 721 3389 ro:
741 3352 797 3389 που
814 3335 903 3389 inesse
921 3336 994 3387 κολίε
1011 3350 1147 3387 marmora
1162 3335 1284 3402 publicis
1302 3336 1405 3389 clarius
1425 3336 1549 3388 iudicant

274 3407 369 3462 laudes
387 3423 468 3476 ραονι
484 3406 617 3461 Calabrae
630 3407 759 3460 Piem'des.
791 3404 945 3460 Candorem
959 3403 1035 3458 idem
1049 3403 1182 3458 Horatius
1197 3404 1224 3459 C.
1240 3424 1249 3457 1
1266 3422 1298 3470 ιε,
1312 3423 1323 3459 ι
1339 3405 1549 3475 comparatione

275 3476 349 3532 Parii
372 3476 518 3531 marmoris
541 3477 678 3532 illustrat:
704 3477 835 3546 Glycerae
857 3479 932 3530 nitor
953 3477 1120 3544 splendentia
1139 3477 1226 3530 Pario
1243 3494 1376 3531 ruarmore
1393 3479 1496 3545 purius
1514 3509 1548 3516 -

274 3554 316 3604 82.
327 3547 414 3603 verba
428 3547 553 3619 ὁχρυσὸς
568 3593 572 3603 .
591 3592 595 3602 .
612 3593 617 3602 .
634 3557 722 3617 φῶτα,
739 3546 841 3616 quibas
855 3564 899 3601 res
913 3546 942 3600 in
957 3546 1064 3616 protasi
1078 3546 1237 3616 significata
1252 3549 1439 3615 confirmetur,
1454 3548 1549 3601 media

274 3620 347 3674 inter
360 3619 487 3688 protasin
501 3629 537 3685 (v.
552 3638 578 3675 so
593 3624 626 3687 s.)
642 3623 671 3674 et
684 3618 821 3688 apodosin
840 3621 875 3742 ἵ.
891 3634 917 3672 ιο
931 3622 978 3686 ss.)
996 3618 1144 3672 interiecta
1163 3622 1240 3683 sunt;
1259 3618 1434 3688 paratactice
1454 3622 1548 3673 autem

273 3694 413 3746 structura
427 3707 462 3745 ea
475 3690 712 3761 comparationem
728 3690 789 3744 auri
804 3693 833 3744 et
865 3688 943 3758 ymni
958 3688 1099 3758 exhibent,
1113 3692 1146 3742 ut
1158 3689 1228 3744 haec
1243 3690 1281 3744 eit
1293 3707 1423 3744 versuum
1438 3694 1548 3744 senten·

272 3761 327 3818 tir:
347 3779 504 3817 marmoree
523 3762 652 3817 columna
671 3761 861 3832 praestantius
880 3763 1089 3815 monumentum
1109 3777 1222 3815 carmen
1240 3765 1290 3827 est,
1310 3762 1385 3830 quod
1400 3765 1431 3814 ut
1449 3778 1547 3815 aurum

274 3833 340 3905 igne
359 3838 469 3888 coctum
488 3834 617 3888 omnibns
636 3833 789 3887 luminibus
809 3832 938 3886 clarescit
956 3831 1000 3899 (cf.
1018 3831 1048 3886 Ο,
1063 3851 1073 3884 ι
1088 3832 1145 3900 in),
1165 3832 1268 3887 iteres
1287 3834 1358 3887 bene
1376 3837 1473 3902 gestae
1489 3850 1547 3887 cer·

271 3904 346 3959 mine
365 3904 524 3959 illustratae
543 3905 683 3959 hominem
707 3904 820 3975 regibus
843 3919 939 3973 parem
958 3902 1132 3956 reddunt-
1151 3908 1192 3958 87.
1212 3902 1251 3958 ἵν’
1273 3903 1303 3958 έν
1322 3905 1424 3973 ἀγῶνι·
1444 3903 1492 3958 ίνα
1511 3905 1547 3958 ed

272 3975 435 4047 genetivum
456 3975 662 4044 Ὀρσοτριαίνα,
687 3976 736 4044 qui
754 3993 772 4029 a
790 3975 902 4029 nomine
921 3973 1030 4028 verbali
1053 3977 1213 4042 κελαδητιιν
1231 3976 1348 4045 pendet,
1371 3976 1546 4030 referendum

273 4051 324 4116 est,
343 4047 398 4101 nisi
418 4049 490 4101 forte
509 4047 699 4102 coniunctioni
717 4046 764 4101 leo
784 4046 829 4100 hic
848 4063 902 4100 non
922 4044 1020 4099 localis
1037 4049 1088 4099 aut
1101 4046 1193 4100 finalis
1208 4047 1256 4101 sed
1272 4046 1393 4101 modalis
1407 4047 1450 4101 vis
1465 4047 1547 4113 inest,

272 4122 305 4172 ut
319 4124 440 4190 cognata
454 4118 595 4188 particula
614 4117 669 4173 ὅπα
689 4122 718 4172 et
738 4117 808 4171 ‘ubi'
830 4121 859 4172 et
880 4119 946 4186 ‘quo
965 4119 1057 4186 parto’
1079 4115 1227 4187 significat.
1252 4119 1292 4172 De
1307 4117 1409 4171 animis
1423 4121 1547 4172 mortuo-

271 4207 333 4244 rum
359 4190 434 4258 apud
460 4190 563 4244 inferos
589 4190 683 4244 vivere
709 4207 758 4260 per
794 4188 890 4242 ntibns
916 4190 1010 4242 confer
1036 4188 1106 4242 Erw.
1128 4188 1238 4255 Rohde‚
1266 4188 1374 4257 Psyche
1399 4206 1487 4260 prou
1514 4222 1545 4230 -

272 4266 313 4314 89.
341 4260 479 4329 Εὐφάνης
504 4279 572 4315 avus
596 4265 738 4315 maternus
786 4260 937 4315 imaserchi
964 4262 992 4313 et
1016 4262 1097 4328 pater
1116 4259 1239 4313 Calliclis
1259 4259 1344 4315 fuisse
1364 4260 1480 4327 dicitur,
1498 4261 1547 4329 qui

271 4332 361 4386 filium
387 4349 467 4385 suum
487 4331 646 4399 Calliclem,
673 4336 705 4386 ut
727 4332 938 4386 'simasarchum
958 4330 1016 4384 eius
1035 4334 1116 4400 pater
1135 4330 1315 4398 Timocritus‚
1342 4332 1464 4387 carmine
1483 4332 1547 4386 illu·

272 4405 412 4457 straverat
435 4434 460 4441 -
484 4410 525 4457 91.
546 4403 651 4458 ἄλλοισι
670 4402 698 4458 δ’
721 4404 814 4467 ἅλικες
832 4403 921 4456 ἄλλοι·
945 4401 1060 4471 respicit
1078 4402 1255 4472 proverbium
1273 4402 1333 4471 ἥλιξ
1352 4401 1434 4472 ἥλικα
1453 4401 1548 4470 τέρπει

274 4505 306 4514 -
327 4479 368 4527 93,
389 4473 441 4527 sub
460 4474 542 4528 finem
562 4475 693 4529 carminis
713 4475 813 4529 eximie
832 4477 916 4544 poeta
935 4472 1080 4527 Melesiam
1095 4473 1303 4540 Atheniensem,
1320 4472 1440 4544 aliptam
1454 4475 1547 4529 Tima-

272 4544 377 4613 sarchi,
405 4544 576 4615 imaginihus
600 4564 617 4599 a
640 4546 784 4617 palaestra
808 4544 899 4599 ductis
922 4547 1016 4611 ornat;
1044 4545 1080 4598 ad
1099 4543 1205 4599 luctam
1228 4545 1302 4599 enim
1327 4546 1469 4616 pertinent
1491 4563 1547 4600 non

272 4616 362 4672 solum
388 4617 527 4671 vocabula
553 4616 725 4680 ἀπάλαιστος
750 4622 779 4672 et
805 4616 935 4686 ἔφεδρος,
962 4616 1011 4669 sed
1036 4615 1121 4669 etiam
1141 4617 1227 4671 verbe
1253 4615 1383 4686 στρέφειν
1408 4621 1547 4687 torquere,

270 4686 383 4744 πλέκειν
410 4689 532 4755 flectere,
559 4687 649 4744 ἕλκειν
675 4690 785 4744 trahere
805 4720 836 4729 —
858 4685 931 4753 olor,
957 4686 980 4739 si
1005 4691 1080 4741 recte
1104 4704 1133 4740 se
1157 4687 1250 4751 habet,
1274 4706 1363 4757 neque
1388 4690 1425 4743 ad
1444 4687 1547 4744 αἰνέων

270 4777 359 4828 neque
379 4760 416 4814 ad
437 4759 526 4828 ἔριδα,
546 4761 594 4814 sed
615 4761 650 4814 ad
670 4760 785 4831 phrasin
805 4759 883 4828 ἔριδα
903 4756 1017 4827 στρέφοι
1035 4758 1211 4813 referendum
1229 4763 1273 4814 est
1292 4792 1323 4801 -
