3406 5378
653 1254 819 1308 ΙΣΘΜΙΟΝ,
840 1253 883 1307 E'.
957 1264 965 1277 ⁴

368 1417 758 1502 ΦΥΛΑΚΙΔΑι
799 1420 1165 1506 ΑΙΓΙΝΗΤΗι

651 1613 882 1664 ΠΔΡΚΒΔΤῙΩι.

679 1897 854 1967 strophae.

215 3775 258 3835 De
283 3776 448 3854 Phylacida
471 3776 632 3854 Lamponia
654 3777 728 3856 filio,
753 3778 866 3838 minore
889 3778 1022 3854 Pytheae
1045 3776 1148 3855 fratre,
1171 3779 1238 3839 vide
1262 3799 1339 3855 quae
1363 3780 1401 3837 ad

127 3863 162 3923 N.
183 3883 334 3943 vargum.
355 3869 548 3927 commentati
576 3871 655 3926 sunt.
701 3868 765 3927 Hoc
794 3870 929 3927 nostrum
953 3887 1071 3926 carmen
1095 3870 1164 3944 post
1187 3887 1304 3927 carmen
1328 3869 1351 3925 Ι.
1370 3888 1400 3926 vr

127 3953 271 4029 scriptum
302 3974 364 4015 esse
395 3959 426 4015 et
454 3959 524 4033 post
553 3956 629 4014 illud
656 3957 862 4016 collocandum
891 3957 996 4033 fuisse,
1026 3959 1105 4016 recte
1133 3957 1194 4015 iam
1217 3957 1400 4033 Hephaestio

132 4045 345 4119 grammaticus
368 4045 398 4103 in
422 4046 540 4105 scholiis
564 4046 727 4106 adnotavit.
768 4046 814 4104 Ex
837 4045 971 4104 versibus
995 4046 1074 4103 enim
1099 4056 1201 4104 17-19
1225 4045 1315 4104 huius
1338 4065 1400 4105 car·

131 4133 220 4190 minis
248 4137 385 4211 apparet,
415 4138 481 4193 tum
508 4135 703 4211 Phylacidam
730 4135 791 4193 iam
814 4134 888 4193 duas
911 4134 1053 4195 victorias
1076 4134 1233 4194 Isthmioas
1256 4138 1287 4195 et
1308 4154 1402 4194 unam

132 4218 312 4282 Nemeaeum
330 4226 522 4283 consecutum
545 4244 616 4302 esee,
639 4223 769 4284 carmine
787 4223 810 4282 I.
830 4242 861 4282 vr
880 4227 981 4282 autem
999 4223 1097 4300 prima
1115 4224 1241 4284 victoria
1259 4224 1402 4284 Isthmica

131 4311 311 4386 Phylacidae
329 4312 501 4372 illustratur
518 4333 614 4390 neque
632 4315 797 4373 Nemeaeae
816 4312 879 4372 eius
898 4312 1040 4372 victoriae
1060 4313 1225 4390 quidquam
1243 4314 1402 4374 mentionis

131 4400 173 4461 fit.
219 4401 377 4461 Minimum
404 4402 499 4480 igitur
526 4402 601 4462 duos
629 4422 721 4463 annos
749 4403 827 4461 inter
853 4402 928 4461 illud
956 4405 1047 4479 atque
1077 4403 1133 4462 hoc
1162 4422 1280 4463 carmen
1310 4403 1401 4462 inter·

131 4490 250 4548 fluxisse
269 4511 386 4551 necesse
406 4494 466 4573 est.¹
492 4491 555 4562 Quo
575 4496 675 4551 autem
695 4512 791 4552 errore
811 4494 925 4550 veteres
944 4492 1071 4552 editores
1088 4492 1213 4552 Pindari
1231 4493 1269 4552 ad
1287 4493 1401 4552 iustum

131 4580 263 4639 ordinem
291 4581 457 4640 carminum
484 4581 691 4641 invertendum
718 4581 864 4657 compulsi
891 4581 964 4659 sint,
987 4581 1018 4639 iu
1040 4582 1227 4658 praefatione
1250 4582 1402 4659 sequentis

130 4671 271 4729 canninis
301 4670 475 4746 aperiemus.
522 4670 688 4731 Victoriam
717 4691 786 4731 vero
820 4671 945 4729 alteram
976 4670 1151 4730 Isthmicum
1183 4690 1277 4748 aeque
1310 4674 1401 4748 atque

129 4761 259 4834 priorem
282 4760 477 4836 Phylacidam
499 4762 654 4835 pancratio
678 4762 871 4821 consecutum
894 4777 956 4818 esse
975 4764 1006 4819 et
1023 4764 1145 4838 poetam
1163 4761 1263 4836 ipsum
1281 4761 1320 4819 ad
1338 4780 1400 4820 car·

130 4869 196 4907 rnen
227 4851 282 4910 hoc
313 4850 462 4928 agendum
492 4849 600 4911 Thebis
629 4850 776 4929 Aeginam
806 4848 921 4909 venisse
950 4869 1054 4910 versus
1084 4862 1115 4909 19
1144 4853 1174 4909 et
1204 4862 1235 4908 *21
1260 4853 1400 4928 arguunt.
