3406 5378
500 394 536 446 Π.
565 394 614 443 DE
633 393 727 444 ARTE
745 392 905 445 Marruca
927 394 1085 447 PINDARI.
1333 391 1435 446 XLVII

149 553 275 619 sancita
293 558 327 617 et
341 553 488 619 stabilita
501 553 577 637 fuit,
596 557 634 618 ut
648 558 763 638 poetae
776 555 811 619 in
826 555 998 621 concitatis
1014 555 1160 620 versibus
1175 578 1246 620 eam
1262 556 1436 643 neglegere

150 660 240 725 nefas
260 665 422 745 putarent.
455 660 615 726 Pindarus
635 666 721 727 certe
739 683 805 727 non
825 663 930 727 solum
948 662 984 726 in
1002 662 1233 748 paeonicorum
1253 663 1434 729 carminum

152 768 295 853 strophis
324 790 383 853 pro
410 768 530 833 cretico
555 791 638 854 puro
663 766 694 855 (
712 812 731 838 o
749 767 781 856 )
805 769 924 836 cretico
949 769 1057 834 soluto
1082 769 1133 834 vel
1155 770 1328 858 paeone(
1348 813 1366 838 o
1384 768 1435 857 aa)

151 897 229 939 usus
258 878 323 960 est,
351 876 469 939 sedne
492 875 526 939 in
550 876 623 940 aliis
646 876 776 959 quidem
800 876 996 941 carminibus
1021 876 1154 941 licentia
1176 876 1308 963 longam
1333 879 1433 942 trium

152 1004 316 1046 morarum
339 982 373 1046 in
397 982 477 1047 duas
497 983 609 1048 breves
629 982 774 1048 solvendi
793 1006 927 1068 prorsus
947 984 1113 1048 abstinuit.
1152 981 1285 1048 Certum
1304 983 1435 1068 quidem

152 1086 334 1174 exemplum
358 1095 465 1154 exstat
487 1090 521 1153 in
546 1090 686 1155 carmine
710 1091 899 1177 logaoedico
924 1090 1159 1175 I.vr115,ubi
1182 1113 1241 1176 pro

581 1208 1009 1248 -0-oo-or--oo-0

153 1305 187 1369 in
210 1304 354 1389 strophis
377 1305 477 1369 tertia
499 1309 616 1390 quarta
639 1304 753 1388 quinta
776 1304 917 1369 admissa
939 1310 990 1369 est
1012 1305 1092 1370 haec
1116 1305 1222 1369 forma

155 1520 278 1585 Eadem
306 1540 383 1585 vero
410 1518 542 1584 licentia
570 1541 726 1603 paeonem
750 1523 902 1604 quartum
925 1541 985 1603 pro
1009 1518 1140 1603 dipodia
1163 1519 1329 1584 trochaica
1351 1524 1436 1585 cata-

154 1626 270 1692 lectica
298 1627 438 1711 ponendi
467 1626 622 1711 occurrit,
649 1626 677 1691 si
705 1648 793 1691 meas
820 1627 964 1692 rationes
994 1626 1147 1691 metiendi
1175 1627 1311 1712 probas,
1337 1627 1437 1691 etiam

154 1733 189 1798 P.
208 1736 284 1799 vl3
313 1739 346 1798 et
369 1735 460 1819 1115,
492 1733 631 1798 fortasse
661 1734 760 1798 etiam
789 1732 886 1798 0.1v
912 1737 940 1799 7.
968 1751 992 1797 x
1015 1757 1062 1818 ep.
1088 1735 1116 1797 9.
1146 1751 1207 1797 xlv
1226 1734 1256 1798 5.
1292 1732 1333 1798 N.
1351 1751 1387 1796 vl
1405 1735 1436 1798 4.

153 1859 202 1904 vn
226 1864 274 1926 ep.
295 1844 324 1907 3.
347 1845 377 1906 4.
423 1840 541 1905 Miram
568 1845 677 1905 autem
704 1841 788 1906 hanc
816 1841 982 1907 licentiam
1009 1839 1157 1925 Pindari,
1189 1864 1209 1905 a
1236 1863 1300 1925 qua
1326 1846 1436 1906 tamen

153 1970 193 2012 ne
217 1949 335 2014 scenici
360 1949 488 2033 quidem
512 1952 628 2032 poetae
651 1969 784 2032 prorsus
808 1949 1061 2032 abhorruerunt,
1084 1970 1151 2013 non
1176 1947 1272 2013 aliter
1290 1948 1437 2014 excusari

153 2078 249 2140 posse
282 2055 471 2120 crediderim
502 2054 566 2119 nisi
600 2055 686 2140 quod
719 2055 776 2120 illo
810 2060 956 2140 tempore
988 2055 1132 2120 rationes
1168 2056 1371 2140 rhythmicae
1404 2059 1438 2120 et

155 2185 323 2228 mensurae
355 2162 527 2248 longarum
560 2161 667 2247 longis
695 2162 881 2248 longiorum
909 2163 1045 2226 summis
1074 2167 1203 2227 tantum
1231 2162 1437 2228 lineamentis

66 2351 68 2355 Ι
155 2271 365 2335 adumbratae
396 2291 500 2354 neque
532 2268 598 2332 iam
629 2269 670 2333 ad
698 2274 802 2334 certas
830 2269 987 2334 formulas
1016 2270 1164 2334 redactae
1195 2275 1297 2334 erant.
1345 2269 1437 2345 Quod

154 2400 227 2443 cum
250 2377 313 2462 ipsi
338 2377 542 2443 concedimus
566 2380 599 2440 et
622 2375 772 2459 inprimis
795 2376 829 2439 in
848 2375 1020 2440 concitatis
1039 2375 1182 2440 numeris
1202 2376 1334 2462 longam
1354 2380 1438 2441 cata·

154 2485 261 2550 lectici
292 2484 382 2568 pedis
411 2484 572 2567 ultimam,
606 2482 634 2546 si
663 2483 752 2547 brevi
779 2483 952 2547 intervallo
982 2482 1135 2548 catalexis
1169 2482 1302 2567 rediret,
1334 2488 1372 2546 ut
1401 2483 1436 2547 in

154 2592 301 2657 versibus
335 2590 463 2656 creticis
495 2595 528 2655 et
561 2589 803 2675 choriambicis,
834 2612 900 2653 non
932 2591 966 2653 in
996 2591 1129 2675 plenum
1156 2590 1316 2655 ambitum
1344 2590 1436 2675 pedis

154 2698 312 2784 simplicis
334 2698 434 2762 trium
454 2702 631 2781 quatuorve
647 2702 831 2781 temporum
845 2698 1037 2782 productam
1052 2720 1122 2762 esse
1136 2697 1308 2784 largimur,
1327 2701 1437 2762 tamen

154 2806 194 2870 ab
219 2828 331 2871 eorum
353 2804 486 2869 levitate
509 2802 606 2889 longe
630 2803 804 2890 distamus,
831 2805 886 2890 qui
913 2827 1025 2870 omnes
1048 2805 1107 2868 has
1132 2804 1339 2889 quaestiones
1363 2804 1437 2889 rhy-

155 2914 295 2979 thmicas
313 2911 445 2977 inutiles
465 2916 497 2974 et
514 2915 611 2975 notas
631 2911 750 2995 dactyli
770 2912 883 2995 cyclici
903 2917 935 2976 et
953 2912 1126 2998 longarum
1142 2912 1242 2977 trium
1257 2917 1436 2996 quatuorve

155 3044 320 3086 morarum
347 3043 366 3083 a
392 3017 566 3083 schematis
591 3022 736 3083 veterum
760 3018 940 3083 carminum
964 3018 1159 3084 amovendas
1183 3041 1253 3083 esse
1278 3018 1436 3083 dictitent.

154 3128 217 3193 Est
241 3127 379 3212 quadam
402 3125 532 3210 prodire
555 3130 665 3209 tenus,
689 3125 716 3189 si
740 3148 807 3189 non
830 3126 925 3190 datur
947 3126 1042 3190 ultra.

243 3235 296 3299 De
330 3233 575 3318 dipodiarum
607 3232 841 3317 rhythmicis
874 3233 1106 3297 rationibus.
1158 3233 1232 3299 Huc
1264 3256 1366 3318 nsque
1399 3233 1438 3299 de

153 3341 339 3426 rhythmica
371 3364 522 3407 mensura
554 3339 671 3424 pedum
703 3340 899 3425 simplicium
927 3340 1177 3427 disputavimus,
1210 3341 1266 3406 sed
1298 3341 1438 3427 dipodiis

155 3472 283 3534 quoque
307 3453 339 3514 et
362 3449 499 3534 pedibus
524 3447 729 3533 compositis,
753 3453 791 3512 ut
814 3471 912 3532 supra
933 3448 1053 3512 iamin
1072 3448 1207 3513 metrica
1224 3453 1316 3534 parte
1341 3449 1437 3513 huius

155 3556 379 3622 commentarii
412 3555 635 3641 exposuimus,
667 3577 726 3619 sua
757 3555 807 3619 vis
838 3556 872 3619 in
904 3554 1097 3638 rhythmicis
1130 3555 1312 3620 rationibus
1340 3561 1373 3620 et
1403 3557 1437 3619 in

155 3663 384 3728 distributione
408 3662 532 3727 ictuum
556 3666 614 3726 est.
653 3661 767 3746 Neque
792 3662 878 3726 enim
902 3684 1013 3727 omnes
1032 3662 1130 3747 pedes
1150 3685 1260 3727 versus
1280 3662 1351 3748 pari
1369 3663 1438 3728 ictu

154 3771 393 3856 percutiuntur,
422 3770 477 3835 sed
501 3768 557 3833 alii
581 3768 654 3832 aliis
679 3770 843 3855 graviores
869 3774 952 3834 sunt.
999 3770 1107 3854 Atque
1136 3769 1285 3854 dipodiae
1309 3770 1438 3856 quidem

155 3900 229 3943 cum
248 3878 330 3943 alter
348 3900 405 3962 pes
425 3876 520 3960 arsis,
539 3874 642 3939 thesis
659 3875 742 3940 alter
755 3881 865 3960 partes
880 3876 1026 3941 obtinere
1040 3873 1296 3964 perhibeatur¹),
1314 3877 1440 3942 ictuum

153 3985 220 4049 vim
247 3985 295 4049 ita
323 3983 479 4070 distingui
508 4005 567 4068 par
595 3988 660 4068 est,
687 3986 724 4047 ut
750 3984 840 4068 prior
867 4007 924 4068 pes
952 3984 1079 4048 duobus
1107 3984 1252 4069 punctis,
1281 3984 1438 4049 secundus

155 4112 220 4156 uno
239 4096 361 4176 puncto
380 4096 513 4155 notetur
537 4088 570 4176 (·
588 4132 606 4157 υ
624 4137 641 4156 a
659 4086 705 4176 o),
728 4089 834 4154 velut
853 4091 974 4155 omisso
992 4091 1060 4156 ictu
1082 4090 1217 4155 alterius
1236 4091 1328 4176 pedis
1349 4090 1438 4154 solus

154 4198 245 4282 prior
266 4202 346 4263 nota
368 4197 454 4262 ictus
478 4197 626 4283 signetur
646 4193 679 4282 (ι
696 4239 715 4266 o
733 4257 749 4264 -
767 4194 808 4283 ο).
842 4197 955 4283 Neque
976 4197 1062 4281 qnod
1080 4218 1154 4261 raro
1173 4197 1207 4261 in
1226 4197 1338 4282 lyricis
1359 4197 1438 4262 colis

152 4304 303 4370 iambicis
336 4305 550 4370 trochaicisve
584 4304 644 4369 sub
677 4304 774 4368 finem
805 4303 960 4388 cuiusque
988 4304 1137 4389 dipodiae
1166 4327 1284 4389 anceps
1313 4304 1439 4388 syllaba

155 4412 297 4478 admissa
324 4416 388 4497 est,
415 4412 448 4475 id
472 4413 602 4477 obstare
626 4410 766 4495 videtur,
795 4411 968 4496 quominus
991 4413 1076 4477 ictus
1100 4412 1238 4477 duorum
1260 4412 1381 4498 pedum
1404 4412 1437 4476 in

155 4520 289 4585 canticis
313 4541 414 4603 aeque
438 4523 535 4603 atquc
554 4521 588 4583 in
608 4518 766 4583 deverbiis
785 4541 880 4604 pares
899 4518 999 4585 fuisse
1018 4541 1182 4606 negemus.
1198 4603 1200 4607 y
1218 4518 1309 4584 Idem
1328 4524 1437 4583 autem

155 4628 241 4712 quod
264 4628 303 4692 de
326 4625 500 4691 trochaicis
523 4626 737 4710 iambicisque
761 4627 906 4692 versibus
930 4628 1031 4712 valet,
1056 4627 1140 4692 valet
1164 4626 1263 4691 etiam
1287 4626 1326 4691 de
1348 4627 1438 4713 loga-

154 4772 368 4780 —--——..—..-

244 4859 271 4928 1)
289 4874 315 4914 v.
334 4855 450 4912 Aristid.
472 4854 587 4922 Quintil.
607 4855 642 4910 dc
662 4873 757 4913 mns.1
772 4864 815 4914 39.
