3406 5378
286 357 398 411 LXXIV
787 362 1064 415 Pnonnuonnn'n.

286 544 350 606 qua
369 522 432 586 duo
449 521 742 608 committerentur,
759 525 905 609 proxime
919 525 1130 591 antecessisse
1150 526 1318 610 probabile
1331 527 1378 590 fit.
1385 525 1410 611 1)
1444 527 1570 592 Deinde

289 651 327 693 ex
355 629 427 694 loco
453 629 679 716 Xenophontis
703 631 786 696 Hell.
806 634 984 717 V114,29:
1011 631 1067 698 uui
1089 635 1150 717 τὴν
1173 629 1234 717 μὲν
1257 635 1480 719 ίπποδρομίαν
1502 636 1568 718 ἥδη

287 734 522 820 ἐπεποιήκεσαν
551 735 609 823 (sc.
632 740 668 803 οί
690 737 843 824 Ἀρκάδες
866 739 902 805 ἐν
925 752 964 826 τῇ
987 741 1170 824 πανηγύρει
1193 751 1261 805 τῶν
1284 738 1484 827 Ὀλυμπίων)
1511 741 1568 807 καὶ

285 843 335 907 τὰ·
352 844 494 928 δρομικὰ
521 853 581 909 τοῦ
608 846 814 928 πεντάθλου,
843 848 878 911 oi
903 844 935 910 d’
959 849 1007 923 εἰς
1033 847 1141 929 πάλην
1169 846 1364 931 ἀφικόμενοι
1392 846 1500 912 οὐκέτι
1530 847 1568 913 ἐν

285 959 331 1037 τῷ
355 951 477 1038 δρόμῳ,
501 950 583 1016 άλλά
602 951 721 1036 μεταξὺ
739 962 800 1017 τοῦ
819 955 945 1038 δρόμου
967 953 1021 1017 καὶ
1040 962 1100 1018 τοῦ
1123 957 1238 1038 βωμοῦ
1257 952 1414 1020 ἐπάλαιον
1433 960 1568 1040 apparat

287 1057 485 1142 quinquertii
509 1059 588 1123 duas
610 1064 720 1144 partes
743 1060 815 1145 ipso
841 1060 913 1124 loco
938 1065 1007 1125 tum
1030 1060 1130 1125 fuisse
1155 1061 1325 1145 discretas,
1352 1063 1392 1126 τὰ
1415 1063 1567 1147 δρομικά,

285 1187 366 1249 quae
389 1164 424 1228 in
447 1165 553 1230 stadio
576 1164 731 1251 fierens,2)
760 1172 793 1232 et
819 1168 940 1233 luctam
964 1166 1116 1253 (πάλην),
1144 1190 1226 1253 quae
1249 1168 1351 1233 finitis
1379 1169 1444 1233 illis
1468 1168 1568 1234 curri-

283 1271 348 1337 culi
376 1273 608 1338 certaminibus
637 1274 672 1337 in
702 1274 864 1358 palaestra
897 1275 983 1339 inter
1013 1275 1153 1340 studium
1182 1282 1214 1340 et
1243 1297 1332 1340 aram
1360 1276 1448 1340 lovis
1480 1298 1568 1341 exer·

283 1376 449 1467 ceretur.³)
490 1379 637 1464 Denique
661 1380 760 1445 etiam
784 1379 915 1446 Pindari
938 1381 1127 1446 testimonio
1152 1381 1192 1446 N.
1211 1400 1261 1445 vn
1282 1385 1324 1447 72
1347 1383 1470 1448 luctam
1492 1382 1567 1447 ulti·

283 1508 372 1551 mum
403 1486 510 1552 locum
539 1487 719 1551 obtinuisse
748 1493 885 1552 constat.
935 1488 1150 1573 Quinquertio
1181 1494 1290 1553 autem
1320 1495 1449 1574 recepto
1480 1490 1567 1554 saltu

285 1589 434 1679 (hilpert)
454 1597 487 1657 et
504 1592 610 1658 iaculo
631 1591 803 1682 (άκοντίῳ)
822 1601 855 1658 et
873 1594 973 1679 disco,
996 1595 1114 1679 quibus
1133 1595 1212 1661 olim
1235 1619 1381 1662 seorsum
1406 1600 1565 1661 certaturn

285 1721 355 1764 esse
383 1699 546 1764 Homerus
574 1700 810 1767 ll.nx11188ii.
847 1699 902 1765 Od.
918 1719 982 1764 vm
1003 1702 1078 1779 100,
1113 1702 1270 1768 Pindarus
1294 1703 1318 1767 Ι.
1338 1704 1412 1767 124
1440 1703 1566 1783 docent,

283 1811 407 1872 certare
437 1808 503 1872 iam
533 1808 711 1893 desierunt3
744 1813 859 1874 contra
888 1808 987 1873 etiam
1018 1809 1187 1893 pancratio
1218 1814 1251 1874 et
1280 1809 1488 1894 quinquertio
1518 1833 1566 1875 re

283 1913 386 1999 ceptis
419 1914 598 2001 singularia
631 1915 811 1980 certamina
842 1937 955 1980 cursus
989 1916 1155 2001 pugilatus
1186 1917 1293 1982 luctae
1322 1917 1565 2001 permanebant.

283 2018 404 2086 Cursus
428 2026 537 2087 autem
560 2027 627 2087 tres
651 2028 743 2088 erant
767 2023 891 2107 species
914 2022 1083 2107 Olympiae
1107 2027 1139 2088 et
1162 2023 1311 2109 Delphis:
1340 2026 1462 2111 σταδίῳ
1487 2025 1565 2109 δρό-

282 2152 357 2213 μος,
388 2130 526 2206 δίαυλος
553 2132 691 2215 δρόμος,
722 2132 854 2214 δόλιχος
881 2129 1052 2217 δρόμος,4)
1082 2129 1199 2215 quibus
1227 2129 1366 2195 Athenis
1395 2135 1428 2195 et
1455 2151 1566 2194 recen-

282 2235 421 2301 tioribus
450 2236 651 2321 temporibus
680 2238 778 2302 etiam
804 2237 937 2302 Nemeis
965 2242 998 2302 et
1026 2237 1173 2303 Isthmiis
1197 2234 1306 2323 (Paos.
1320 2256 1357 2301 vl
1378 2238 1429 2322 16,
1446 2235 1483 2324 4)
1511 2237 1565 2301 ἵπ·

281 2365 371 2426 πιος,
404 2344 460 2428 qui
493 2343 601 2408 diaulo
633 2345 731 2429 duplo
759 2345 888 2431 longior
918 2350 1000 2430 erat,
1032 2345 1160 2410 additus
1190 2349 1248 2409 est.
1303 2343 1449 2428 Denique
1478 2343 1566 2408 inter

282 2472 395 2515 cursus
425 2451 603 2516 certamina
630 2452 729 2517 etiam
755 2454 1031 2538 λαμπαδοδρόμος
1058 2452 1358 2517 Panathenaeorum
1388 2450 1565 2516 Athenien·

282 2556 366 2621 sium
390 2562 423 2621 et
446 2556 666 2623 Hellotiorum
690 2557 935 2623 Corinthiorum
958 2559 1144 2624 referendus
1168 2564 1227 2624 est.

370 2664 545 2729 Aetatibus
565 2687 693 2750 quoque
715 2666 893 2731 certamina
912 2665 1226 2731 discriminabantur.
1264 2665 1412 2731 Heroicis
1432 2665 1563 2750 quidem

282 2771 483 2858 temporibus
505 2772 588 2837 nihil
611 2772 728 2836 aetatis
752 2772 924 2837 discrimen
949 2773 1090 2858 valebat,
1113 2772 1374 2859 quandoquidem
1397 2773 1461 2837 nisi
1484 2772 1563 2838 viris

282 2884 315 2944 et
337 2878 474 2944 ducibus
502 2879 579 2943 belli
607 2879 689 2944 inire
718 2883 883 2944 certamen
907 2899 973 2942 non
996 2877 1097 2944 licuit.
1143 2878 1323 2965 Postquam
1346 2884 1455 2943 autern
1477 2879 1564 2944 ludis

282 2985 442 3073 gymnicis
469 2986 503 3050 id
531 2986 680 3071 inprimis
708 3007 803 3073 agere
832 2990 1020 3069 coeperunt,
1049 2992 1086 3050 ut
1114 2986 1232 3051 civium
1262 3007 1399 3070 corpora
1422 2985 1461 3050 ad
1485 2985 1563 3050 belli

281 3093 469 3158 discrimina
484 3094 652 3158 subeunda
667 3097 900 3176 exercerentur,
918 3113 984 3156 non
1002 3093 1108 3158 solum
1123 3093 1220 3177 viros,
1238 3093 1294 3158 sed
1313 3093 1411 3157 etiam
1430 3092 1562 3158 iuvenes

376 3255 402 3313 1)
422 3252 587 3306 Necessario
606 3253 659 3307 hoc
678 3250 757 3319 sequi
775 3252 862 3321 neget
880 3249 1041 3313 Holwerda,
1060 3251 1109 3318 qui
1128 3251 1199 3306 disci
1218 3254 1359 3305 certamen
1378 3251 1499 3305 seeundo
1519 3250 1565 3306 vel

280 3322 370 3393 primo
392 3322 454 3378 loco
473 3323 574 3393 posuit,
595 3341 705 3377 cursum
724 3325 832 3391 quarto.
862 3321 991 3391 Speciosa
1011 3322 1047 3376 M.
1063 3322 1160 3391 Faber,
1179 3322 1251 3377 Phil.
1268 3326 1334 3376 1891
1355 3342 1381 3392 p.
1393 3328 1444 3376 478
1468 3339 1562 3390 exeo,

281 3394 357 3463 quod
372 3395 521 3519 άκοητιοτῇ
537 3395 620 3462 ἀνδρὶ
634 3393 731 3465 λόγχαι
744 3401 818 3461 τρεῖς
834 3396 915 3447 erant
930 3392 1007 3461 (olo.
1023 3398 1112 3462 8360),
1132 3394 1224 3447 discos
1238 3410 1348 3462 quoque
1363 3398 1419 3448 tres
1437 3393 1563 3463 singulos

282 3465 381 3521 iecisse
401 3483 433 3521 co
460 3466 465 3476 '
490 3466 517 3520 't.

369 3542 396 3607 2)
421 3466 517 3593 δίδωσί
542 3542 574 3591 tu
598 3537 668 3592 duce
691 3537 812 3590 Pindero
839 3551 940 3590 nomen
968 3535 1003 3589 τὰ
1029 3535 1149 3604 δρομικά
1177 3535 1421 3606 interpretaberis,
1451 3554 1507 3590 non
1533 3538 1562 3589 te

281 3609 404 3664 ostendet
426 3609 502 3676 quod
525 3608 577 3663 hoc
601 3608 713 3663 nomine
737 3611 859 3677 quatuor
881 3609 976 3677 partes
999 3605 1184 3676 quinquertii,
1208 3605 1283 3677 ἅλμα
1307 3605 1409 3678 δρόμος
1428 3606 1562 3662 ἀκόντιον

280 3678 383 3746 δίσκος,
403 3680 601 3750 comprehendi
620 3679 770 3750 potuerint.
799 3679 928 3733 Ceterum
948 3679 1072 3733 conterre
1091 3678 1170 3732 iuvat
1190 3679 1311 3747 quaeda
1331 3680 1479 3748 pentathlo
1517 3682 1562 3732 ost

279 3751 438 3819 Pindarum,
454 3751 636 3819 Gardnerum,
653 3751 839 3819 Holwordam,
854 3750 1140 3821 Haggenmuellerum
1155 3748 1226 3804 alios
1240 3749 1399 3819 nuperrime
1414 3751 1451 3804 Μ,
1462 3698 1562 3819 Friher,

281 3822 381 3877 Philol.
403 3828 484 3891 1891,
509 3829 560 3877 469
571 3841 619 3891 ss,
644 3823 687 3878 Fr.
702 3822 772 3887 Mic,
794 3822 891 3877 Jahrb.
907 3821 924 3876 f.
941 3821 974 3875 cl.
989 3820 1061 3874 Phil.
1082 3827 1151 3875 1893
1174 3840 1201 3890 p.
1219 3826 1330 3889 tribes,
1355 3820 1413 3875 Em.
1429 3821 1561 3889 Henrich,

280 3895 361 3964 Bayr.
377 3893 588 3964 ayma-Bran.
604 3901 673 3949 1894
691 3914 718 3964 p.
735 3900 786 3949 366
798 3913 833 3948 ss.
853 3893 1041 3962 disputarunt.
1412 3959 1417 3970 ι

369 3970 396 4035 9)
415 3966 562 4020 Palaestra
581 3964 728 4036 Olympico
746 3982 818 4034 quae
837 3968 934 4019 nostra
952 3964 1087 4018 memoria
1105 3963 1208 4017 effossa
1226 3966 1281 4029 est,
1306 3961 1391 4031 longo
1410 3961 1561 4016 mtervallo

280 4056 297 4091 a
311 4037 389 4092 Xeno
410 4037 514 4092 hontea
531 4037 628 4104 distat,
647 4038 775 4106 quodne
795 4036 911 4104 mireris,
930 4035 1074 4106 palaestra
1092 4033 1145 4088 illa
1159 4032 1306 4102 aliquanto
1325 4035 1390 4102 post
1410 4031 1562 4088 aedificata

280 4113 335 4176 est;
354 4128 380 4164 v.
420 4108 547 4175 btticher,
568 4108 699 4180 Olympio
717 4128 735 4179 p
759 4115 818 4163 360.
856 4109 947 4176 Atque
962 4106 1055 4173 Graes,
1074 4106 1125 4160 Die
1139 4104 1364 4175 Ausgrabungen
1380 4121 1412 4157 zu
1428 4103 1561 4175 Olympia

280 4200 298 4233 v
311 4186 359 4247 40,
384 4180 496 4235 saeculo
515 4184 615 4249 quart-o
634 4184 752 4235 exeunte
771 4180 816 4234 rel
840 4177 923 4234 tertio
948 4178 1061 4233 ineunte
1085 4194 1147 4231 eam
1172 4175 1351 4230 aedificatum
1370 4192 1431 4230 esse
1450 4176 1561 4245 statuit,

280 4251 382 4305 l'lasch
399 4269 443 4321 up.
458 4252 609 4306 Baumeist.
626 4252 742 4307 Denlrm.
762 4272 788 4322 p.
801 4256 878 4315 1104,
897 4249 1019 4303 caltera
1037 4252 1117 4319 parte
1133 4246 1251 4301 dimidia
1270 4246 1376 4301 saeculi
1395 4247 1481 4302 tertii.
1511 4247 1559 4302 Ce-

281 4326 372 4378 terum
395 4340 450 4377 non
470 4323 545 4377 omni
565 4326 689 4395 tempore
708 4321 785 4378 luctu
805 4322 861 4377 alio
885 4321 946 4375 loco
966 4323 1104 4375 certatum
1123 4335 1196 4388 asse,
1221 4320 1269 4373 sed
1289 4319 1379 4373 solum
1398 4323 1471 4389 tum,
1496 4336 1560 4372 cum

280 4393 409 4448 hostibus
435 4393 630 4476 ingruentibus
654 4397 793 4449 certantes
821 4394 851 4447 in
879 4395 971 4446 tutum
995 4392 1090 4447 orbem
1113 4390 1188 4445 Altis
1216 4407 1245 4444 se
1271 4390 1456 4462 recepissent,
1484 4394 1559 4444 recte

281 4469 377 4520 monet
394 4466 508 4534 Mart-m,
527 4466 627 4520 Philol.
644 4472 712 4520 1891
730 4486 758 4549 p.
775 4472 835 4520 496.

370 4540 396 4606 4)
420 4536 515 4591 Trium
540 4538 637 4592 harum
662 4555 817 4608 specierum
841 4537 914 4590 dirue
937 4534 1043 4617 priores
1066 4533 1109 4588 ita
1132 4533 1312 4601 differebant,
1340 4538 1371 4588 ut
1394 4533 1443 4603 qui
1466 4532 1560 4586 stadio

281 4610 422 4663 certarent
436 4609 520 4663 semel
537 4627 591 4663 uno
612 4613 707 4664 tenore
727 4608 895 4678 (εὐθύτονον
913 4606 993 4660 Pmd.
1010 4605 1040 4660 O.
1056 4625 1073 4659 x
1088 4610 1132 4674 64)
1151 4605 1319 4659 curriculum
1337 4604 1560 4676 permetirentur,

280 4679 329 4749 qui
352 4679 462 4747 diaulo,
487 4680 532 4735 bis
555 4680 722 4734 curriculum
746 4678 883 4761 permensi
908 4677 943 4732 ad
968 4677 1131 4745 stationem,
1161 4678 1234 4731 unde
1261 4676 1400 4744 exierant,
1429 4676 1559 4730 redirent.

282 4750 398 4806 Dolicho
417 4768 483 4806 vero
502 4751 549 4821 qui
570 4756 721 4819 certarent,
746 4751 780 4805 ris
799 4748 949 4805 duodecies
969 4749 1070 4818 duplex
1091 4750 1213 4804 stadium
1232 4748 1455 4819 pennetienduru
1474 4746 1560 4801 fuisse

280 4822 449 4879 verisimile
469 4828 523 4892 est;
545 4842 570 4879 v.
591 4827 661 4894 Aug.
676 4824 840 4892 Mommsen,
859 4821 982 4877 Heortol.
1001 4839 1028 4891 p.
1041 4827 1090 4875 145
1110 4823 1190 4877 Anni.
1202 4828 1226 4874 3.
