3406 5378
210 338 312 392 XXXII
708 340 985 391 Pnonsoonnun.

208 502 322 566 modos
344 501 591 586 partheniorum
613 505 646 565 et
670 501 807 587 grandes
835 500 985 585 periodos
1016 500 1211 583 hymnorum
1235 504 1268 564 et
1292 501 1490 565 threnorum.

208 608 341 672 Etenim
363 607 418 672 ille
443 630 571 692 quoque
593 608 683 674 varia
711 608 858 692 exempla
886 611 1030 690 secutus,
1060 607 1095 671 in
1118 607 1191 671 aliis
1215 607 1412 673 carminibus
1441 610 1492 672 de-

211 737 319 780 corem
342 714 550 779 Aeolicorum
573 719 754 799 poctarum,
776 715 811 778 in
830 715 903 779 aliis
923 713 1118 800 gravitatem
1135 712 1248 778 Musae
1268 711 1491 779 Stesichoreae

209 821 389 886 aemulatus
411 824 469 885 est.
507 819 656 904 Namque
675 821 767 906 Ibyci
787 825 819 885 et
838 820 1053 885 Anacreontis
1077 821 1191 885 molles
1215 821 1305 885 lusus
1329 825 1362 885 et
1380 843 1492 886 nomo-

209 950 281 992 rum
309 927 543 1010 dactylicorum
573 928 863 1012 prosodiorumque
896 927 1176 1012 anapaesticorum
1208 927 1350 991 ieiunam
1378 949 1493 1011 aequa·

209 1035 370 1100 bilitatem
394 1056 527 1118 prorsus
551 1039 741 1119 aspernatus
766 1038 823 1100 est.

298 1141 352 1206 De
381 1141 559 1205 versibus
587 1141 626 1205 in
651 1140 757 1204 iusta
787 1141 871 1205 cola
901 1162 977 1204 non
1009 1140 1237 1205 dividendis.
1288 1140 1379 1206 Haec
1405 1147 1493 1225 post

210 1271 306 1334 quam
328 1248 364 1312 in
387 1248 572 1313 universum
596 1247 634 1312 de
658 1251 728 1311 arte
751 1246 923 1312 Pindarico
946 1247 1082 1312 metrica
1103 1247 1242 1331 praefati
1270 1270 1399 1333 sumus,
1425 1249 1492 1312 iam

209 1360 337 1441 tempus
361 1359 426 1439 est,
455 1359 492 1419 ut
516 1356 557 1419 ad
585 1354 700 1418 arduas
730 1354 935 1437 quaestiones
963 1353 1002 1417 de
1030 1353 1176 1419 versibus
1200 1354 1331 1419 Pindari
1359 1356 1393 1419 in
1421 1356 1493 1420 cola

210 1462 388 1527 dividendis
412 1467 623 1526 transeamus.
665 1460 811 1525 Primum
834 1466 943 1525 autem
966 1461 1061 1526 nobis
1085 1462 1302 1547 quaerendum
1326 1467 1391 1541 est,
1414 1485 1492 1527 num

210 1568 342 1634 omnino
366 1589 478 1633 versus
501 1567 662 1632 Pindarici
685 1568 721 1631 in
744 1568 815 1632 cola
843 1568 940 1632 dividi
968 1568 1096 1652 possint
1119 1574 1152 1633 et
1175 1569 1326 1653 debeant,
1354 1570 1440 1653 quod
1464 1570 1492 1633 si

210 1675 411 1759 quaerimus,
433 1674 567 1738 tertium
591 1697 718 1759 quoque
742 1675 812 1739 fieri
836 1697 932 1758 posse
955 1675 1109 1761 fatemur,
1132 1680 1169 1739 ut
1193 1675 1249 1740 alii
1273 1699 1384 1741 versus
1408 1677 1493 1741 colo·

209 1805 281 1846 rum
305 1781 496 1846 divisionem
515 1781 682 1866 recipiant,
705 1781 761 1845 alii
780 1786 942 1866 respuant.
983 1782 1087 1865 Atque
1107 1805 1205 1867 supra
1222 1783 1288 1848 iam
1307 1784 1492 1848 monuimus

211 1911 322 1953 versus
346 1894 383 1953 ut
407 1910 518 1953 omnes
541 1888 575 1951 in
598 1888 695 1972 pedes
720 1888 907 1952 dividendos
931 1911 1015 1973 esse,
1047 1887 1095 1952 ita
1116 1911 1183 1953 non
1211 1912 1322 1955 omnes
1350 1890 1384 1954 in
1413 1890 1492 1954 cola.

210 1996 319 2079 Atque
343 1995 371 2059 si
395 1995 450 2079 qui
474 2017 585 2059 versus
609 2017 648 2059 ex
672 1995 798 2059 duobus
822 1999 879 2060 aut
902 1995 1007 2059 tribus
1027 2000 1084 2059 aut
1103 2000 1244 2078 quatuor
1264 1997 1400 2080 pedibus
1420 2018 1493 2061 con-

211 2106 290 2184 stat,
324 2125 391 2167 non
423 2124 493 2167 esse
524 2105 616 2186 patet
644 2124 701 2167 cur
728 2102 763 2166 in
790 2102 861 2167 cola
888 2124 961 2166 eum
990 2101 1122 2165 dividas.
1172 2102 1375 2186 Quamquam
1407 2103 1494 2167 enim

211 2208 295 2273 tales
318 2208 468 2273 versiculi
491 2230 565 2272 raro
588 2208 624 2272 in
646 2207 779 2272 Pindari
802 2205 1000 2273 carminibus
1024 2213 1197 2273 occurrunt
1225 2213 1321 2293 atquc
1348 2210 1493 2294 plerique

213 2337 326 2380 eorum
344 2336 411 2379 non
428 2315 647 2399 perfectorum
665 2337 816 2379 versuum
836 2315 890 2379 sed
909 2315 1108 2398 proodorum
1126 2315 1177 2379 vel
1196 2317 1373 2399 epodorum
1391 2317 1495 2381 vicem

212 2422 376 2506 obtinent,
398 2425 508 2486 tamen
531 2425 640 2486 manet
663 2421 756 2506 illud,
779 2426 846 2487 tam
869 2422 983 2487 breves
1008 2445 1119 2486 versus
1142 2423 1177 2486 in
1200 2424 1273 2488 cola
1303 2424 1401 2488 dividi
1428 2444 1495 2491 non

210 2551 315 2613 posse.
352 2527 464 2593 Simile
483 2533 592 2593 autem
609 2529 643 2592 in
663 2528 827 2614 longiores
847 2551 974 2615 quoque
993 2551 1105 2594 versus
1125 2530 1211 2594 cadit
1225 2530 1272 2594 ita
1287 2531 1495 2616 compositos,

212 2640 249 2699 ut
277 2635 425 2722 singulae
453 2635 521 2700 eius
549 2635 657 2720 partes
689 2634 946 2720 magnitudinem
979 2636 1116 2699 duorum
1148 2635 1266 2719 pedum
1298 2636 1495 2721 simplicium

211 2741 263 2807 vel
286 2743 382 2806 unius
402 2742 550 2826 dipodiae
571 2763 637 2805 non
659 2741 875 2826 egrediantur,
897 2742 988 2805 utin
1006 2764 1102 2806 versu
1121 2741 1291 2807 Pindarico
1312 2744 1493 2808 amatricis

212 2849 345 2913 laudato

576 2948 622 2987 -.ἲ
623 2961 761 2987 .....
760 2945 765 2974 :
789 2949 1130 2988 υυ-υυ--ἑυ--

368 3024 482 3103 ὅςκαὶ
506 3023 616 3103 τυπεὶς
640 3025 731 3114 ἁγνῷ
755 3023 882 3090 πελέκει
906 3024 1016 3090 τέκετο
1040 3024 1169 3104 ξανθὰν
1190 3024 1345 3102 Ἀθάναν.

213 3151 362 3236 Namque
385 3151 490 3216 tribus
514 3173 552 3215 ex
575 3152 724 3236 partibus
747 3152 833 3216 hunc
856 3174 985 3216 versum
1008 3157 1165 3235 constare,
1189 3176 1227 3217 ex
1248 3153 1371 3217 variato
1391 3158 1495 3217 metro

214 3259 293 3324 satis
317 3259 436 3343 elucet,
460 3258 516 3322 sed
538 3279 642 3341 neque
664 3259 771 3343 prima
788 3280 892 3342 neque
912 3259 1010 3324 tertia
1027 3282 1103 3343 pars
1123 3260 1189 3324 vim
1206 3259 1286 3323 iusti
1305 3259 1369 3323 coli
1388 3258 1495 3321 habet.

214 3366 336 3442 Quodsi
359 3365 462 3430 nihilo
487 3365 594 3430 minus
617 3365 757 3449 primam
780 3365 880 3429 arsim
903 3365 1058 3449 cuiusque
1082 3366 1184 3450 partis
1211 3365 1337 3429 duobus
1365 3364 1495 3447 punctis

214 3474 349 3560 signari,
372 3475 434 3538 hoc
458 3472 687 3538 concinnitatis
711 3494 809 3536 causa
831 3472 902 3554 feci,
925 3476 962 3536 ut
986 3472 1141 3555 cuiusque
1164 3471 1266 3554 partis
1289 3470 1395 3554 prima
1413 3469 1495 3532 arsis

212 3581 284 3666 pari
307 3580 402 3644 modo
427 3579 658 3665 designaretur.
702 3578 823 3643 Verum
853 3579 973 3643 rectius
996 3582 1032 3642 tu
1060 3578 1153 3641 illum
1176 3599 1304 3641 versum
1328 3599 1367 3641 ex
1391 3576 1496 3640 tribus

212 3687 361 3772 partibus
384 3686 435 3751 vel
457 3685 636 3771 particulis,
658 3707 724 3750 non
748 3708 786 3750 ex
810 3684 915 3749 tribus
937 3685 1017 3750 colis
1036 3689 1184 3750 constare
1203 3682 1331 3768 dixeris,
1356 3685 1497 3769 quaudo-

214 3794 344 3878 quidem
368 3794 449 3858 duae
476 3797 585 3877 partes
613 3793 701 3857 iusto
730 3793 802 3858 colo
830 3791 1000 3855 inferiores
1030 3795 1063 3855 et
1091 3791 1195 3877 magis
1223 3791 1371 3875 dipodiae
1400 3814 1497 3876 quam

215 3901 279 3966 coli
301 3901 431 3965 nomine
456 3900 572 3986 dignae
596 3903 680 3964 sunt.
723 3898 847 3964 Similis
871 3901 981 3962 autern
1003 3897 1089 3962 ratio
1116 3897 1275 3963 maximae
1302 3899 1406 3982 partis
1430 3920 1497 3962 ver-

215 4031 310 4073 suum
334 4006 714 4092 dactylo—epitriticorum
737 4010 796 4089 est,
819 4009 857 4069 ut

478 4140 987 4181 ²v--.².w-w--.³.v-
1054 4161 1062 4176 ο
1178 4163 1185 4176 .
1242 4165 1249 4195 7

474 4463 759 4503 flamm-
788 4494 804 4501 -
839 4462 956 4502 ευ--
1015 4431 1185 4520 (arva).

216 4559 330 4645 Neque
355 4560 382 4625 si
406 4559 462 4643 qui
485 4581 597 4624 versus
621 4557 776 4642 epitritici
799 4563 857 4623 aut
880 4557 1030 4642 dactylici
1055 4562 1111 4622 aut
1135 4557 1430 4643 dactylo-epitritici
1452 4557 1499 4621 ita

216 4668 395 4752 comparati
419 4672 504 4751 sunt,
527 4670 564 4730 ut
587 4671 696 4752 partes
720 4688 833 4730 eorum
856 4666 1050 4752 dignitatem
1074 4670 1106 4730 et
1130 4665 1388 4752 magnitudinem
1413 4663 1498 4728 colo·

217 4797 289 4839 rum
314 4775 492 4855 obtineant,
514 4779 552 4845 ut
