<?xml version="1.0" encoding="UTF-8"?>
<!DOCTYPE html PUBLIC "-//W3C//DTD XHTML 1.0 Transitional//EN"
    "http://www.w3.org/TR/xhtml1/DTD/xhtml1-transitional.dtd">
<html xmlns="http://www.w3.org/1999/xhtml" xml:lang="en" lang="en">
 <head>
  <title>
</title>
<meta http-equiv="Content-Type" content="text/html;charset=utf-8" />
  <meta name='ocr-system' content='tesseract 3.04.00' />
  <meta name='ocr-capabilities' content='ocr_page ocr_carea ocr_par ocr_line ocrx_word'/>
</head>
<body>
  <div class='ocr_page' id='page_1' title='image "./pindaricarminap00pindgoog_0414.png"; bbox 0 0 3406 5378; ppageno 0'>
   <div class='ocr_carea' id='block_1_1' title="bbox 669 1117 890 1176">
    <p class='ocr_par' dir='ltr' id='par_1_1' title="bbox 669 1117 890 1176">
     <span class='ocr_line' id='line_1_1' title="bbox 669 1117 890 1176; baseline 0.005 -2"><span class='ocrx_word' id='word_1_1' title='bbox 669 1123 828 1176; x_wconf 78' lang='lat' dir='ltr'><strong>NEMEON.</strong></span> <span class='ocrx_word' id='word_1_2' title='bbox 847 1117 890 1175; x_wconf 89' lang='lat' dir='ltr'><strong>B&#39;.</strong></span> 
     </span>
    </p>
   </div>
   <div class='ocr_carea' id='block_1_2' title="bbox 396 1282 1167 1368">
    <p class='ocr_par' dir='ltr' id='par_1_2' title="bbox 396 1282 1167 1368">
     <span class='ocr_line' id='line_1_2' title="bbox 396 1282 1167 1368; baseline 0 -1"><span class='ocrx_word' id='word_1_3' title='bbox 396 1282 786 1368; x_wconf 69' lang='grc' dir='ltr'><strong>ΤΙΜΟΔΗΜΩτ</strong></span> <span class='ocrx_word' id='word_1_4' title='bbox 827 1282 1167 1368; x_wconf 70' lang='grc' dir='ltr'>ΑΘΗΝΑΙΩι</span> 
     </span>
    </p>
   </div>
   <div class='ocr_carea' id='block_1_3' title="bbox 629 1476 933 1528">
    <p class='ocr_par' dir='ltr' id='par_1_3' title="bbox 629 1476 933 1528">
     <span class='ocr_line' id='line_1_3' title="bbox 629 1476 933 1528; baseline 0 -2"><span class='ocrx_word' id='word_1_5' title='bbox 629 1476 933 1528; x_wconf 78' lang='grc' dir='ltr'>ΠΛΓΚΡΑΤΙΑΣΤΗι.</span> 
     </span>
    </p>
   </div>
   <div class='ocr_carea' id='block_1_4' title="bbox 728 1641 833 1648">
    <p class='ocr_par' dir='ltr' id='par_1_4' title="bbox 728 1641 833 1648">
     <span class='ocr_line' id='line_1_4' title="bbox 728 1641 833 1648; baseline -0.01 0"><span class='ocrx_word' id='word_1_6' title='bbox 728 1641 833 1648; x_wconf 80' lang='lat'><em>————</em></span> 
     </span>
    </p>
   </div>
   <div class='ocr_carea' id='block_1_5' title="bbox 694 1760 870 1831">
    <p class='ocr_par' dir='ltr' id='par_1_5' title="bbox 694 1760 870 1831">
     <span class='ocr_line' id='line_1_5' title="bbox 694 1760 870 1831; baseline 0 -16"><span class='ocrx_word' id='word_1_7' title='bbox 694 1760 870 1831; x_wconf 73' lang='lat' dir='ltr'><strong>strophae.</strong></span> 
     </span>
    </p>
   </div>
   <div class='ocr_carea' id='block_1_6' title="bbox 663 2404 904 2486">
    <p class='ocr_par' dir='ltr' id='par_1_6' title="bbox 663 2404 904 2486">
     <span class='ocr_line' id='line_1_6' title="bbox 663 2404 904 2486; baseline 0 -18"><span class='ocrx_word' id='word_1_8' title='bbox 663 2404 904 2486; x_wconf 74' lang='lat' dir='ltr'><strong>Argumentum.</strong></span> 
     </span>
    </p>
   </div>
   <div class='ocr_carea' id='block_1_7' title="bbox 237 2534 1422 2611">
    <p class='ocr_par' dir='ltr' id='par_1_7' title="bbox 237 2534 1422 2611">
     <span class='ocr_line' id='line_1_7' title="bbox 237 2534 1422 2611; baseline -0.002 -17"><span class='ocrx_word' id='word_1_9' title='bbox 237 2534 361 2594; x_wconf 82' lang='lat' dir='ltr'><strong>Carmen</strong></span> <span class='ocrx_word' id='word_1_10' title='bbox 381 2536 436 2595; x_wconf 88' lang='lat' dir='ltr'><strong>hoc</strong></span> <span class='ocrx_word' id='word_1_11' title='bbox 455 2536 486 2593; x_wconf 91' lang='lat' dir='ltr'><strong>iu</strong></span> <span class='ocrx_word' id='word_1_12' title='bbox 504 2535 645 2595; x_wconf 87' lang='lat' dir='ltr'><strong>honorem</strong></span> <span class='ocrx_word' id='word_1_13' title='bbox 664 2535 829 2593; x_wconf 85' lang='lat' dir='ltr'><strong>Nemeaeaa</strong></span> <span class='ocrx_word' id='word_1_14' title='bbox 848 2534 991 2593; x_wconf 82' lang='lat' dir='ltr'><strong>victoriae</strong></span> <span class='ocrx_word' id='word_1_15' title='bbox 1011 2534 1184 2610; x_wconf 81' lang='lat' dir='ltr'><strong>Timodomi,</strong></span> <span class='ocrx_word' id='word_1_16' title='bbox 1204 2535 1341 2594; x_wconf 88' lang='lat' dir='ltr'><strong>Timonoi</strong></span> <span class='ocrx_word' id='word_1_17' title='bbox 1360 2535 1422 2611; x_wconf 82' lang='lat' dir='ltr'><strong>filii,</strong></span> 
     </span>
    </p>
   </div>
   <div class='ocr_carea' id='block_1_8' title="bbox 148 2623 1435 4834">
    <p class='ocr_par' dir='ltr' id='par_1_8' title="bbox 148 2623 1435 4834">
     <span class='ocr_line' id='line_1_8' title="bbox 148 2623 1423 2700; baseline -0.001 -17"><span class='ocrx_word' id='word_1_18' title='bbox 148 2624 369 2700; x_wconf 82' lang='lat' dir='ltr'><strong>pancratiastae</strong></span> <span class='ocrx_word' id='word_1_19' title='bbox 398 2624 542 2700; x_wconf 88' lang='lat' dir='ltr'><strong>seriptum</strong></span> <span class='ocrx_word' id='word_1_20' title='bbox 570 2626 622 2682; x_wconf 87' lang='lat' dir='ltr'><strong>eet.</strong></span> <span class='ocrx_word' id='word_1_21' title='bbox 673 2623 702 2681; x_wconf 84' lang='lat' dir='ltr'><strong>Is</strong></span> <span class='ocrx_word' id='word_1_22' title='bbox 731 2643 766 2681; x_wconf 84' lang='lat' dir='ltr'><strong>ox</strong></span> <span class='ocrx_word' id='word_1_23' title='bbox 788 2623 892 2681; x_wconf 86' lang='lat' dir='ltr'><strong>Attica</strong></span> <span class='ocrx_word' id='word_1_24' title='bbox 921 2626 1010 2700; x_wconf 82' lang='lat' dir='ltr'><strong>gente</strong></span> <span class='ocrx_word' id='word_1_25' title='bbox 1038 2623 1310 2682; x_wconf 84' lang='lat' dir='ltr'><strong>Timodemidarum</strong></span> <span class='ocrx_word' id='word_1_26' title='bbox 1339 2628 1423 2684; x_wconf 85' lang='lat' dir='ltr'><strong>ortua</strong></span> 
     </span>
     <span class='ocr_line' id='line_1_9' title="bbox 148 2711 1423 2789; baseline 0.001 -18"><span class='ocrx_word' id='word_1_27' title='bbox 148 2713 227 2772; x_wconf 89' lang='lat' dir='ltr'><strong>inter</strong></span> <span class='ocrx_word' id='word_1_28' title='bbox 253 2713 380 2772; x_wconf 85' lang='lat' dir='ltr'><strong>maiores</strong></span> <span class='ocrx_word' id='word_1_29' title='bbox 408 2732 476 2772; x_wconf 86' lang='lat' dir='ltr'><strong>suos</strong></span> <span class='ocrx_word' id='word_1_30' title='bbox 504 2713 616 2773; x_wconf 88' lang='lat' dir='ltr'><strong>multos</strong></span> <span class='ocrx_word' id='word_1_31' title='bbox 639 2712 767 2772; x_wconf 82' lang='lat' dir='ltr'><strong>victores</strong></span> <span class='ocrx_word' id='word_1_32' title='bbox 791 2711 930 2770; x_wconf 89' lang='lat' dir='ltr'><strong>ludorum</strong></span> <span class='ocrx_word' id='word_1_33' title='bbox 958 2711 1188 2772; x_wconf 83' lang='lat' dir='ltr'><strong>domesticorum</strong></span> <span class='ocrx_word' id='word_1_34' title='bbox 1211 2730 1423 2789; x_wconf 82' lang='lat' dir='ltr'><strong>sacrorumque</strong></span> 
     </span>
     <span class='ocr_line' id='line_1_10' title="bbox 148 2800 1424 2878; baseline 0.001 -18"><span class='ocrx_word' id='word_1_35' title='bbox 148 2801 263 2863; x_wconf 88' lang='lat' dir='ltr'><strong>habuit.</strong></span> <span class='ocrx_word' id='word_1_36' title='bbox 308 2802 391 2861; x_wconf 88' lang='lat' dir='ltr'><strong>Idem</strong></span> <span class='ocrx_word' id='word_1_37' title='bbox 419 2806 520 2861; x_wconf 83' lang='lat' dir='ltr'><strong>autom</strong></span> <span class='ocrx_word' id='word_1_38' title='bbox 546 2801 627 2878; x_wconf 88' lang='lat' dir='ltr'><strong>quod</strong></span> <span class='ocrx_word' id='word_1_39' title='bbox 655 2805 685 2860; x_wconf 88' lang='lat' dir='ltr'><strong>et</strong></span> <span class='ocrx_word' id='word_1_40' title='bbox 708 2800 859 2860; x_wconf 78' lang='lat' dir='ltr'><strong>Salamine</strong></span> <span class='ocrx_word' id='word_1_41' title='bbox 883 2803 914 2860; x_wconf 90' lang='lat' dir='ltr'><strong>et</strong></span> <span class='ocrx_word' id='word_1_42' title='bbox 936 2800 1082 2860; x_wconf 79' lang='lat' dir='ltr'><strong>Acharnis</strong></span> <span class='ocrx_word' id='word_1_43' title='bbox 1105 2804 1195 2859; x_wconf 84' lang='lat' dir='ltr'><strong>natus</strong></span> <span class='ocrx_word' id='word_1_44' title='bbox 1219 2801 1256 2858; x_wconf 87' lang='lat' dir='ltr'><strong>ad</strong></span> <span class='ocrx_word' id='word_1_45' title='bbox 1281 2801 1424 2861; x_wconf 81' lang='lat' dir='ltr'><strong>virtutem</strong></span> 
     </span>
     <span class='ocr_line' id='line_1_11' title="bbox 149 2883 1424 2971; baseline -0.001 -21"><span class='ocrx_word' id='word_1_46' title='bbox 149 2909 211 2950; x_wconf 75' lang='lat' dir='ltr'><strong>aare</strong></span> <span class='ocrx_word' id='word_1_47' title='bbox 235 2890 346 2949; x_wconf 87' lang='lat' dir='ltr'><strong>dieitur</strong></span> <span class='ocrx_word' id='word_1_48' title='bbox 368 2883 409 2971; x_wconf 90' lang='lat' dir='ltr'><strong>(v.</strong></span> <span class='ocrx_word' id='word_1_49' title='bbox 436 2903 476 2951; x_wconf 82' lang='lat'><strong>13.</strong></span> <span class='ocrx_word' id='word_1_50' title='bbox 503 2883 559 2971; x_wconf 81' lang='lat' dir='ltr'><strong>nu),</strong></span> <span class='ocrx_word' id='word_1_51' title='bbox 583 2891 643 2948; x_wconf 86' lang='lat' dir='ltr'><strong>iam</strong></span> <span class='ocrx_word' id='word_1_52' title='bbox 667 2893 781 2949; x_wconf 81' lang='lat' dir='ltr'><strong>veteres</strong></span> <span class='ocrx_word' id='word_1_53' title='bbox 804 2890 922 2949; x_wconf 81' lang='lat' dir='ltr'><strong>criticos</strong></span> <span class='ocrx_word' id='word_1_54' title='bbox 945 2890 1085 2966; x_wconf 80' lang='lat' dir='ltr'><strong>exercuit,</strong></span> <span class='ocrx_word' id='word_1_55' title='bbox 1109 2909 1238 2965; x_wconf 89' lang='lat' dir='ltr'><strong>quorum</strong></span> <span class='ocrx_word' id='word_1_56' title='bbox 1261 2891 1424 2949; x_wconf 80' lang='lat' dir='ltr'><strong>sententiaa</strong></span> 
     </span>
     <span class='ocr_line' id='line_1_12' title="bbox 149 2976 1424 3057; baseline 0.001 -20"><span class='ocrx_word' id='word_1_57' title='bbox 149 2979 222 3057; x_wconf 81' lang='lat' dir='ltr'><strong>ipsis</strong></span> <span class='ocrx_word' id='word_1_58' title='bbox 246 2980 427 3040; x_wconf 78' lang='lat' dir='ltr'><strong>scholiorum</strong></span> <span class='ocrx_word' id='word_1_59' title='bbox 450 2979 547 3038; x_wconf 87' lang='lat' dir='ltr'><strong>verbis</strong></span> <span class='ocrx_word' id='word_1_60' title='bbox 575 2979 683 3037; x_wconf 82' lang='lat' dir='ltr'><strong>referre</strong></span> <span class='ocrx_word' id='word_1_61' title='bbox 707 2979 839 3055; x_wconf 84' lang='lat' dir='ltr'><strong>expedit:</strong></span> <span class='ocrx_word' id='word_1_62' title='bbox 870 2978 992 3055; x_wconf 83' lang='grc' dir='ltr'><em>ζητεῖται</em></span> <span class='ocrx_word' id='word_1_63' title='bbox 1021 2976 1071 3037; x_wconf 84' lang='grc' dir='ltr'><strong>διὰ</strong></span> <span class='ocrx_word' id='word_1_64' title='bbox 1098 2978 1128 3037; x_wconf 91' lang='grc' dir='ltr'><strong>τί</strong></span> <span class='ocrx_word' id='word_1_65' title='bbox 1149 2977 1278 3055; x_wconf 76' lang='grc' dir='ltr'><strong><em>δήποτε</em></strong></span> <span class='ocrx_word' id='word_1_66' title='bbox 1301 2977 1335 3038; x_wconf 82' lang='grc' dir='ltr'><strong>τὰ</strong></span> <span class='ocrx_word' id='word_1_67' title='bbox 1359 2978 1424 3057; x_wconf 82' lang='grc' dir='ltr'><strong><em>περὶ</em></strong></span> 
     </span>
     <span class='ocr_line' id='line_1_13' title="bbox 150 3065 1424 3146; baseline -0.001 -19"><span class='ocrx_word' id='word_1_68' title='bbox 150 3070 306 3146; x_wconf 85' lang='grc' dir='ltr'><strong><em>Σαλαμῖνα</em></strong></span> <span class='ocrx_word' id='word_1_69' title='bbox 329 3066 371 3140; x_wconf 84' lang='grc' dir='ltr'><strong>εἰς</strong></span> <span class='ocrx_word' id='word_1_70' title='bbox 390 3067 459 3139; x_wconf 82' lang='grc' dir='ltr'><strong><em>τοὺς</em></strong></span> <span class='ocrx_word' id='word_1_71' title='bbox 477 3065 544 3145; x_wconf 76' lang='grc' dir='ltr'><strong><em>περὶ</em></strong></span> <span class='ocrx_word' id='word_1_72' title='bbox 564 3066 736 3145; x_wconf 76' lang='grc' dir='ltr'><em>Τιμόδημον</em></span> <span class='ocrx_word' id='word_1_73' title='bbox 753 3065 860 3146; x_wconf 81' lang='grc' dir='ltr'><strong><em>λόγους</em></strong></span> <span class='ocrx_word' id='word_1_74' title='bbox 878 3075 1053 3145; x_wconf 78' lang='grc' dir='ltr'><strong><em>προσῆκται·</em></strong></span> <span class='ocrx_word' id='word_1_75' title='bbox 1078 3065 1114 3126; x_wconf 81' lang='grc' dir='ltr'><strong>οὐ</strong></span> <span class='ocrx_word' id='word_1_76' title='bbox 1133 3065 1188 3146; x_wconf 78' lang='grc' dir='ltr'><strong>γὰρ</strong></span> <span class='ocrx_word' id='word_1_77' title='bbox 1208 3066 1306 3144; x_wconf 74' lang='grc' dir='ltr'><strong><em>δήπου</em></strong></span> <span class='ocrx_word' id='word_1_78' title='bbox 1325 3070 1424 3127; x_wconf 87' lang='grc' dir='ltr'><strong><em>Σαλα-</em></strong></span> 
     </span>
     <span class='ocr_line' id='line_1_14' title="bbox 151 3149 1425 3236; baseline -0.001 -19"><span class='ocrx_word' id='word_1_79' title='bbox 151 3157 248 3236; x_wconf 81' lang='grc' dir='ltr'><strong><em>μίνιος</em></strong></span> <span class='ocrx_word' id='word_1_80' title='bbox 271 3149 324 3235; x_wconf 72' lang='grc' dir='ltr'><strong>ἦν·</strong></span> <span class='ocrx_word' id='word_1_81' title='bbox 348 3154 489 3236; x_wconf 86' lang='grc' dir='ltr'><strong><em>άντικρυς</em></strong></span> <span class='ocrx_word' id='word_1_82' title='bbox 511 3154 566 3236; x_wconf 75' lang='grc' dir='ltr'><strong>γάρ</strong></span> <span class='ocrx_word' id='word_1_83' title='bbox 589 3153 680 3216; x_wconf 84' lang='grc' dir='ltr'><strong><em>αὐτὸν</em></strong></span> <span class='ocrx_word' id='word_1_84' title='bbox 697 3149 836 3235; x_wconf 75' lang='grc' dir='ltr'><strong><em>Ἀχαρνέα</em></strong></span> <span class='ocrx_word' id='word_1_85' title='bbox 854 3154 929 3233; x_wconf 82' lang='grc' dir='ltr'><strong><em>φησί</em></strong></span> <span class='ocrx_word' id='word_1_86' title='bbox 951 3155 1002 3216; x_wconf 86' lang='grc' dir='ltr'><strong>τὸν</strong></span> <span class='ocrx_word' id='word_1_87' title='bbox 1027 3156 1129 3234; x_wconf 81' lang='grc' dir='ltr'><strong><em>δῆμον.</em></strong></span> <span class='ocrx_word' id='word_1_88' title='bbox 1165 3151 1349 3235; x_wconf 80' lang='grc' dir='ltr'><strong><em>Ἀρίσταρχος</em></strong></span> <span class='ocrx_word' id='word_1_89' title='bbox 1372 3154 1425 3234; x_wconf 67' lang='grc' dir='ltr'><strong>μὲν</strong></span> 
     </span>
     <span class='ocr_line' id='line_1_15' title="bbox 150 3237 1426 3324; baseline -0.002 -17"><span class='ocrx_word' id='word_1_90' title='bbox 150 3237 207 3307; x_wconf 75' lang='grc' dir='ltr'><strong>οὖν</strong></span> <span class='ocrx_word' id='word_1_91' title='bbox 225 3254 278 3324; x_wconf 79' lang='grc' dir='ltr'><strong>τῆς</strong></span> <span class='ocrx_word' id='word_1_92' title='bbox 292 3245 453 3317; x_wconf 79' lang='grc' dir='ltr'><strong><em>Αἰαντίδος</em></strong></span> <span class='ocrx_word' id='word_1_93' title='bbox 473 3250 571 3323; x_wconf 72' lang='grc' dir='ltr'><strong><em>φυλῆς</em></strong></span> <span class='ocrx_word' id='word_1_94' title='bbox 595 3238 684 3321; x_wconf 82' lang='grc' dir='ltr'><strong><em>εἶναι,</em></strong></span> <span class='ocrx_word' id='word_1_95' title='bbox 708 3244 763 3304; x_wconf 80' lang='grc' dir='ltr'><strong>οὐκ</strong></span> <span class='ocrx_word' id='word_1_96' title='bbox 786 3241 885 3323; x_wconf 80' lang='grc' dir='ltr'><em>ὀρθῶς</em></span> <span class='ocrx_word' id='word_1_97' title='bbox 909 3242 941 3304; x_wconf 79' lang='grc' dir='ltr'><strong>δέ</strong></span> <span class='ocrx_word' id='word_1_98' title='bbox 959 3261 1065 3322; x_wconf 78' lang='grc' dir='ltr'><strong><em>φησιν·</em></strong></span> <span class='ocrx_word' id='word_1_99' title='bbox 1090 3245 1121 3303; x_wconf 77' lang='grc' dir='ltr'><strong>οἱ</strong></span> <span class='ocrx_word' id='word_1_100' title='bbox 1135 3244 1190 3324; x_wconf 81' lang='grc' dir='ltr'><strong>γάρ</strong></span> <span class='ocrx_word' id='word_1_101' title='bbox 1207 3237 1355 3324; x_wconf 85' lang='grc' dir='ltr'><strong><em>Ἀχαρνεῖς</em></strong></span> <span class='ocrx_word' id='word_1_102' title='bbox 1373 3255 1426 3323; x_wconf 77' lang='grc' dir='ltr'><strong>τῆς</strong></span> 
     </span>
     <span class='ocr_line' id='line_1_16' title="bbox 154 3325 1426 3412; baseline -0.001 -17"><span class='ocrx_word' id='word_1_103' title='bbox 154 3333 297 3412; x_wconf 83' lang='grc' dir='ltr'><strong><em>Οἰνηΐδος</em></strong></span> <span class='ocrx_word' id='word_1_104' title='bbox 316 3339 413 3411; x_wconf 80' lang='grc' dir='ltr'><strong><em>φυλῆς</em></strong></span> <span class='ocrx_word' id='word_1_105' title='bbox 433 3335 514 3394; x_wconf 82' lang='grc' dir='ltr'><strong><em>εἰσιν.</em></strong></span> <span class='ocrx_word' id='word_1_106' title='bbox 551 3334 583 3394; x_wconf 77' lang='lat' dir='ltr'><strong>ol</strong></span> <span class='ocrx_word' id='word_1_107' title='bbox 599 3330 630 3393; x_wconf 73' lang='grc' dir='ltr'><strong>δὲ</strong></span> <span class='ocrx_word' id='word_1_108' title='bbox 653 3331 720 3411; x_wconf 78' lang='grc' dir='ltr'><strong><em>περί</em></strong></span> <span class='ocrx_word' id='word_1_109' title='bbox 731 3325 948 3411; x_wconf 78' lang='grc' dir='ltr'><strong><em>Ἀσκληπιάδην</em></strong></span> <span class='ocrx_word' id='word_1_110' title='bbox 963 3334 1066 3411; x_wconf 83' lang='grc' dir='ltr'><strong><em>φασίν,</em></strong></span> <span class='ocrx_word' id='word_1_111' title='bbox 1085 3332 1129 3393; x_wconf 81' lang='grc' dir='ltr'><strong>ὅτι</strong></span> <span class='ocrx_word' id='word_1_112' title='bbox 1143 3333 1220 3405; x_wconf 81' lang='grc' dir='ltr'><strong><em>εἰκός</em></strong></span> <span class='ocrx_word' id='word_1_113' title='bbox 1239 3331 1316 3393; x_wconf 75' lang='grc' dir='ltr'><strong><em>ἔστιν</em></strong></span> <span class='ocrx_word' id='word_1_114' title='bbox 1335 3332 1426 3394; x_wconf 83' lang='grc' dir='ltr'><strong><em>αὐτὸν</em></strong></span> 
     </span>
     <span class='ocr_line' id='line_1_17' title="bbox 151 3414 1425 3503; baseline -0.002 -19"><span class='ocrx_word' id='word_1_115' title='bbox 151 3415 226 3484; x_wconf 77' lang='grc' dir='ltr'><strong><em>εἶναι</em></strong></span> <span class='ocrx_word' id='word_1_116' title='bbox 240 3431 297 3484; x_wconf 85' lang='grc' dir='ltr'><strong>τῶν</strong></span> <span class='ocrx_word' id='word_1_117' title='bbox 312 3422 366 3500; x_wconf 76' lang='grc' dir='ltr'><strong>τὴν</strong></span> <span class='ocrx_word' id='word_1_118' title='bbox 376 3426 532 3501; x_wconf 84' lang='grc' dir='ltr'><strong><em>Σαλαμῖνα</em></strong></span> <span class='ocrx_word' id='word_1_119' title='bbox 545 3421 883 3502; x_wconf 79' lang='grc' dir='ltr'><strong><em>κατακληρουχησάντων</em></strong></span> <span class='ocrx_word' id='word_1_120' title='bbox 895 3416 1078 3500; x_wconf 83' lang='grc' dir='ltr'><strong><em>Ἀθηναίων·</em></strong></span> <span class='ocrx_word' id='word_1_121' title='bbox 1093 3422 1171 3493; x_wconf 81' lang='grc' dir='ltr'><strong><em>εἰκὸς</em></strong></span> <span class='ocrx_word' id='word_1_122' title='bbox 1185 3414 1241 3482; x_wconf 81' lang='grc' dir='ltr'><strong>οὖν</strong></span> <span class='ocrx_word' id='word_1_123' title='bbox 1256 3421 1347 3483; x_wconf 80' lang='grc' dir='ltr'><strong><em>αὐτὸν</em></strong></span> <span class='ocrx_word' id='word_1_124' title='bbox 1361 3445 1425 3503; x_wconf 82' lang='grc' dir='ltr'><strong><em>χεν-</em></strong></span> 
     </span>
     <span class='ocr_line' id='line_1_18' title="bbox 151 3504 1427 3593; baseline -0.001 -21"><span class='ocrx_word' id='word_1_125' title='bbox 151 3510 284 3591; x_wconf 78' lang='grc' dir='ltr'><strong><em>νηδίντα</em></strong></span> <span class='ocrx_word' id='word_1_126' title='bbox 296 3505 442 3589; x_wconf 77' lang='grc' dir='ltr'><strong><em>Ἀθήνησι</em></strong></span> <span class='ocrx_word' id='word_1_127' title='bbox 457 3505 544 3593; x_wconf 86' lang='lat' dir='ltr'><strong>(corr.</strong></span> <span class='ocrx_word' id='word_1_128' title='bbox 558 3504 728 3592; x_wconf 79' lang='grc' dir='ltr'><strong><em>Ἀχάρναις)</em></strong></span> <span class='ocrx_word' id='word_1_129' title='bbox 746 3510 919 3590; x_wconf 81' lang='grc' dir='ltr'><strong><em>τεθράφθαι</em></strong></span> <span class='ocrx_word' id='word_1_130' title='bbox 937 3509 969 3571; x_wconf 77' lang='grc' dir='ltr'><strong>ἐν</strong></span> <span class='ocrx_word' id='word_1_131' title='bbox 983 3514 1146 3589; x_wconf 86' lang='grc' dir='ltr'><strong><em>Σαλαμῖνι·</em></strong></span> <span class='ocrx_word' id='word_1_132' title='bbox 1172 3510 1304 3588; x_wconf 85' lang='grc' dir='ltr'><strong><em>Δίδυμός</em></strong></span> <span class='ocrx_word' id='word_1_133' title='bbox 1323 3529 1427 3588; x_wconf 75' lang='grc' dir='ltr'><strong><em>φησιν,</em></strong></span> 
     </span>
     <span class='ocr_line' id='line_1_19' title="bbox 152 3598 1428 3681; baseline -0.002 -19"><span class='ocrx_word' id='word_1_134' title='bbox 152 3599 196 3662; x_wconf 81' lang='grc' dir='ltr'><strong>δτι</strong></span> <span class='ocrx_word' id='word_1_135' title='bbox 210 3601 280 3673; x_wconf 83' lang='grc' dir='ltr'><strong><em>ἴσως</em></strong></span> <span class='ocrx_word' id='word_1_136' title='bbox 295 3599 417 3677; x_wconf 85' lang='grc' dir='ltr'><strong><em>άμεινον</em></strong></span> <span class='ocrx_word' id='word_1_137' title='bbox 432 3600 535 3681; x_wconf 75' lang='grc' dir='ltr'><strong><em>λέγειν,</em></strong></span> <span class='ocrx_word' id='word_1_138' title='bbox 549 3600 593 3660; x_wconf 82' lang='grc' dir='ltr'><strong>ὅτι</strong></span> <span class='ocrx_word' id='word_1_139' title='bbox 607 3600 648 3672; x_wconf 81' lang='grc' dir='ltr'><strong>είς</strong></span> <span class='ocrx_word' id='word_1_140' title='bbox 665 3600 779 3659; x_wconf 80' lang='grc' dir='ltr'><strong><em>Αἴαντα</em></strong></span> <span class='ocrx_word' id='word_1_141' title='bbox 794 3598 917 3678; x_wconf 77' lang='grc' dir='ltr'><strong><em>ἀνέφερε</em></strong></span> <span class='ocrx_word' id='word_1_142' title='bbox 932 3599 963 3660; x_wconf 88' lang='grc' dir='ltr'><strong>τὸ</strong></span> <span class='ocrx_word' id='word_1_143' title='bbox 977 3601 1074 3680; x_wconf 79' lang='grc' dir='ltr'><strong><em>γένος,</em></strong></span> <span class='ocrx_word' id='word_1_144' title='bbox 1088 3599 1184 3678; x_wconf 75' lang='grc' dir='ltr'><strong><em>ὥσπερ</em></strong></span> <span class='ocrx_word' id='word_1_145' title='bbox 1198 3600 1245 3658; x_wconf 81' lang='grc' dir='ltr'><strong><em>καὶ</em></strong></span> <span class='ocrx_word' id='word_1_146' title='bbox 1258 3601 1428 3677; x_wconf 79' lang='grc' dir='ltr'><strong><em>Μιλτιάδης</em></strong></span> 
     </span>
     <span class='ocr_line' id='line_1_20' title="bbox 151 3683 1429 3769; baseline -0.002 -18"><span class='ocrx_word' id='word_1_147' title='bbox 151 3689 202 3752; x_wconf 80' lang='grc' dir='ltr'><strong><em>καί</em></strong></span> <span class='ocrx_word' id='word_1_148' title='bbox 216 3691 321 3769; x_wconf 80' lang='grc' dir='ltr'><strong><em>Κίμων</em></strong></span> <span class='ocrx_word' id='word_1_149' title='bbox 335 3688 385 3749; x_wconf 82' lang='grc' dir='ltr'><strong><em>καί</em></strong></span> <span class='ocrx_word' id='word_1_150' title='bbox 401 3686 586 3769; x_wconf 83' lang='grc' dir='ltr'><strong><em>Ἀλκιβιάδης</em></strong></span> <span class='ocrx_word' id='word_1_151' title='bbox 604 3687 654 3748; x_wconf 84' lang='grc' dir='ltr'><strong><em>καί</em></strong></span> <span class='ocrx_word' id='word_1_152' title='bbox 671 3688 861 3766; x_wconf 83' lang='grc' dir='ltr'><strong><em>Θουκυδίδης</em></strong></span> <span class='ocrx_word' id='word_1_153' title='bbox 876 3686 891 3748; x_wconf 87' lang='grc' dir='ltr'><strong><em>δ</em></strong></span> <span class='ocrx_word' id='word_1_154' title='bbox 907 3689 1093 3768; x_wconf 78' lang='grc' dir='ltr'><strong><em>συγγραφεὺς</em></strong></span> <span class='ocrx_word' id='word_1_155' title='bbox 1113 3683 1269 3767; x_wconf 74' lang='grc' dir='ltr'><strong><em>δὈλρου.</em></strong></span> <span class='ocrx_word' id='word_1_156' title='bbox 1294 3689 1429 3759; x_wconf 83' lang='lat' dir='ltr'><strong>Quarum</strong></span> 
     </span>
     <span class='ocr_line' id='line_1_21' title="bbox 152 3778 1429 3855; baseline -0.001 -17"><span class='ocrx_word' id='word_1_157' title='bbox 152 3780 244 3839; x_wconf 87' lang='lat' dir='ltr'><strong>trium</strong></span> <span class='ocrx_word' id='word_1_158' title='bbox 268 3780 484 3839; x_wconf 84' lang='lat' dir='ltr'><strong>sententiarum</strong></span> <span class='ocrx_word' id='word_1_159' title='bbox 507 3778 634 3839; x_wconf 88' lang='lat' dir='ltr'><strong>mediam</strong></span> <span class='ocrx_word' id='word_1_160' title='bbox 658 3779 744 3838; x_wconf 89' lang='lat' dir='ltr'><strong>uniee</strong></span> <span class='ocrx_word' id='word_1_161' title='bbox 763 3778 1000 3855; x_wconf 85' lang='lat' dir='ltr'><strong>amplectendam</strong></span> <span class='ocrx_word' id='word_1_162' title='bbox 1019 3797 1082 3838; x_wconf 86' lang='lat' dir='ltr'><strong>esso</strong></span> <span class='ocrx_word' id='word_1_163' title='bbox 1101 3779 1327 3854; x_wconf 82' lang='lat' dir='ltr'><strong>comprobatum</strong></span> <span class='ocrx_word' id='word_1_164' title='bbox 1347 3784 1392 3839; x_wconf 88' lang='lat' dir='ltr'><strong>est</strong></span> <span class='ocrx_word' id='word_1_165' title='bbox 1411 3798 1429 3837; x_wconf 94' lang='lat' dir='ltr'><strong>a</strong></span> 
     </span>
     <span class='ocr_line' id='line_1_22' title="bbox 153 3867 1428 3945; baseline 0.001 -19"><span class='ocrx_word' id='word_1_166' title='bbox 153 3868 384 3930; x_wconf 84' lang='lat' dir='ltr'><strong>Wilamowitnio</strong></span> <span class='ocrx_word' id='word_1_167' title='bbox 404 3868 504 3927; x_wconf 88' lang='lat' dir='ltr'><strong>Herm.</strong></span> <span class='ocrx_word' id='word_1_168' title='bbox 517 3879 629 3945; x_wconf 75' lang='lat'><strong>12,342.</strong></span> <span class='ocrx_word' id='word_1_169' title='bbox 660 3867 822 3927; x_wconf 85' lang='lat' dir='ltr'><strong>Cantatum</strong></span> <span class='ocrx_word' id='word_1_170' title='bbox 842 3886 904 3927; x_wconf 85' lang='lat' dir='ltr'><strong>esse</strong></span> <span class='ocrx_word' id='word_1_171' title='bbox 923 3869 979 3927; x_wconf 89' lang='lat' dir='ltr'><strong>hoo</strong></span> <span class='ocrx_word' id='word_1_172' title='bbox 998 3887 1116 3926; x_wconf 85' lang='lat' dir='ltr'><strong>carmen</strong></span> <span class='ocrx_word' id='word_1_173' title='bbox 1131 3868 1266 3944; x_wconf 84' lang='lat' dir='ltr'><strong>Athenis,</strong></span> <span class='ocrx_word' id='word_1_174' title='bbox 1286 3868 1428 3944; x_wconf 82' lang='lat' dir='ltr'><strong>incapite</strong></span> 
     </span>
     <span class='ocr_line' id='line_1_23' title="bbox 154 3949 1429 4038; baseline -0.002 -21"><span class='ocrx_word' id='word_1_175' title='bbox 154 3959 219 4036; x_wconf 82' lang='lat' dir='ltr'><strong>agri</strong></span> <span class='ocrx_word' id='word_1_176' title='bbox 246 3957 354 4032; x_wconf 84' lang='lat' dir='ltr'><strong>Attici,</strong></span> <span class='ocrx_word' id='word_1_177' title='bbox 387 3977 422 4016; x_wconf 86' lang='lat' dir='ltr'><strong>ox</strong></span> <span class='ocrx_word' id='word_1_178' title='bbox 454 3957 625 4016; x_wconf 75' lang='lat' dir='ltr'><strong>laudatione</strong></span> <span class='ocrx_word' id='word_1_179' title='bbox 654 3957 737 4015; x_wconf 86' lang='lat' dir='ltr'><strong>urhis</strong></span> <span class='ocrx_word' id='word_1_180' title='bbox 767 3958 953 4015; x_wconf 83' lang='lat' dir='ltr'><strong>Athenarum</strong></span> <span class='ocrx_word' id='word_1_181' title='bbox 981 3950 1021 4036; x_wconf 89' lang='lat' dir='ltr'><strong>(v.</strong></span> <span class='ocrx_word' id='word_1_182' title='bbox 1042 3949 1073 4038; x_wconf 84' lang='lat'><strong>8)</strong></span> <span class='ocrx_word' id='word_1_183' title='bbox 1101 3956 1179 4015; x_wconf 87' lang='lat' dir='ltr'><strong>effici</strong></span> <span class='ocrx_word' id='word_1_184' title='bbox 1206 3956 1333 4016; x_wconf 83' lang='lat' dir='ltr'><strong>videtur.</strong></span> <span class='ocrx_word' id='word_1_185' title='bbox 1385 3957 1429 4015; x_wconf 86' lang='lat' dir='ltr'><strong>Do</strong></span> 
     </span>
     <span class='ocr_line' id='line_1_24' title="bbox 152 4044 1432 4124; baseline -0.002 -18"><span class='ocrx_word' id='word_1_186' title='bbox 152 4051 295 4124; x_wconf 83' lang='lat' dir='ltr'><strong>tempore,</strong></span> <span class='ocrx_word' id='word_1_187' title='bbox 318 4065 378 4123; x_wconf 88' lang='lat' dir='ltr'><strong>quo</strong></span> <span class='ocrx_word' id='word_1_188' title='bbox 402 4047 546 4122; x_wconf 88' lang='lat' dir='ltr'><strong>seriptum</strong></span> <span class='ocrx_word' id='word_1_189' title='bbox 571 4047 618 4122; x_wconf 85' lang='lat' dir='ltr'><strong>sit,</strong></span> <span class='ocrx_word' id='word_1_190' title='bbox 642 4046 717 4103; x_wconf 90' lang='lat' dir='ltr'><strong>nihil</strong></span> <span class='ocrx_word' id='word_1_191' title='bbox 740 4045 813 4104; x_wconf 81' lang='lat' dir='ltr'><strong>certi</strong></span> <span class='ocrx_word' id='word_1_192' title='bbox 837 4046 996 4104; x_wconf 87' lang='lat' dir='ltr'><strong>memoriae</strong></span> <span class='ocrx_word' id='word_1_193' title='bbox 1019 4044 1165 4104; x_wconf 81' lang='lat' dir='ltr'><strong>traditum</strong></span> <span class='ocrx_word' id='word_1_194' title='bbox 1185 4048 1238 4103; x_wconf 85' lang='lat' dir='ltr'><strong>ast.</strong></span> <span class='ocrx_word' id='word_1_195' title='bbox 1276 4046 1432 4123; x_wconf 83' lang='lat' dir='ltr'><strong>Sagaoitor</strong></span> 
     </span>
     <span class='ocr_line' id='line_1_25' title="bbox 154 4134 1430 4212; baseline 0 -18"><span class='ocrx_word' id='word_1_196' title='bbox 154 4139 255 4195; x_wconf 86' lang='lat' dir='ltr'><strong>autam</strong></span> <span class='ocrx_word' id='word_1_197' title='bbox 282 4136 428 4194; x_wconf 85' lang='lat' dir='ltr'><strong>Ernestus</strong></span> <span class='ocrx_word' id='word_1_198' title='bbox 461 4136 548 4211; x_wconf 69' lang='lat' dir='ltr'><strong>(iras,</strong></span> <span class='ocrx_word' id='word_1_199' title='bbox 580 4134 656 4193; x_wconf 92' lang='lat' dir='ltr'><strong>Pind</strong></span> <span class='ocrx_word' id='word_1_200' title='bbox 693 4134 752 4211; x_wconf 86' lang='lat' dir='ltr'><strong>leg.</strong></span> <span class='ocrx_word' id='word_1_201' title='bbox 777 4134 895 4210; x_wconf 84' lang='lat' dir='ltr'><strong>Stroph.</strong></span> <span class='ocrx_word' id='word_1_202' title='bbox 925 4154 954 4210; x_wconf 91' lang='lat' dir='ltr'><strong>p.</strong></span> <span class='ocrx_word' id='word_1_203' title='bbox 978 4145 1025 4211; x_wconf 85' lang='lat'><strong>39,</strong></span> <span class='ocrx_word' id='word_1_204' title='bbox 1059 4155 1094 4193; x_wconf 83' lang='lat' dir='ltr'><strong>ex</strong></span> <span class='ocrx_word' id='word_1_205' title='bbox 1126 4136 1290 4193; x_wconf 85' lang='lat' dir='ltr'><strong>metrorum</strong></span> <span class='ocrx_word' id='word_1_206' title='bbox 1322 4134 1430 4212; x_wconf 85' lang='lat' dir='ltr'><strong>indole,</strong></span> 
     </span>
     <span class='ocr_line' id='line_1_26' title="bbox 155 4221 1431 4302; baseline -0.002 -18"><span class='ocrx_word' id='word_1_207' title='bbox 155 4244 231 4302; x_wconf 86' lang='lat' dir='ltr'><strong>quae</strong></span> <span class='ocrx_word' id='word_1_208' title='bbox 251 4225 357 4283; x_wconf 84' lang='lat' dir='ltr'><strong>similis</strong></span> <span class='ocrx_word' id='word_1_209' title='bbox 376 4228 421 4283; x_wconf 90' lang='lat' dir='ltr'><strong>est</strong></span> <span class='ocrx_word' id='word_1_210' title='bbox 440 4224 606 4283; x_wconf 82' lang='lat' dir='ltr'><strong>carminum</strong></span> <span class='ocrx_word' id='word_1_211' title='bbox 621 4221 655 4284; x_wconf 90' lang='grc' dir='ltr'><strong>Ο,</strong></span> <span class='ocrx_word' id='word_1_212' title='bbox 670 4241 702 4280; x_wconf 82' lang='lat' dir='ltr'><strong>nx</strong></span> <span class='ocrx_word' id='word_1_213' title='bbox 717 4229 747 4282; x_wconf 88' lang='lat' dir='ltr'><strong>et</strong></span> <span class='ocrx_word' id='word_1_214' title='bbox 761 4224 793 4282; x_wconf 93' lang='lat' dir='ltr'><strong>P.</strong></span> <span class='ocrx_word' id='word_1_215' title='bbox 808 4241 863 4280; x_wconf 87' lang='lat' dir='ltr'><strong>vm</strong></span> <span class='ocrx_word' id='word_1_216' title='bbox 878 4243 896 4281; x_wconf 91' lang='lat' dir='ltr'><strong>a</strong></span> <span class='ocrx_word' id='word_1_217' title='bbox 910 4227 1000 4300; x_wconf 86' lang='lat' dir='ltr'><strong>poeta</strong></span> <span class='ocrx_word' id='word_1_218' title='bbox 1014 4224 1074 4281; x_wconf 93' lang='lat' dir='ltr'><strong>iam</strong></span> <span class='ocrx_word' id='word_1_219' title='bbox 1089 4226 1258 4297; x_wconf 73' lang='lat' dir='ltr'><strong>senescente</strong></span> <span class='ocrx_word' id='word_1_220' title='bbox 1273 4224 1431 4300; x_wconf 83' lang='lat' dir='ltr'><strong>factorum,</strong></span> 
     </span>
     <span class='ocr_line' id='line_1_27' title="bbox 154 4305 1431 4391; baseline -0.001 -20"><span class='ocrx_word' id='word_1_221' title='bbox 154 4315 209 4374; x_wconf 88' lang='lat' dir='ltr'><strong>hoe</strong></span> <span class='ocrx_word' id='word_1_222' title='bbox 233 4333 353 4390; x_wconf 89' lang='lat' dir='ltr'><strong>quoque</strong></span> <span class='ocrx_word' id='word_1_223' title='bbox 372 4332 490 4372; x_wconf 83' lang='lat' dir='ltr'><strong>carmen</strong></span> <span class='ocrx_word' id='word_1_224' title='bbox 509 4312 548 4371; x_wconf 89' lang='lat' dir='ltr'><strong>ad</strong></span> <span class='ocrx_word' id='word_1_225' title='bbox 566 4313 733 4388; x_wconf 87' lang='lat' dir='ltr'><strong>posteriora</strong></span> <span class='ocrx_word' id='word_1_226' title='bbox 754 4317 889 4388; x_wconf 82' lang='lat' dir='ltr'><strong>tempore</strong></span> <span class='ocrx_word' id='word_1_227' title='bbox 908 4315 1096 4378; x_wconf 63' lang='lat'>‹459-451</span> <span class='ocrx_word' id='word_1_228' title='bbox 1118 4332 1143 4370; x_wconf 91' lang='lat' dir='ltr'><strong>a.</strong></span> <span class='ocrx_word' id='word_1_229' title='bbox 1165 4305 1230 4391; x_wconf 77' lang='lat' dir='ltr'><strong>Oh.)</strong></span> <span class='ocrx_word' id='word_1_230' title='bbox 1250 4312 1431 4372; x_wconf 82' lang='lat' dir='ltr'><strong>reiciendum</strong></span> 
     </span>
     <span class='ocr_line' id='line_1_28' title="bbox 155 4400 1431 4479; baseline -0.002 -17"><span class='ocrx_word' id='word_1_231' title='bbox 155 4421 217 4462; x_wconf 80' lang='lat' dir='ltr'><strong>esse</strong></span> <span class='ocrx_word' id='word_1_232' title='bbox 232 4403 350 4461; x_wconf 83' lang='lat' dir='ltr'><strong>statuit.</strong></span> <span class='ocrx_word' id='word_1_233' title='bbox 378 4403 456 4461; x_wconf 87' lang='lat' dir='ltr'><strong>Nam</strong></span> <span class='ocrx_word' id='word_1_234' title='bbox 472 4402 552 4479; x_wconf 89' lang='lat' dir='ltr'><strong>quod</strong></span> <span class='ocrx_word' id='word_1_235' title='bbox 566 4401 770 4459; x_wconf 83' lang='lat' dir='ltr'><strong>Fraeoarolius</strong></span> <span class='ocrx_word' id='word_1_236' title='bbox 785 4421 820 4459; x_wconf 81' lang='lat' dir='ltr'><strong>en</strong></span> <span class='ocrx_word' id='word_1_237' title='bbox 839 4420 882 4477; x_wconf 80' lang='lat' dir='ltr'><strong>eo,</strong></span> <span class='ocrx_word' id='word_1_238' title='bbox 898 4401 978 4476; x_wconf 90' lang='lat' dir='ltr'><strong>quod</strong></span> <span class='ocrx_word' id='word_1_239' title='bbox 998 4401 1158 4459; x_wconf 85' lang='lat' dir='ltr'><strong>Salaminis</strong></span> <span class='ocrx_word' id='word_1_240' title='bbox 1177 4400 1244 4459; x_wconf 92' lang='lat' dir='ltr'><strong>laus</strong></span> <span class='ocrx_word' id='word_1_241' title='bbox 1259 4419 1277 4458; x_wconf 94' lang='lat' dir='ltr'><strong>a</strong></span> <span class='ocrx_word' id='word_1_242' title='bbox 1291 4402 1431 4478; x_wconf 86' lang='lat' dir='ltr'><strong>mythioia</strong></span> 
     </span>
     <span class='ocr_line' id='line_1_29' title="bbox 154 4489 1432 4568; baseline -0.003 -16"><span class='ocrx_word' id='word_1_243' title='bbox 154 4491 348 4568; x_wconf 72' lang='lat' dir='ltr'><strong>temporibuS,</strong></span> <span class='ocrx_word' id='word_1_244' title='bbox 372 4510 429 4550; x_wconf 92' lang='lat' dir='ltr'><strong>non</strong></span> <span class='ocrx_word' id='word_1_245' title='bbox 455 4511 472 4549; x_wconf 90' lang='lat' dir='ltr'><strong>a</strong></span> <span class='ocrx_word' id='word_1_246' title='bbox 497 4491 662 4549; x_wconf 83' lang='lat' dir='ltr'><strong>clarissima</strong></span> <span class='ocrx_word' id='word_1_247' title='bbox 686 4489 851 4548; x_wconf 88' lang='lat' dir='ltr'><strong>Salaminia</strong></span> <span class='ocrx_word' id='word_1_248' title='bbox 874 4489 1000 4548; x_wconf 83' lang='lat' dir='ltr'><strong>victoria</strong></span> <span class='ocrx_word' id='word_1_249' title='bbox 1023 4489 1124 4548; x_wconf 88' lang='lat' dir='ltr'><strong>navali</strong></span> <span class='ocrx_word' id='word_1_250' title='bbox 1146 4492 1341 4568; x_wconf 80' lang='lat' dir='ltr'><strong>repeteretur,</strong></span> <span class='ocrx_word' id='word_1_251' title='bbox 1363 4494 1432 4549; x_wconf 84' lang='lat' dir='ltr'><strong>ante</strong></span> 
     </span>
     <span class='ocr_line' id='line_1_30' title="bbox 156 4578 1433 4658; baseline -0.002 -19"><span class='ocrx_word' id='word_1_252' title='bbox 156 4580 240 4639; x_wconf 87' lang='lat' dir='ltr'><strong>illam</strong></span> <span class='ocrx_word' id='word_1_253' title='bbox 264 4600 398 4658; x_wconf 82' lang='lat' dir='ltr'><strong>pugnam</strong></span> <span class='ocrx_word' id='word_1_254' title='bbox 422 4581 484 4639; x_wconf 84' lang='lat' dir='ltr'><strong>sive</strong></span> <span class='ocrx_word' id='word_1_255' title='bbox 508 4583 576 4638; x_wconf 88' lang='lat' dir='ltr'><strong>ante</strong></span> <span class='ocrx_word' id='word_1_256' title='bbox 601 4578 968 4637; x_wconf 77' lang='lat' dir='ltr'><strong>a.480a.Chr.oar1uen</strong></span> <span class='ocrx_word' id='word_1_257' title='bbox 991 4578 1189 4654; x_wconf 87' lang='lat' dir='ltr'><strong>compositum</strong></span> <span class='ocrx_word' id='word_1_258' title='bbox 1212 4596 1275 4637; x_wconf 86' lang='lat' dir='ltr'><strong>esse</strong></span> <span class='ocrx_word' id='word_1_259' title='bbox 1299 4579 1433 4654; x_wconf 75' lang='lat' dir='ltr'><strong>coniecit,</strong></span> 
     </span>
     <span class='ocr_line' id='line_1_31' title="bbox 155 4667 1434 4746; baseline -0.001 -19"><span class='ocrx_word' id='word_1_260' title='bbox 155 4670 211 4730; x_wconf 88' lang='lat' dir='ltr'><strong>hoe</strong></span> <span class='ocrx_word' id='word_1_261' title='bbox 240 4670 338 4728; x_wconf 90' lang='lat' dir='ltr'><strong>miuus</strong></span> <span class='ocrx_word' id='word_1_262' title='bbox 368 4671 461 4746; x_wconf 84' lang='lat' dir='ltr'><strong>valet,</strong></span> <span class='ocrx_word' id='word_1_263' title='bbox 490 4669 514 4727; x_wconf 85' lang='lat' dir='ltr'><strong>si</strong></span> <span class='ocrx_word' id='word_1_264' title='bbox 542 4669 673 4727; x_wconf 87' lang='lat' dir='ltr'><strong>multum</strong></span> <span class='ocrx_word' id='word_1_265' title='bbox 701 4668 843 4743; x_wconf 90' lang='lat' dir='ltr'><strong>temporis</strong></span> <span class='ocrx_word' id='word_1_266' title='bbox 871 4668 1061 4726; x_wconf 80' lang='lat' dir='ltr'><strong>interiectum</strong></span> <span class='ocrx_word' id='word_1_267' title='bbox 1089 4667 1161 4744; x_wconf 82' lang='lat' dir='ltr'><strong>fuit3</strong></span> <span class='ocrx_word' id='word_1_268' title='bbox 1189 4671 1344 4742; x_wconf 86' lang='lat' dir='ltr'><strong>praeterea</strong></span> <span class='ocrx_word' id='word_1_269' title='bbox 1367 4668 1434 4727; x_wconf 87' lang='lat' dir='ltr'><strong>vide</strong></span> 
     </span>
     <span class='ocr_line' id='line_1_32' title="bbox 156 4755 1435 4834; baseline -0.002 -18"><span class='ocrx_word' id='word_1_270' title='bbox 156 4763 260 4819; x_wconf 90' lang='lat' dir='ltr'><strong>notam</strong></span> <span class='ocrx_word' id='word_1_271' title='bbox 284 4758 321 4816; x_wconf 91' lang='lat' dir='ltr'><strong>ad</strong></span> <span class='ocrx_word' id='word_1_272' title='bbox 346 4778 372 4817; x_wconf 84' lang='lat' dir='ltr'><strong>v.</strong></span> <span class='ocrx_word' id='word_1_273' title='bbox 399 4770 438 4817; x_wconf 82' lang='lat'><strong>16.</strong></span> <span class='ocrx_word' id='word_1_274' title='bbox 487 4758 624 4816; x_wconf 83' lang='lat' dir='ltr'><strong>Ceterum</strong></span> <span class='ocrx_word' id='word_1_275' title='bbox 648 4757 761 4816; x_wconf 83' lang='lat' dir='ltr'><strong>Nemea</strong></span> <span class='ocrx_word' id='word_1_276' title='bbox 785 4756 918 4834; x_wconf 82' lang='lat' dir='ltr'><strong>secundi,</strong></span> <span class='ocrx_word' id='word_1_277' title='bbox 946 4775 1005 4814; x_wconf 92' lang='lat' dir='ltr'><strong>uon</strong></span> <span class='ocrx_word' id='word_1_278' title='bbox 1034 4756 1135 4832; x_wconf 85' lang='lat' dir='ltr'><strong>quarti</strong></span> <span class='ocrx_word' id='word_1_279' title='bbox 1158 4757 1230 4814; x_wconf 92' lang='lat' dir='ltr'><strong>anni</strong></span> <span class='ocrx_word' id='word_1_280' title='bbox 1249 4755 1435 4833; x_wconf 87' lang='lat' dir='ltr'><strong>Olympiadis</strong></span> 
     </span>
    </p>
   </div>
   <div class='ocr_carea' id='block_1_9' title="bbox 1171 4854 1223 4910">
    <p class='ocr_par' dir='ltr' id='par_1_9' title="bbox 1171 4854 1223 4910">
     <span class='ocr_line' id='line_1_33' title="bbox 1171 4854 1223 4910; baseline 0.019 -1"><span class='ocrx_word' id='word_1_281' title='bbox 1171 4854 1223 4910; x_wconf 78' lang='lat'><strong>10·</strong></span> 
     </span>
    </p>
   </div>
   <div class='ocr_carea' id='block_1_10' title="bbox 0 0 1731 5378">
    <p class='ocr_par' dir='ltr' id='par_1_10' title="bbox 0 0 1731 5378">
     <span class='ocr_line' id='line_1_34' title="bbox 0 0 1731 5378; baseline 0 0"><span class='ocrx_word' id='word_1_282' title='bbox 0 0 1731 5378; x_wconf 95' lang='lat' dir='ltr'><strong> </strong></span> 
     </span>
    </p>
   </div>
  </div>
 </body>
</html>
