3406 5378
676 405 826 457 reanum
845 407 911 457 vin
930 404 1014 475 [vap

289 571 459 632 Μοισαῖον
482 568 569 651 άρμα
594 566 776 644 Νικοκλέος

290 683 401 757 μνᾶμα
423 675 598 758 πυγμάχου
622 675 758 757 κελαδῆ-

338 794 402 843 σαι.
435 777 604 864 γεραίρετέ
619 804 696 862 νιν,
720 779 756 855 ὃς
769 777 925 863 Ἴσθμιον
949 778 990 844 άν
1013 780 1117 857 νάπος

209 894 265 960 (69)
289 889 434 970 Δωρίων
457 889 573 970 ἔλαχεν
596 891 681 951 σελί-

334 1013 418 1058 νων·
444 992 511 1058 ἐπεὶ
534 997 744 1078 περικτίονας

219 1117 252 1165 65
290 1099 419 1165 ἐνίκασε
443 1102 485 1183 δή
507 1123 585 1165 ποτε
609 1099 663 1165 καὶ

335 1220 444 1284 κεῖνος
468 1209 592 1294 ἄνδρας
615 1208 766 1295 άφύκ-τῳ
791 1206 861 1293 χερὶ
883 1209 1039 1274 κλονέων.

334 1317 393 1380 τὸν
415 1313 476 1399 μὲν
499 1315 539 1380 οὐ
562 1315 762 1400 κατελέγ-χει
784 1325 900 1401 κριτοῦ
925 1317 1019 1398 γενεὰ

334 1423 599 1506 πατραδελφεοῦ·
623 1422 747 1487 ἁλίκων
770 1463 783 1470 -
808 1432 853 1509 τῳ
877 1446 926 1498 τις
950 1422 1054 1506 ἁβρὸν

290 1527 375 1613 ἀμφὶ
398 1532 603 1616 παγκρατίου
627 1529 823 1616 Κλεάνδρῳ
847 1517 1010 1593 πλεκέτω
1128 1509 1135 1523 ’

290 1640 454 1720 μυρσίνας
477 1635 657 1721 στέφανον·
682 1636 753 1701 ἐπεί
772 1661 829 1700 νιν

330 1741 516 1808 Ἀλκαθόου
539 1742 567 1807 τ’
593 1742 683 1826 άγὼν
706 1784 720 1791 -
744 1745 808 1807 σὺν
830 1744 913 1830 τύχα

211 1860 267 1925 (75)
292 1849 328 1915 ἐν
346 1849 533 1937 Ἐπιδαύρῳ
557 1873 591 1914 τε
614 1848 695 1935 πρὶν
718 1847 845 1914 sarx-w
873 1853 1000 1926 νεότας·

291 1959 351 2022 τὸν
374 1959 480 2022 αίνείν
503 1956 621 2044 ἀγαθῷ
645 1955 791 2041 παρέχει·

220 2081 253 2128 70
290 2065 376 2147 ἥβαν
400 2064 462 2147 γὰρ
486 2063 547 2127 οὐκ
570 2064 724 2147 άπει-ρον
747 2062 812 2127 ὑπὸ
838 2087 901 2147 χει-

335 2181 355 2256 ᾷ
379 2175 489 2234 καλῶν
512 2171 667 2253 δάμασεν.

209 2384 273 2435 Eur.
295 2381 326 2436 fr.
347 2398 386 2435 roe
405 2413 440 2420 —
459 2387 500 2434 63.
520 2386 662 2450 χεραιρετε
682 2380 753 2434 coni.
769 2380 873 2436 Bothe:
893 2378 1052 2450 γεραίρεται
1067 2383 1096 2436 D
1115 2414 1147 2421 -
1168 2378 1205 2436 διν
1223 2380 1314 2444 νάπος
1332 2382 1403 2436 coni.
1419 2383 1489 2437 Her-

210 2471 308 2508 mann:
334 2450 445 2513 άνάπος
463 2453 504 2519 D,
532 2449 568 2505 ἂν
593 2449 682 2505 πέδον
701 2451 784 2505 Tricl.
804 2484 839 2491 -
863 2457 905 2506 65.
932 2454 1062 2515 κάκεῑνος
1088 2452 1168 2506 codd.
1192 2485 1227 2492 -
1251 2453 1367 2526 ἀφύκτῳ
1393 2452 1489 2510 Trici:

209 2525 317 2594 άφόκτε
337 2523 366 2577 D
386 2555 418 2563 -
438 2524 497 2593 χερί
515 2522 612 2578 Tricl:
632 2524 703 2592 χειρί
723 2524 752 2577 D
771 2555 805 2563 -
824 2523 874 2577 τδν
892 2524 944 2593 μὲν
963 2523 1050 2578 Tricl:
1070 2523 1101 2576 τὸ
1120 2522 1172 2592 μὲν
1187 2524 1216 2576 D
1237 2556 1269 2564 —
1289 2523 1372 2594 γενεὰ
1392 2524 1488 2581 Trici:

209 2596 311 2667 γενεάν
329 2597 371 2659 D;
398 2594 574 2662 fortunate
599 2594 682 2663 γενεά
706 2627 741 2633 -
765 2600 805 2648 67.
833 2593 980 2649 άλκαθόου
1006 2594 1105 2650 Trici:
1131 2594 1262 2649 dissideo
1286 2594 1315 2648 D
1339 2628 1371 2635 —
1397 2601 1439 2651 68.
1459 2595 1490 2651 ἐκ

210 2666 306 2722 Tricl:
327 2666 352 2721 ελ
366 2667 396 2720 D
410 2697 442 2706 —
458 2667 525 2735 πρὶν
540 2665 636 2719 ἔδεκτο
651 2663 749 2727 νεότας
763 2664 833 2720 coni.
849 2667 903 2720 Ber
923 2665 956 2721 lr:
977 2663 1075 2729 νεότας
1089 2667 1156 2734 πρὶν
1171 2665 1267 2721 ἔδεκτο
1281 2665 1370 2733 codd,
1391 2665 1489 2731 νεότας

210 2737 307 2793 δέκετο
326 2734 393 2805 πρίν
412 2737 482 2791 coni.
498 2737 640 2792 Hermann
659 2768 694 2776 -
713 2742 754 2790 69.
775 2736 890 2807 παρέχει
903 2684 1007 2793 glricla
1026 2736 1160 2807 παρέχειν
1175 2738 1204 2791 D
1222 2769 1255 2777 -
1276 2743 1317 2791 70.
1337 2746 1399 2807 χειᾶ
1419 2738 1489 2805 (sine

209 2815 263 2880 πω)
282 2809 378 2865 Tricl:
398 2806 445 2880 χία
465 2808 520 2879 (vel
541 2807 593 2879 χόα
613 2808 718 2878 potius)
736 2827 780 2861 πω
799 2807 836 2862 D.

211 2956 335 3008 mortuos
350 2949 521 3006 carminibus
536 2951 659 3020 dearum,
670 2951 822 3019 Musarum,
838 2953 978 3018 ornarent,
993 2950 1046 3005 hoc
1060 2949 1139 3005 cadit
1153 2950 1240 3005 etiam
1255 2950 1284 3003 in
1298 2950 1350 3005 hoc
1366 2954 1489 3022 tempus;

211 3024 245 3078 cf.
267 3022 298 3079 0,
317 3043 338 3076 n
357 3040 391 3078 τι.
420 3022 449 3078 P.
469 3042 480 3075 r
498 3037 524 3076 aa
547 3054 582 3062 -
605 3028 647 3076 62.
672 3027 814 3077 Μοισαῖον
838 3021 926 3092 ἅρμα,
952 3022 988 3076 de
1007 3021 1095 3075 Musis
1115 3039 1196 3077 curru
1215 3022 1396 3092 vehentibus,
1415 3024 1489 3077 unde

211 3095 305 3150 soluta
329 3093 420 3148 oratio
443 3092 582 3163 pedestris
602 3093 679 3147 dicta
698 3096 748 3162 est,
768 3093 832 3147 vide
852 3094 871 3148 l.
891 3112 941 3148 111
962 3097 991 3148 et
1010 3093 1040 3149 0.
1060 3113 1088 3148 vr
1107 3109 1132 3148 se
1153 3127 1184 3134 -
1205 3093 1371 3161 Νικοκλέος,
1395 3094 1489 3164 patrui

212 3167 450 3236 (πατραδελφεοῦ)
469 3163 609 3232 Cleandri,
628 3168 661 3217 ut
679 3181 712 3218 er
727 3184 752 3220 v.
767 3181 793 3220 eo
808 3168 938 3235 apparet;
958 3181 1021 3218 eum
1040 3156 1126 3234 paulo
1146 3168 1213 3219 ante
1231 3164 1261 3217 in
1279 3182 1375 3235 pugna
1394 3166 1490 3220 navali

213 3238 288 3307 apud
310 3237 441 3306 Mycalen
471 3235 606 3290 cecidisse
630 3239 695 3289 sunt
718 3236 766 3304 qui
790 3253 823 3290 ex
847 3236 1056 3305 comparatione
1081 3254 1144 3290 curn
1162 3235 1272 3290 Achille
1296 3236 1438 3290 coniciant
1457 3270 1488 3278 -

213 3315 255 3363 63,
279 3317 389 3378 μνᾶμα,
413 3308 623 3362 monumentum
647 3306 814 3377 sepulcrale,
839 3311 871 3361 ut
894 3307 1099 3378 epigrammata
1118 3307 1147 3360 in
1166 3307 1300 3362 honorem
1319 3310 1491 3363 mortuorum

214 3380 370 3451 ίπιθόμβιτι
395 3379 462 3433 ἔπεα
486 3377 606 3432 audiunt
625 3410 658 3418 -
677 3384 719 3433 64.
741 3376 870 3447 Δωρίων,
893 3379 968 3447 quod
992 3378 1141 3445 Corinthii,
1166 3378 1214 3446 qui
1238 3378 1319 3433 ludos
1343 3379 1489 3433 Isthmicos

214 3450 460 3516 administrabant,
479 3450 566 3504 Dores
585 3453 665 3504 erant
688 3453 717 3504 et
738 3450 877 3504 Pindarus
896 3449 1016 3504 Doribus
1036 3449 1201 3504 blandiendi
1220 3449 1404 3517 occasionem,
1423 3453 1455 3503 ut
1473 3468 1491 3504 a

214 3522 316 3591 quibus
335 3520 455 3576 salutem
474 3520 583 3591 patriae
603 3520 694 3590 magis
709 3538 794 3590 quam
809 3521 845 3575 ab
860 3520 1079 3575 Atheniensibus
1094 3520 1208 3574 ionibus
1223 3525 1356 3589 speraret,
1371 3520 1491 3590 arripuit

215 3627 247 3635 —
267 3595 455 3662 περικτίονας·
480 3592 529 3661 qui
552 3592 681 3646 ludorum
704 3591 900 3647 Isthmicornm
923 3591 1074 3674 participes
1099 3594 1180 3646 erant
1203 3593 1232 3645 et
1255 3592 1342 3646 etiam
1364 3592 1399 3646 N.
1418 3611 1447 3645 rv
1464 3609 1491 3647 ιι

215 3662 395 3734 δμφικτίονες
421 3663 541 3718 andiunt
566 3697 598 3705 -
625 3670 667 3718 65.
695 3664 743 3716 aul
768 3672 860 3726 κεῖνος
885 3665 970 3730 ἀνήρ·
997 3662 1140 3730 Nrcocles,
1166 3665 1198 3716 ut
1223 3661 1290 3716 olim
1312 3663 1437 3718 Achilles
1457 3696 1489 3704 -

215 3743 257 3791 65.
284 3733 452 3806 κατελέγχει·
478 3753 534 3789 non
559 3735 695 3790 dedecore
720 3738 852 3803 patruum
878 3733 967 3787 afficit
992 3733 1143 3803 patruelis,
1169 3735 1201 3786 ut
1224 3733 1272 3801 qni
1295 3733 1401 3788 virtute
1428 3752 1491 3788 eum

215 3808 384 3873 aemulatum
413 3806 447 3862 cf.
466 3806 501 3860 N.
521 3825 551 3858 rn
575 3824 607 3861 ra.
645 3807 665 3858 l.
685 3826 716 3858 nr
739 3822 778 3873 ¹43
806 3804 906 3859 melius
935 3807 1029 3859 autern
1056 3804 1128 3859 haec
1155 3803 1296 3858 sententia
1324 3805 1491 3875 exprimere-

215 3883 272 3947 tur,
296 3878 320 3932 si
343 3877 479 3948 patmelis
502 3877 595 3958 potius
618 3894 703 3945 quam
726 3879 843 3947 patruus
868 3874 992 3944 epitheto
1016 3884 1111 3944 κριτοῦ
1133 3878 1279 3929 ornaretur
1301 3908 1336 3915 -
1359 3882 1400 3930 67.
1424 3897 1490 3946 μυρ-

216 3949 294 4013 σίνας
312 3947 467 4018 στέφανον·
486 3948 552 4001 h1nc
570 3948 662 4002 elucet
680 3947 754 4002 ludis
768 3946 981 4017 Megarensibus
996 3944 1157 4015 (Ἀλκαθόου
1172 3948 1272 4016 ἀγῶνι)
1287 3950 1315 4000 et
1329 3947 1491 4017 Epidauriis

215 4038 346 4075 coronam
365 4022 501 4088 myrteam
520 4019 676 4074 mercedem
695 4018 794 4074 victori
814 4020 911 4073 datam
930 4034 999 4086 esse,
1019 4018 1149 4086 quamvis
1167 4017 1239 4071 nihil
1259 4018 1294 4072 de
1313 4017 1366 4071 hac
1385 4035 1416 4072 re
1433 4036 1490 4073 me-

216 4091 321 4146 moriae
335 4090 472 4145 traditum
486 4090 653 4158 invenerim,
673 4090 743 4145 bene
763 4092 858 4144 autem
876 4089 942 4143 huic
960 4088 1001 4143 rei
1015 4089 1153 4156 convenit,
1169 4088 1244 4158 quod
1258 4105 1323 4142 rere
1338 4089 1492 4160 incipiente

216 4163 275 4216 ludi
295 4163 472 4233 Megarenses
495 4161 555 4216 fieri
580 4162 741 4231 traduntur;
761 4180 787 4218 v.
806 4162 878 4216 Prol.
897 4180 932 4215 xc
950 4192 985 4201 —
1005 4161 1056 4215 τόν
1074 4160 1157 4234 τόχῳ,
1184 4177 1247 4214 cum
1273 4158 1349 4214 felici
1376 4164 1491 4228 eventu,

215 4236 250 4289 ci.
270 4235 303 4288 N.
323 4253 351 4287 vr
369 4250 395 4289 aa
414 4267 447 4274 —
473 4240 514 4290 69,
541 4231 670 4304 παρέχει,
696 4238 855 4308 promptum
881 4235 938 4303 est,
964 4232 1057 4299 decet,
1084 4247 1157 4300 quas
1182 4230 1318 4285 neutralis
1345 4231 1387 4285 vis
1413 4232 1491 4286 verbi

215 4303 349 4374 παρέχειν
374 4322 430 4360 non
457 4305 546 4359 solum
566 4324 583 4359 a
602 4304 707 4375 poetis,
734 4310 765 4360 ut
789 4306 998 4372 Eur.lll.1oso,
1026 4303 1075 4357 sed
1099 4302 1186 4357 etiem
1206 4319 1223 4356 a
1242 4303 1440 4373 scriptoribus,
1461 4306 1493 4357 ut

216 4393 299 4445 saepe
314 4376 351 4430 ab
366 4377 507 4431 Herodoto
527 4380 664 4447 usurpata
683 4380 773 4432 cst-
789 4382 831 4431 70.
851 4380 950 4430 constr.
967 4375 1021 4430 άπε
1053 4394 1086 4428 ον
1104 4379 1204 4428 καλῶν.
1220 4372 1347 4444 δάμασεν
1362 4374 1492 4429 similiter

215 4451 301 4516 atque
320 4445 481 4517 δαμαλίζειν
499 4447 528 4503 Ρ.
543 4467 561 4502 v
575 4464 613 4502 τττ
628 4448 796 4502 ίτιττττίττίιττττ
811 4447 868 4500 vim
886 4447 1021 4517 perdendi
1061 4445 1147 4500 abere
1164 4445 1291 4514 ridetur,
1310 4464 1376 4500 nam
1395 4445 1443 4515 qui
1462 4446 1492 4500 in

215 4518 344 4573 latibulis
368 4535 461 4573 exsors
485 4535 576 4573 rerum
601 4519 780 4573 honestarum
805 4517 897 4590 degit,
920 4518 944 4572 is
968 4518 1056 4572 vitam
1080 4516 1163 4587 quasi
1182 4519 1346 4589 corrumpit,
1372 4516 1491 4571 similem

215 4590 385 4646 sententiam
404 4590 491 4645 habes
512 4590 542 4644 0.
562 4608 572 4641 1
590 4604 625 4646 so.

746 4808 958 4816 m-
