3406 5378
736 291 882 342 PINDARI
901 289 1065 341 semeis.

448 474 464 520 s
484 456 693 530 Πυθιόνικος
716 450 787 518 ἕνθ’
815 493 829 502 -
852 451 1016 537 ὀλβίοισιν
1035 450 1242 536 Ἐμμενίδαις

482 565 624 648 ποταμίᾳ
647 558 676 624 τ’
699 558 893 645 Ἀκράγαντι
917 556 971 623 καὶ
994 559 1060 643 μάν
1083 556 1278 642 Ξενοκράτει

482 666 610 752 ἑτοῖμος
632 668 748 752 ύμνων

482 776 653 860 θησαυρὸς
677 773 712 839 ἐν
734 774 931 860 πολυχρύσῳ

478 881 684 968 Ἀπολλωνίᾳ
706 884 897 964 τετείχισται
920 878 1020 966 νάπᾳ·

432 1097 464 1144 10
483 1080 542 1143 τὸν
565 1080 640 1143 οὔτε
664 1077 842 1164 χει-μέριος
865 1079 988 1163 ὄμβρος
1011 1075 1149 1163 ἐπᾷιιτὸς
1171 1075 1296 1157 ἐλθών,
1352 1080 1431 1160 Στρ.
1454 1073 1497 1158 β’.

484 1185 662 1271 ἐριβρόμου
685 1182 825 1268 νεφέλας

484 1292 623 1377 στρατὸς
645 1290 828 1375 ἀμείλιχος,
851 1289 921 1355 οὔτ’
948 1291 1067 1374 ἄνεμος
1090 1287 1122 1364 ἐς
1144 1290 1269 1372 μυχοὺς

485 1398 564 1473 ἁλὸς
587 1395 708 1474 άξ-οισι
730 1398 894 1483 παμφόρῳ
918 1392 1031 1481 χεράδι

486 1505 699 1588 τυπτόμενον.
745 1503 822 1586 φάει
845 1544 859 1552 -
883 1500 919 1567 δὲ
942 1504 1120 1588 πρόσωπον
1144 1499 1180 1566 ἐν
1202 1508 1339 1588 καθαρᾷ

435 1629 467 1676 15
486 1609 584 1696 πατρὶ
608 1618 684 1699 τεῷ,
711 1610 942 1696 Θρασύβουλε,
965 1608 1081 1674 κοινάν
1103 1632 1137 1673 τε
1161 1619 1257 1695 γενεᾷ

487 1721 614 1800 λόγοισι
636 1723 774 1781 θνατῶν

487 1823 624 1902 εὔδοξον
648 1824 767 1909 ἅρματι
791 1825 887 1888 νίκαν

491 1934 663 2014 Κρισειιάις
686 1928 735 1994 ε’νὶ
757 1941 896 2014 πτυχαῖς
920 1928 1103 2013 ἀπαγγελεῖ.

346 2114 387 2162 10.
416 2107 479 2161 ούτε
501 2107 527 2161 V
549 2110 578 2159 et
603 2104 721 2162 scholia:
752 2105 785 2159 ού
808 2106 929 2173 RBE,
958 2105 1019 2175 ούχλ
1040 2103 1122 2158 Tricl.
1150 2134 1181 2143 -
1207 2103 1324 2178 ἐπᾷκτὸς
1348 2104 1417 2158 coni.
1440 2103 1545 2173 Bergk:

275 2178 394 2237 ἐπακτὸς
412 2178 492 2233 codd.
512 2209 547 2217 -
567 2184 607 2232 12.
635 2176 737 2247 ἄνεμος
755 2178 833 2232 BD:
861 2177 956 2248 ἄνεμοι
977 2177 1008 2231 Ε
1029 2179 1057 2229 et
1076 2174 1161 2231 schol.
1181 2207 1214 2215 —
1235 2181 1276 2231 13,
1302 2176 1364 2230 fort.
1386 2176 1496 2242 άξοντι,
1516 2179 1545 2228 at

274 2250 345 2304 conf.
365 2250 394 2305 P.
410 2269 438 2302 rx
457 2266 490 2304 ss.
518 2269 536 2302 x
553 2265 587 2304 ss.
616 2267 655 2301 αα
673 2266 707 2304 ιο.
735 2248 769 2302 N.
790 2268 817 2302 rx
835 2266 868 2303 ιι.
898 2248 918 2302 Ι.
934 2268 961 2301 vr
980 2265 1005 2302 ss
1028 2278 1064 2287 —
1083 2253 1123 2301 14.
1147 2245 1320 2317 anastaseos
1343 2246 1413 2301 coni.
1433 2247 1545 2302 Dawes:

275 2318 442 2391 τυπτόμενοι
459 2321 565 2375 BDE
576 2323 605 2374 et
619 2319 714 2387 schol,
729 2317 897 2390 τυπτόμενος
912 2320 942 2387 V,
979 2317 1074 2385 εράόει
1093 2317 1219 2372 σποδέων
1238 2323 1288 2372 aut
1306 2319 1376 2388 legit
1394 2320 1444 2372 aut
1462 2318 1546 2372 inter-

274 2395 402 2463 pretatur
415 2392 459 2447 Et.
475 2392 511 2446 M.
526 2409 575 2460 sos,
589 2408 623 2460 aa,
639 2391 734 2457 άξοιτο
747 2389 897 2462 παμφόρος
911 2395 940 2445 et
954 2341 1112 2445 ύνσποόέοιν
1126 2389 1197 2444 coni.
1207 2389 1383 2444 Bomemann
1397 2389 1497 2445 Philol.
1512 2407 1546 2456 ar,

276 2481 323 2533 ιον,
339 2463 527 2532 τυπτομένους
541 2462 611 2518 coni.
626 2463 747 2517 Leutsch
763 2495 794 2503 —·
811 2468 852 2516 18.
872 2458 1042 2531 κρισαίαισιν
1057 2461 1098 2516 aa
1111 2480 1165 2515 πτυ
1184 2469 1259 2516 αλοιν
1273 2461 1343 2531 BD,
1358 2478 1427 2515 corr.
1442 2461 1547 2514 Mosch.

276 2566 309 2576 -
328 2536 480 2605 ἀπαγγελεῖ
497 2534 579 2606 Byr:
601 2531 683 2588 -tata
701 2535 736 2601 Β,
756 2533 823 2588 -ίλει
842 2534 879 2602 D,
898 2535 1063 2603 ἀπαγγελεῖς
1081 2531 1152 2587 coni.
1196 2548 1265 2601 eyne
1284 2565 1318 2572 -

276 2676 427 2747 imaginem
450 2676 526 2731 vocis
551 2675 627 2729 chon'
655 2708 685 2715 —
714 2682 737 2729 ὅ.
759 2672 949 2745 Ἐμμενίδαις,
975 2674 1054 2743 genti
1077 2674 1241 2728 Xenocratis
1265 2678 1294 2727 et
1312 2673 1447 2728 Theronis
1466 2675 1546 2744 Agri-

278 2747 424 2819 gentinae,
448 2748 482 2802 de
501 2764 557 2816 qua
576 2747 640 2801 vide
659 2746 691 2801 Ο.
706 2766 736 2798 nr
751 2764 776 2801 ss
795 2749 824 2800 et
842 2746 874 2801 Ο.
888 2765 909 2798 rr
928 2764 986 2816 arg.
1005 2778 1039 2785 -
1060 2753 1083 2800 6.
1103 2746 1151 2799 καὶ
1169 2744 1226 2815 μὰν
1250 2744 1431 2813 ΞενοκράτειΙ
1458 2746 1546 2800 Xeno·

275 2819 346 2874 crati
370 2818 444 2889 patri
463 2817 646 2887 Thrasybuli,
670 2817 718 2886 qui
741 2817 831 2871 victor
853 2817 1029 2871 renuntiatus
1052 2820 1114 2871 erat
1136 2849 1171 2856 -
1195 2823 1218 2871 8.
1243 2814 1398 2886 θησαυρός·
1423 2818 1547 2871 carmina

277 2909 337 2945 corn
359 2894 474 2944 urantur
483 2890 623 2959 thesauro,
634 2889 731 2958 quales
745 2888 850 2941 multas
865 2888 995 2943 civitates
1010 2888 1046 2942 sd
1061 2887 1222 2958 recipienda
1235 2888 1310 2943 dona
1325 2893 1353 2942 et
1366 2894 1548 2942 monumenta

276 2961 346 3032 Deip
367 2962 391 3014 is
415 2964 443 3015 et
462 2960 609 3031 Olympiae
633 2960 795 3014 aedificatos
819 2959 951 3014 habuisse
975 2962 1097 3025 constat3
1124 2963 1208 3029 atque
1231 2959 1325 3014 nescio
1349 2978 1385 3014 an
1409 2960 1547 3013 Pindarus

279 3032 455 3101 Thrasybulo
474 3031 564 3085 amico
584 3034 681 3085 auctor
699 3031 784 3085 fuerit
803 3030 924 3085 carmine
944 3048 1045 3085 canoro
1064 3031 1158 3101 potius
1177 3049 1261 3100 quam
1282 3031 1311 3084 la
1332 3030 1395 3085 ideo
1416 3032 1548 3086 thesauro

277 3103 396 3174 gloriam
415 3102 507 3173 gentis
526 3102 694 3156 illustrandi.
719 3101 965 3172 Agrigentinorum
988 3101 1100 3171 quidem
1124 3104 1286 3156 thesaurum
1308 3050 1456 3171 lis-ahicam
1477 3103 1547 3155 Pau-

278 3174 371 3228 sanias
390 3174 471 3228 novit
489 3173 596 3227 nullum
617 3207 649 3213 —
668 3174 841 3245 πολυχρύσῳ’
863 3173 896 3228 cf.
917 3174 952 3228 So
973 3174 999 3227 h.
1020 3174 1076 3229 Oli.
1094 3190 1129 3228 ιιι
1149 3182 1198 3236 τᾶς
1216 3174 1390 3243 πολυχρύσου
1409 3177 1549 3236 Πυθῶνος

279 3279 310 3286 -
329 3250 369 3299 10.
384 3245 522 3315 χειμέριος
535 3244 648 3316 ὄμβρος·
664 3244 791 3299 imitatus
806 3247 849 3298 est
863 3244 936 3298 hunc
950 3193 1043 3300 lbcum
1052 3244 1185 3299 Horatius
1196 3243 1224 3300 C.
1234 3264 1265 3298 nr
1280 3261 1314 3313 so,
1326 3264 1349 3300 1:
1364 3248 1440 3316 crept
1454 3263 1547 3300 morra

278 3325 394 3372 iuratam
410 3360 503 3372 .....
519 3317 590 3386 praed
612 3333 669 3370 ιιοιι
693 3318 776 3371 irater
801 3317 884 3384 sclua,
910 3334 966 3370 aaa
988 3318 1091 3386 Aqrcilo
1116 3319 1248 3386 impotens
1270 3319 1357 3386 possit
1382 3319 1491 3371 dirrare
1515 3349 1545 3356 —

282 3396 321 3442 11.
341 3387 430 3442 imber
449 3386 602 3442 hibernalis
625 3386 731 3440 irruens
757 3385 871 3456 pulchre
892 3387 993 3441 dicitur
1012 3386 1149 3442 exercitus
1168 3403 1250 3457 asper
1268 3387 1393 3441 tonantis
1412 3387 1494 3440 nubis
1514 3420 1548 3427 --

278 3466 318 3514 13.
339 3459 442 3525 ἄξοισι·
461 3458 565 3529 plurali
579 3462 663 3529 poeta
678 3457 774 3525 utitur,
792 3458 867 3527 quod
882 3458 1037 3513 coniunctis
1051 3458 1158 3512 viribus
1172 3458 1270 3512 imbris
1285 3462 1314 3513 et
1328 3458 1403 3512 venti
1419 3458 1447 3511 la
1469 3458 1548 3512 ideus

279 3531 425 3584 thesaurus
450 3530 615 3593 ‹lestruitur;
640 3532 761 3584 ceterum
785 3528 905 3583 similem
925 3533 1093 3583 structuram
1112 3530 1199 3583 habes
1218 3530 1282 3584 Eur.
1299 3529 1356 3583 Alc.
1373 3546 1419 3584 τοο.
1466 3547 1503 3583 or.
1520 3534 1547 3584 λ’.

278 3620 411 3670 11:3‚5-
431 3601 539 3670 χεράόι·
561 3600 680 3655 colluvie
699 3599 789 3655 omnis
807 3601 927 3670 generis,
947 3600 1044 3671 glarea
1062 3601 1129 3654 limo
1148 3600 1264 3670 lapillis,
1283 3601 1384 3669 quibus
1401 3601 1549 3654 thesaurus

277 3673 306 3726 vi
325 3673 401 3726 venti
421 3673 545 3726 deiectus
564 3675 593 3725 et
612 3671 709 3725 imbris
728 3671 833 3742 impetu
853 3672 964 3726 delatus
984 3671 1060 3725 l'eriri
1074 3671 1189 3741 fingitur
1205 3705 1234 3711 --
1254 3677 1293 3725 14.
1314 3671 1383 3739 φάει
1401 3670 1549 3741 πρόσωπον

278 3744 309 3798 ἐν
333 3749 463 3816 καθαρᾷ·
484 3742 646 3797 accusativo
665 3742 809 3796 relationis
829 3748 896 3812 (acc.
913 3743 962 3797 der
980 3743 1116 3798 beziehun
1137 3747 1146 3805 )
1165 3741 1314 3810 πρόσωπον
1334 3746 1417 3813 poeta
1436 3743 1549 3798 insolite

278 3832 344 3868 usus
359 3820 409 3883 est,
424 3819 569 3884 tamquam
585 3811 671 3884 ὕμνος
684 3815 807 3882 φαεννὸς
825 3831 875 3885 pro
889 3812 976 3884 ύμνος
990 3814 1020 3868 ἐν
1035 3813 1100 3882 φάει
1117 3762 1235 3868 {ixisset
1251 3847 1281 3854 --·
1299 3821 1338 3867 15.
1358 3815 1548 3886 Θρασύβουλε·

277 3890 370 3940 utrum
389 3887 449 3956 ipse
468 3904 553 3955 equos
573 3885 602 3938 in
620 3884 670 3939 illo
686 3885 835 3938 certamine
851 3885 963 3953 rexisse,
979 3903 1014 3939 an
1030 3885 1119 3938 solnm
1134 3885 1222 3955 patris
1239 3885 1379 3953 equilibus
1405 3886 1549 3940 ›raefuisse

277 3957 468 4026 Thrasybulus
492 3956 634 4038 putandus
658 3960 744 4021 esset,
764 3956 819 4009 iam
838 3959 946 4011 veteres
965 3957 1163 4026 grammaticos
1183 3956 1355 4025 quaesivisse
1374 3905 1481 4011 silrolia
1499 3958 1548 4010 do-

277 4033 353 4087 cent:
374 4031 504 4082 commoti
529 4031 622 4081 autem
643 4027 690 4080 isti
710 4043 769 4081 esse
784 4026 915 4081 ridentur
928 4027 990 4081 loco
1004 4028 1024 4082 l.
1040 4047 1060 4080 u
1075 4045 1108 4095 se,
1123 4045 1178 4096 quo
1193 4028 1362 4082 Xenocrates
1378 4028 1548 4082 Nicomacho

279 4100 379 4169 auriga
393 4101 511 4153 Athenis
531 4102 559 4152 et
573 4098 720 4167 Olympiae
740 4116 805 4153 usus
824 4115 884 4153 esse
904 4098 1013 4153 dicitur.
1043 4099 1165 4152 armiro
1184 4104 1257 4153 esset
1275 4099 1447 4169 companttio
1461 4100 1548 4153 Thra·

280 4170 372 4239 sybuli
393 4188 454 4223 cum
471 4170 629 4237 rtntiloclm,
648 4170 672 4223 si
690 4187 725 4223 ne
744 4187 829 4238 equos
849 4171 963 4239 regendi
983 4169 1096 4239 quidem
1115 4169 1267 4239 periculum
1287 4170 1346 4240 ipse
1371 4171 1550 4225 sustinuisset

279 4274 311 4282 --
326 4241 426 4295 κοινάν
439 4262 469 4295 τε
484 4246 579 4315 γενεᾷ·
596 4258 741 4295 commune
755 4241 840 4294 fuisso
855 4245 996 4296 certamen
1012 4241 1175 4295 Xenocratis
1190 4245 1219 4297 et
1232 4241 1328 4296 fratris
1343 4242 1402 4295 eius
1413 4242 1548 4296 Theronis

278 4330 310 4367 ex
330 4312 451 4366 Pindaro
471 4311 532 4381 ipso
552 4312 582 4366 Ο.
598 4332 618 4365 11
637 4330 662 4368 ει
682 4311 879 4383 comperimns3
899 4313 984 4381 quid?
1003 4313 1078 4381 quod
1096 4330 1130 4366 cx
1149 4313 1366 4368 schol.ad0.1r
1385 4330 1409 4366 ss
1429 4314 1550 4368 allicitur

278 4383 456 4437 Aristotelem
476 4381 505 4436 in
524 4383 682 4452 catalogum
699 4384 835 4438 victorum
854 4401 909 4438 noa
924 4384 1116 4451 Xenocratem,
1137 4385 1185 4438 sed
1200 4384 1354 4439 Theronem
1374 4384 1493 4439 relatum
1509 4385 1548 4439 in-

280 4454 390 4508 venisse
405 4487 437 4493 —
453 4473 482 4507 τε
502 4472 563 4508 cum
584 4455 619 4509 ad
639 4458 726 4509 totam
745 4455 914 4509 locutionem
934 4456 1033 4509 κοινὰν
1052 4461 1135 4530 γενεᾷ
1154 4456 1276 4526 positum
1295 4457 1340 4521 sit,
1359 4456 1470 4526 proprie
1488 4474 1548 4526 pcr-

277 4527 349 4579 tinct
367 4525 404 4579 ad
423 4531 513 4600 γενεᾷ,
533 4543 590 4579 non
608 4527 644 4579 ad
663 4525 774 4582 κοινάνε
795 4523 878 4580 νίκαν
892 4527 992 4581 κοινάν
1010 4528 1095 4595 πατρὶ
1113 4534 1165 4600 τεᾷ
1184 4533 1266 4601 γενεᾷ
1286 4547 1314 4581 τε
1327 4527 1500 4596 Ἔμμε-νιόῶν
1525 4563 1529 4566 -

280 4602 320 4651 18.
345 4594 492 4664 liprensium
516 4597 555 4650 ίνλ
580 4606 696 4666 πτυχαῖς
720 4597 803 4666 iunge
829 4615 891 4652 cunr
919 4601 1000 4652 νίκαν
1025 4599 1119 4668 potius
1144 4617 1229 4669 quarn
1255 4617 1317 4652 cum
1340 4599 1492 4667 ἀπαγγελεῖ
1532 4632 1547 4638 -

278 4670 440 4739 ἀπαγγελεῖ,
467 4669 628 4722 mortalium
647 4669 821 4722 sermonibus
840 4670 1030 4739 denuntiabit,
1051 4670 1069 4725 i.
1090 4687 1112 4726 e.
1133 4670 1305 4738 hominibus,
1326 4674 1357 4723 ut
1376 4670 1549 4723 sermonibus

279 4740 425 4795 victoriam
445 4741 601 4807 celebrent3
625 4741 659 4794 cf.
679 4740 707 4793 P.
728 4760 736 4792 r
755 4758 788 4795 ss.
