<?xml version="1.0" encoding="UTF-8"?>
<!DOCTYPE html PUBLIC "-//W3C//DTD XHTML 1.0 Transitional//EN"
    "http://www.w3.org/TR/xhtml1/DTD/xhtml1-transitional.dtd">
<html xmlns="http://www.w3.org/1999/xhtml" xml:lang="en" lang="en">
 <head>
  <title>
</title>
<meta http-equiv="Content-Type" content="text/html;charset=utf-8" />
  <meta name='ocr-system' content='tesseract 3.04.00' />
  <meta name='ocr-capabilities' content='ocr_page ocr_carea ocr_par ocr_line ocrx_word'/>
</head>
<body>
  <div class='ocr_page' id='page_1' title='image "./pindaricarminap00pindgoog_0131.png"; bbox 0 0 3406 5378; ppageno 0'>
   <div class='ocr_carea' id='block_1_1' title="bbox 248 278 1041 370">
    <p class='ocr_par' dir='ltr' id='par_1_1' title="bbox 248 278 1041 370">
     <span class='ocr_line' id='line_1_1' title="bbox 248 278 1041 370; baseline -0.006 0"><span class='ocrx_word' id='word_1_1' title='bbox 248 278 348 370; x_wconf 69' lang='lat' dir='ltr'><strong>&#39;cvm</strong></span> <span class='ocrx_word' id='word_1_2' title='bbox 764 304 1041 367; x_wconf 71' lang='grc' dir='ltr'><strong><em>Ραοιοοοιιεκλ.</em></strong></span> 
     </span>
    </p>
   </div>
   <div class='ocr_carea' id='block_1_2' title="bbox 261 474 1540 778">
    <p class='ocr_par' dir='ltr' id='par_1_2' title="bbox 261 474 1540 778">
     <span class='ocr_line' id='line_1_2' title="bbox 261 474 1540 565; baseline -0.005 -21"><span class='ocrx_word' id='word_1_3' title='bbox 261 480 327 544; x_wconf 86' lang='grc' dir='ltr'><strong><em>ὑπὸ</em></strong></span> <span class='ocrx_word' id='word_1_4' title='bbox 342 477 474 565; x_wconf 80' lang='grc' dir='ltr'><strong><em>Ἑρμοῦ,</em></strong></span> <span class='ocrx_word' id='word_1_5' title='bbox 493 478 529 555; x_wconf 88' lang='grc' dir='ltr'><strong><em>ὃς</em></strong></span> <span class='ocrx_word' id='word_1_6' title='bbox 548 477 657 562; x_wconf 81' lang='grc' dir='ltr'><em>χέλυν,</em></span> <span class='ocrx_word' id='word_1_7' title='bbox 677 479 694 543; x_wconf 85' lang='grc' dir='ltr'>ὅ</span> <span class='ocrx_word' id='word_1_8' title='bbox 714 476 781 542; x_wconf 82' lang='grc' dir='ltr'><strong><em>ἐστι</em></strong></span> <span class='ocrx_word' id='word_1_9' title='bbox 800 478 916 563; x_wconf 86' lang='grc' dir='ltr'><strong><em>λύραν,</em></strong></span> <span class='ocrx_word' id='word_1_10' title='bbox 936 475 967 553; x_wconf 80' lang='grc' dir='ltr'><strong><em>ἐξ</em></strong></span> <span class='ocrx_word' id='word_1_11' title='bbox 984 475 1147 561; x_wconf 77' lang='grc' dir='ltr'><strong><em>ὀστράκου</em></strong></span> <span class='ocrx_word' id='word_1_12' title='bbox 1162 480 1382 539; x_wconf 78' lang='grc' dir='ltr'><strong><em>συντεθεῖσαν</em></strong></span> <span class='ocrx_word' id='word_1_13' title='bbox 1395 474 1540 557; x_wconf 76' lang='grc' dir='ltr'><em>χελώνης</em></span> 
     </span>
     <span class='ocr_line' id='line_1_3' title="bbox 262 577 1538 674; baseline -0.006 -22"><span class='ocrx_word' id='word_1_14' title='bbox 262 589 343 663; x_wconf 90' lang='grc' dir='ltr'><strong><em>δοὺς</em></strong></span> <span class='ocrx_word' id='word_1_15' title='bbox 370 597 415 674; x_wconf 80' lang='grc' dir='ltr'><strong><em>τῷ</em></strong></span> <span class='ocrx_word' id='word_1_16' title='bbox 442 590 554 674; x_wconf 84' lang='grc' dir='ltr'><strong><em>Φοίβῳ</em></strong></span> <span class='ocrx_word' id='word_1_17' title='bbox 579 584 655 650; x_wconf 79' lang='grc' dir='ltr'><strong><em>ἀντὶ</em></strong></span> <span class='ocrx_word' id='word_1_18' title='bbox 678 588 768 667; x_wconf 87' lang='grc' dir='ltr'><strong><em>βοῶν</em></strong></span> <span class='ocrx_word' id='word_1_19' title='bbox 791 590 927 668; x_wconf 88' lang='grc' dir='ltr'><strong><em>κλοπής,</em></strong></span> <span class='ocrx_word' id='word_1_20' title='bbox 955 583 1061 661; x_wconf 78' lang='grc' dir='ltr'><strong><em>οὕτως</em></strong></span> <span class='ocrx_word' id='word_1_21' title='bbox 1083 581 1222 647; x_wconf 77' lang='grc' dir='ltr'><strong><em>ἐλύσατο</em></strong></span> <span class='ocrx_word' id='word_1_22' title='bbox 1245 579 1350 668; x_wconf 79' lang='grc' dir='ltr'><strong><em>έαντςδ</em></strong></span> <span class='ocrx_word' id='word_1_23' title='bbox 1373 581 1432 645; x_wconf 88' lang='grc' dir='ltr'><strong><em>τὸν</em></strong></span> <span class='ocrx_word' id='word_1_24' title='bbox 1454 577 1538 665; x_wconf 72' lang='grc' dir='ltr'><strong><em>ὑπὲρ</em></strong></span> 
     </span>
     <span class='ocr_line' id='line_1_4' title="bbox 262 690 1229 778; baseline -0.007 -18"><span class='ocrx_word' id='word_1_25' title='bbox 262 703 322 760; x_wconf 89' lang='grc' dir='ltr'><strong><em>τοῦ</em></strong></span> <span class='ocrx_word' id='word_1_26' title='bbox 345 693 527 778; x_wconf 75' lang='grc' dir='ltr'><strong><em>κλέμματος</em></strong></span> <span class='ocrx_word' id='word_1_27' title='bbox 549 696 664 777; x_wconf 83' lang='grc' dir='ltr'><strong><em>χόλον,</em></strong></span> <span class='ocrx_word' id='word_1_28' title='bbox 688 696 821 776; x_wconf 88' lang='grc' dir='ltr'><strong><em>λέγουσι</em></strong></span> <span class='ocrx_word' id='word_1_29' title='bbox 843 690 899 756; x_wconf 77' lang='grc' dir='ltr'><strong><em>καί</em></strong></span> <span class='ocrx_word' id='word_1_30' title='bbox 922 691 1006 756; x_wconf 83' lang='grc' dir='ltr'><strong><em>αὐτά</em></strong></span> <span class='ocrx_word' id='word_1_31' title='bbox 1030 691 1065 755; x_wconf 86' lang='grc' dir='ltr'><strong><em>οί</em></strong></span> <span class='ocrx_word' id='word_1_32' title='bbox 1084 692 1229 755; x_wconf 89' lang='grc' dir='ltr'><strong><em>παλαιοί.</em></strong></span> 
     </span>
    </p>
   </div>
   <div class='ocr_carea' id='block_1_3' title="bbox 424 991 1376 1203">
    <p class='ocr_par' dir='ltr' id='par_1_3' title="bbox 424 991 1376 1203">
     <span class='ocr_line' id='line_1_5' title="bbox 886 991 917 1045; baseline 0 0"><span class='ocrx_word' id='word_1_33' title='bbox 886 991 917 1045; x_wconf 91' lang='lat' dir='ltr'><strong><em>D.</em></strong></span> 
     </span>
     <span class='ocr_line' id='line_1_6' title="bbox 424 1117 1376 1203; baseline -0.004 -16"><span class='ocrx_word' id='word_1_34' title='bbox 424 1123 503 1188; x_wconf 77' lang='lat' dir='ltr'>Vita</span> <span class='ocrx_word' id='word_1_35' title='bbox 525 1139 545 1187; x_wconf 79' lang='grc' dir='ltr'><strong><em>ε</em></strong></span> <span class='ocrx_word' id='word_1_36' title='bbox 568 1121 686 1186; x_wconf 67' lang='lat' dir='ltr'><strong>Thomu</strong></span> <span class='ocrx_word' id='word_1_37' title='bbox 708 1119 864 1203; x_wconf 71' lang='lat' dir='ltr'><strong>Magistro</strong></span> <span class='ocrx_word' id='word_1_38' title='bbox 888 1137 928 1184; x_wconf 80' lang='lat' dir='ltr'><strong><em>ox</em></strong></span> <span class='ocrx_word' id='word_1_39' title='bbox 951 1120 1060 1185; x_wconf 69' lang='lat' dir='ltr'>vetere</span> <span class='ocrx_word' id='word_1_40' title='bbox 1083 1117 1155 1183; x_wconf 79' lang='lat' dir='ltr'><strong>vita</strong></span> <span class='ocrx_word' id='word_1_41' title='bbox 1178 1119 1376 1184; x_wconf 72' lang='lat' dir='ltr'><strong>concinnata.</strong></span> 
     </span>
    </p>
   </div>
   <div class='ocr_carea' id='block_1_4' title="bbox 204 1260 1629 4558">
    <p class='ocr_par' dir='ltr' id='par_1_4' title="bbox 204 1260 1629 4558">
     <span class='ocr_line' id='line_1_7' title="bbox 350 1260 1629 1349; baseline -0.003 -19"><span class='ocrx_word' id='word_1_42' title='bbox 350 1267 520 1349; x_wconf 89' lang='grc' dir='ltr'><strong><em>Πίνδαρος</em></strong></span> <span class='ocrx_word' id='word_1_43' title='bbox 551 1267 588 1329; x_wconf 89' lang='grc' dir='ltr'><strong><em>τὸ</em></strong></span> <span class='ocrx_word' id='word_1_44' title='bbox 621 1260 681 1348; x_wconf 73' lang='grc' dir='ltr'><strong><em>μὲν</em></strong></span> <span class='ocrx_word' id='word_1_45' title='bbox 713 1263 809 1347; x_wconf 88' lang='grc' dir='ltr'><strong><em>γένος</em></strong></span> <span class='ocrx_word' id='word_1_46' title='bbox 839 1267 983 1346; x_wconf 80' lang='grc' dir='ltr'><strong><em>Θηβαῖος</em></strong></span> <span class='ocrx_word' id='word_1_47' title='bbox 1014 1264 1089 1339; x_wconf 85' lang='grc' dir='ltr'><strong><em>υίὸς</em></strong></span> <span class='ocrx_word' id='word_1_48' title='bbox 1115 1261 1314 1346; x_wconf 73' lang='grc' dir='ltr'><strong><em>Δαϊφάντου</em></strong></span> <span class='ocrx_word' id='word_1_49' title='bbox 1346 1263 1428 1327; x_wconf 85' lang='grc' dir='ltr'><strong><em>κατά</em></strong></span> <span class='ocrx_word' id='word_1_50' title='bbox 1460 1265 1538 1338; x_wconf 88' lang='grc' dir='ltr'><strong><em>τοὺς</em></strong></span> <span class='ocrx_word' id='word_1_51' title='bbox 1621 1318 1629 1341; x_wconf 82' lang='grc'><strong><em>,</em></strong></span> 
     </span>
     <span class='ocr_line' id='line_1_8' title="bbox 227 1364 1538 1456; baseline -0.001 -20"><span class='ocrx_word' id='word_1_52' title='bbox 227 1371 519 1456; x_wconf 80' lang='grc' dir='ltr'><strong><em>οάληθεστέρους,</em></strong></span> <span class='ocrx_word' id='word_1_53' title='bbox 543 1372 577 1437; x_wconf 75' lang='lat' dir='ltr'><strong><em>oc</em></strong></span> <span class='ocrx_word' id='word_1_54' title='bbox 598 1369 633 1436; x_wconf 70' lang='grc' dir='ltr'><strong><em>δὲ</em></strong></span> <span class='ocrx_word' id='word_1_55' title='bbox 658 1375 866 1436; x_wconf 86' lang='grc' dir='ltr'><strong><em>Σκοπελίνου</em></strong></span> <span class='ocrx_word' id='word_1_56' title='bbox 891 1375 1005 1456; x_wconf 86' lang='grc' dir='ltr'><strong><em>φασίν,</em></strong></span> <span class='ocrx_word' id='word_1_57' title='bbox 1029 1371 1064 1434; x_wconf 77' lang='grc' dir='ltr'><strong><em>οἱ</em></strong></span> <span class='ocrx_word' id='word_1_58' title='bbox 1084 1364 1121 1433; x_wconf 72' lang='grc' dir='ltr'><strong><em>δὲ</em></strong></span> <span class='ocrx_word' id='word_1_59' title='bbox 1144 1369 1203 1433; x_wconf 87' lang='grc' dir='ltr'><strong><em>τὸν</em></strong></span> <span class='ocrx_word' id='word_1_60' title='bbox 1226 1369 1329 1435; x_wconf 87' lang='grc' dir='ltr'><strong><em>αὐτὸν</em></strong></span> <span class='ocrx_word' id='word_1_61' title='bbox 1352 1372 1538 1455; x_wconf 90' lang='grc' dir='ltr'><strong><em>Παγωμίδα</em></strong></span> 
     </span>
     <span class='ocr_line' id='line_1_9' title="bbox 258 1473 1538 1564; baseline -0.003 -19"><span class='ocrx_word' id='word_1_62' title='bbox 258 1479 314 1545; x_wconf 82' lang='grc' dir='ltr'><strong><em>καὶ</em></strong></span> <span class='ocrx_word' id='word_1_63' title='bbox 339 1485 512 1564; x_wconf 89' lang='grc' dir='ltr'><strong><em>Μυρτοῦς,</em></strong></span> <span class='ocrx_word' id='word_1_64' title='bbox 540 1479 604 1544; x_wconf 85' lang='grc' dir='ltr'><strong><em>ἀπὸ</em></strong></span> <span class='ocrx_word' id='word_1_65' title='bbox 629 1480 739 1563; x_wconf 80' lang='grc' dir='ltr'><strong><em>κώμης</em></strong></span> <span class='ocrx_word' id='word_1_66' title='bbox 764 1483 1024 1562; x_wconf 84' lang='grc' dir='ltr'><strong><em>Κυνοσκεφαλής</em></strong></span> <span class='ocrx_word' id='word_1_67' title='bbox 1046 1473 1258 1560; x_wconf 88' lang='grc' dir='ltr'><strong><em>καλουμένης.</em></strong></span> <span class='ocrx_word' id='word_1_68' title='bbox 1304 1477 1324 1560; x_wconf 86' lang='grc' dir='ltr'><strong><em>ή</em></strong></span> <span class='ocrx_word' id='word_1_69' title='bbox 1349 1474 1384 1542; x_wconf 71' lang='grc' dir='ltr'><strong><em>δέ</em></strong></span> <span class='ocrx_word' id='word_1_70' title='bbox 1408 1478 1538 1564; x_wconf 87' lang='grc' dir='ltr'><strong><em>Μυρτὼ</em></strong></span> 
     </span>
     <span class='ocr_line' id='line_1_10' title="bbox 260 1582 1538 1674; baseline -0.002 -22"><span class='ocrx_word' id='word_1_71' title='bbox 260 1586 409 1671; x_wconf 79' lang='grc' dir='ltr'><strong><em>ἐγαμήθη</em></strong></span> <span class='ocrx_word' id='word_1_72' title='bbox 439 1588 631 1674; x_wconf 80' lang='grc' dir='ltr'><strong><em>Σκοπελίνῳ</em></strong></span> <span class='ocrx_word' id='word_1_73' title='bbox 664 1596 710 1674; x_wconf 79' lang='grc' dir='ltr'><strong><em>τῷ</em></strong></span> <span class='ocrx_word' id='word_1_74' title='bbox 743 1586 882 1670; x_wconf 83' lang='grc' dir='ltr'><strong><em>αὐλητή,</em></strong></span> <span class='ocrx_word' id='word_1_75' title='bbox 915 1583 952 1660; x_wconf 86' lang='grc' dir='ltr'><strong><em>ὃς</em></strong></span> <span class='ocrx_word' id='word_1_76' title='bbox 983 1586 1045 1669; x_wconf 83' lang='grc' dir='ltr'><strong><em>τὴν</em></strong></span> <span class='ocrx_word' id='word_1_77' title='bbox 1075 1582 1256 1667; x_wconf 86' lang='grc' dir='ltr'><strong><em>αὐλητικήν</em></strong></span> <span class='ocrx_word' id='word_1_78' title='bbox 1283 1584 1450 1650; x_wconf 74' lang='grc' dir='ltr'><strong><em>διδάσκων</em></strong></span> <span class='ocrx_word' id='word_1_79' title='bbox 1478 1586 1538 1650; x_wconf 88' lang='grc' dir='ltr'><strong><em>τὸν</em></strong></span> 
     </span>
     <span class='ocr_line' id='line_1_11' title="bbox 261 1687 1537 1779; baseline -0.002 -20"><span class='ocrx_word' id='word_1_80' title='bbox 261 1695 445 1779; x_wconf 90' lang='grc' dir='ltr'><strong><em>Πίνδαρον,</em></strong></span> <span class='ocrx_word' id='word_1_81' title='bbox 469 1690 537 1757; x_wconf 78' lang='grc' dir='ltr'><strong><em>ἐπεὶ</em></strong></span> <span class='ocrx_word' id='word_1_82' title='bbox 561 1687 632 1757; x_wconf 79' lang='grc' dir='ltr'><strong><em>εἶδε</em></strong></span> <span class='ocrx_word' id='word_1_83' title='bbox 650 1695 797 1777; x_wconf 80' lang='grc' dir='ltr'><strong><em>μείζονος</em></strong></span> <span class='ocrx_word' id='word_1_84' title='bbox 820 1690 914 1769; x_wconf 72' lang='grc' dir='ltr'><strong><em>ἕξεως</em></strong></span> <span class='ocrx_word' id='word_1_85' title='bbox 937 1692 1027 1773; x_wconf 80' lang='grc' dir='ltr'><strong><em>ὄντα,</em></strong></span> <span class='ocrx_word' id='word_1_86' title='bbox 1050 1688 1261 1776; x_wconf 78' lang='grc' dir='ltr'><strong><em>παραδέδωκε</em></strong></span> <span class='ocrx_word' id='word_1_87' title='bbox 1285 1691 1381 1778; x_wconf 78' lang='grc' dir='ltr'><strong><em>Λάσῳ</em></strong></span> <span class='ocrx_word' id='word_1_88' title='bbox 1400 1701 1445 1779; x_wconf 77' lang='grc' dir='ltr'><strong><em>τῷ</em></strong></span> <span class='ocrx_word' id='word_1_89' title='bbox 1464 1689 1537 1776; x_wconf 81' lang='grc' dir='ltr'><strong><em>Ἑρ-</em></strong></span> 
     </span>
     <span class='ocr_line' id='line_1_12' title="bbox 259 1793 1538 1887; baseline -0.003 -21"><span class='ocrx_word' id='word_1_90' title='bbox 259 1813 369 1886; x_wconf 80' lang='grc' dir='ltr'><strong><em>μιονεί</em></strong></span> <span class='ocrx_word' id='word_1_91' title='bbox 393 1805 573 1887; x_wconf 77' lang='grc' dir='ltr'><strong><em>μελοποιῷ,</em></strong></span> <span class='ocrx_word' id='word_1_92' title='bbox 599 1798 678 1885; x_wconf 88' lang='grc' dir='ltr'><strong><em>παρ’</em></strong></span> <span class='ocrx_word' id='word_1_93' title='bbox 703 1793 731 1886; x_wconf 71' lang='grc' dir='ltr'><strong><em>β</em></strong></span> <span class='ocrx_word' id='word_1_94' title='bbox 758 1800 818 1882; x_wconf 81' lang='grc' dir='ltr'><strong><em>τὴν</em></strong></span> <span class='ocrx_word' id='word_1_95' title='bbox 846 1799 986 1883; x_wconf 85' lang='grc' dir='ltr'><strong><em>λυρικήν</em></strong></span> <span class='ocrx_word' id='word_1_96' title='bbox 1013 1797 1203 1881; x_wconf 81' lang='grc' dir='ltr'><strong><em>ἐπαιδεύθη.</em></strong></span> <span class='ocrx_word' id='word_1_97' title='bbox 1249 1797 1364 1881; x_wconf 89' lang='grc' dir='ltr'><strong><em>γέγονε</em></strong></span> <span class='ocrx_word' id='word_1_98' title='bbox 1391 1795 1428 1863; x_wconf 73' lang='grc' dir='ltr'><strong><em>δέ</em></strong></span> <span class='ocrx_word' id='word_1_99' title='bbox 1454 1800 1538 1863; x_wconf 85' lang='grc' dir='ltr'><strong><em>κατὰ</em></strong></span> 
     </span>
     <span class='ocr_line' id='line_1_13' title="bbox 208 1903 1537 1993; baseline -0.002 -20"><span class='ocrx_word' id='word_1_100' title='bbox 208 1925 240 1973; x_wconf 87' lang='grc'><strong><em>10</em></strong></span> <span class='ocrx_word' id='word_1_101' title='bbox 259 1911 338 1984; x_wconf 81' lang='grc' dir='ltr'><strong><em>τοὺς</em></strong></span> <span class='ocrx_word' id='word_1_102' title='bbox 361 1910 501 1993; x_wconf 80' lang='grc' dir='ltr'><strong><em>χρόνους</em></strong></span> <span class='ocrx_word' id='word_1_103' title='bbox 521 1908 691 1990; x_wconf 81' lang='grc' dir='ltr'><strong><em>Αἰσχύλου</em></strong></span> <span class='ocrx_word' id='word_1_104' title='bbox 714 1904 768 1970; x_wconf 81' lang='grc' dir='ltr'><strong><em>καὶ</em></strong></span> <span class='ocrx_word' id='word_1_105' title='bbox 792 1903 1027 1987; x_wconf 85' lang='grc' dir='ltr'><strong><em>σνγγεγένηται</em></strong></span> <span class='ocrx_word' id='word_1_106' title='bbox 1049 1905 1138 1992; x_wconf 77' lang='grc' dir='ltr'><strong><em>αὐτῷ</em></strong></span> <span class='ocrx_word' id='word_1_107' title='bbox 1157 1903 1212 1969; x_wconf 81' lang='grc' dir='ltr'><strong><em>καὶ</em></strong></span> <span class='ocrx_word' id='word_1_108' title='bbox 1230 1904 1391 1987; x_wconf 74' lang='grc' dir='ltr'><strong><em>τέθνηκεν</em></strong></span> <span class='ocrx_word' id='word_1_109' title='bbox 1410 1906 1463 1970; x_wconf 79' lang='grc' dir='ltr'><strong><em>ὅτε</em></strong></span> <span class='ocrx_word' id='word_1_110' title='bbox 1481 1904 1537 1970; x_wconf 81' lang='grc' dir='ltr'><strong><em>καὶ</em></strong></span> 
     </span>
     <span class='ocr_line' id='line_1_14' title="bbox 259 2009 1537 2100; baseline -0.002 -20"><span class='ocrx_word' id='word_1_111' title='bbox 259 2017 299 2080; x_wconf 80' lang='grc' dir='ltr'><strong><em>τά</em></strong></span> <span class='ocrx_word' id='word_1_112' title='bbox 320 2014 467 2100; x_wconf 83' lang='grc' dir='ltr'><strong><em>Περσικά</em></strong></span> <span class='ocrx_word' id='word_1_113' title='bbox 485 2013 634 2097; x_wconf 82' lang='grc' dir='ltr'><strong><em>ήκμαζεν.</em></strong></span> <span class='ocrx_word' id='word_1_114' title='bbox 672 2016 744 2097; x_wconf 81' lang='grc' dir='ltr'><strong><em>έσχε</em></strong></span> <span class='ocrx_word' id='word_1_115' title='bbox 763 2010 800 2077; x_wconf 72' lang='grc' dir='ltr'><strong><em>δὲ</em></strong></span> <span class='ocrx_word' id='word_1_116' title='bbox 817 2009 1005 2098; x_wconf 87' lang='grc' dir='ltr'><strong><em>θυγατέρας</em></strong></span> <span class='ocrx_word' id='word_1_117' title='bbox 1023 2014 1096 2089; x_wconf 84' lang='grc' dir='ltr'><strong><em>δύο,</em></strong></span> <span class='ocrx_word' id='word_1_118' title='bbox 1115 2014 1309 2097; x_wconf 90' lang='grc' dir='ltr'><strong><em>Πολύμητιν</em></strong></span> <span class='ocrx_word' id='word_1_119' title='bbox 1328 2010 1382 2077; x_wconf 79' lang='grc' dir='ltr'><strong><em>καὶ</em></strong></span> <span class='ocrx_word' id='word_1_120' title='bbox 1400 2016 1537 2098; x_wconf 90' lang='grc' dir='ltr'><strong><em>Πρωτο-</em></strong></span> 
     </span>
     <span class='ocr_line' id='line_1_15' title="bbox 258 2117 1538 2208; baseline 0 -23"><span class='ocrx_word' id='word_1_121' title='bbox 258 2121 381 2207; x_wconf 82' lang='grc' dir='ltr'><strong><em>μάχην·</em></strong></span> <span class='ocrx_word' id='word_1_122' title='bbox 410 2118 547 2208; x_wconf 70' lang='grc' dir='ltr'><strong><em>κατῴκει</em></strong></span> <span class='ocrx_word' id='word_1_123' title='bbox 576 2117 611 2184; x_wconf 71' lang='grc' dir='ltr'><strong><em>δὲ</em></strong></span> <span class='ocrx_word' id='word_1_124' title='bbox 640 2122 698 2198; x_wconf 79' lang='grc' dir='ltr'><strong><em>τὰς</em></strong></span> <span class='ocrx_word' id='word_1_125' title='bbox 723 2122 848 2204; x_wconf 81' lang='grc' dir='ltr'><strong><em>Θήβας,</em></strong></span> <span class='ocrx_word' id='word_1_126' title='bbox 875 2122 1018 2202; x_wconf 91' lang='grc' dir='ltr'><strong><em>πλησίον</em></strong></span> <span class='ocrx_word' id='word_1_127' title='bbox 1044 2128 1103 2184; x_wconf 90' lang='grc' dir='ltr'><strong><em>τοῦ</em></strong></span> <span class='ocrx_word' id='word_1_128' title='bbox 1132 2121 1222 2205; x_wconf 84' lang='grc' dir='ltr'><strong><em>ίεροῦ</em></strong></span> <span class='ocrx_word' id='word_1_129' title='bbox 1245 2129 1303 2203; x_wconf 81' lang='grc' dir='ltr'><strong><em>τῆς</em></strong></span> <span class='ocrx_word' id='word_1_130' title='bbox 1325 2120 1447 2205; x_wconf 89' lang='grc' dir='ltr'><strong><em>μητρὸς</em></strong></span> <span class='ocrx_word' id='word_1_131' title='bbox 1470 2132 1538 2186; x_wconf 87' lang='grc' dir='ltr'><strong><em>τῶν</em></strong></span> 
     </span>
     <span class='ocr_line' id='line_1_16' title="bbox 259 2224 1537 2313; baseline -0.002 -19"><span class='ocrx_word' id='word_1_132' title='bbox 259 2236 351 2295; x_wconf 86' lang='grc' dir='ltr'><strong><em>θεῶν</em></strong></span> <span class='ocrx_word' id='word_1_133' title='bbox 378 2229 438 2312; x_wconf 86' lang='grc' dir='ltr'><strong><em>τήν</em></strong></span> <span class='ocrx_word' id='word_1_134' title='bbox 466 2229 575 2292; x_wconf 89' lang='grc' dir='ltr'><strong><em>οίκιάν</em></strong></span> <span class='ocrx_word' id='word_1_135' title='bbox 603 2230 686 2311; x_wconf 81' lang='grc' dir='ltr'><strong><em>ἔχων</em></strong></span> <span class='ocrx_word' id='word_1_136' title='bbox 715 2227 786 2313; x_wconf 80' lang='grc' dir='ltr'><strong><em>[τῆς</em></strong></span> <span class='ocrx_word' id='word_1_137' title='bbox 804 2225 915 2311; x_wconf 65' lang='grc' dir='ltr'><strong><em>Ῥέαςή.</em></strong></span> <span class='ocrx_word' id='word_1_138' title='bbox 962 2224 1054 2311; x_wconf 80' lang='grc' dir='ltr'><strong><em>ἐτίμα</em></strong></span> <span class='ocrx_word' id='word_1_139' title='bbox 1082 2224 1118 2292; x_wconf 64' lang='grc' dir='ltr'><strong><em>δέ</em></strong></span> <span class='ocrx_word' id='word_1_140' title='bbox 1145 2229 1206 2311; x_wconf 86' lang='grc' dir='ltr'><strong><em>τήν</em></strong></span> <span class='ocrx_word' id='word_1_141' title='bbox 1228 2227 1311 2292; x_wconf 91' lang='grc' dir='ltr'><strong><em>θεὸν</em></strong></span> <span class='ocrx_word' id='word_1_142' title='bbox 1333 2228 1465 2313; x_wconf 92' lang='grc' dir='ltr'><strong><em>σφόδρα</em></strong></span> <span class='ocrx_word' id='word_1_143' title='bbox 1488 2228 1537 2293; x_wconf 79' lang='grc' dir='ltr'><strong><em>ὢν</em></strong></span> 
     </span>
     <span class='ocr_line' id='line_1_17' title="bbox 259 2331 1537 2419; baseline -0.002 -18"><span class='ocrx_word' id='word_1_144' title='bbox 259 2332 505 2419; x_wconf 70' lang='grc' dir='ltr'><strong><em>εὐσεβέστατος,</em></strong></span> <span class='ocrx_word' id='word_1_145' title='bbox 528 2333 665 2400; x_wconf 80' lang='grc' dir='ltr'><strong><em>καὶτὸν</em></strong></span> <span class='ocrx_word' id='word_1_146' title='bbox 688 2340 786 2400; x_wconf 86' lang='grc' dir='ltr'><strong><em>Πᾶνα</em></strong></span> <span class='ocrx_word' id='word_1_147' title='bbox 809 2333 863 2399; x_wconf 76' lang='grc' dir='ltr'><strong><em>καὶ</em></strong></span> <span class='ocrx_word' id='word_1_148' title='bbox 886 2335 945 2399; x_wconf 88' lang='grc' dir='ltr'><strong><em>τὸν</em></strong></span> <span class='ocrx_word' id='word_1_149' title='bbox 966 2331 1169 2417; x_wconf 80' lang='grc' dir='ltr'><strong><em>Ἀπόλλωνα,</em></strong></span> <span class='ocrx_word' id='word_1_150' title='bbox 1192 2336 1239 2411; x_wconf 88' lang='grc' dir='ltr'><strong><em>είς</em></strong></span> <span class='ocrx_word' id='word_1_151' title='bbox 1262 2333 1302 2398; x_wconf 89' lang='grc' dir='ltr'><strong><em>ὃν</em></strong></span> <span class='ocrx_word' id='word_1_152' title='bbox 1325 2332 1378 2398; x_wconf 80' lang='grc' dir='ltr'><strong><em>καὶ</em></strong></span> <span class='ocrx_word' id='word_1_153' title='bbox 1401 2339 1537 2399; x_wconf 82' lang='grc' dir='ltr'><strong><em>πλείστα</em></strong></span> 
     </span>
     <span class='ocr_line' id='line_1_18' title="bbox 207 2426 1583 2529; baseline -0.001 -22"><span class='ocrx_word' id='word_1_154' title='bbox 207 2458 239 2507; x_wconf 81' lang='grc' dir='ltr'><strong><em>ιο</em></strong></span> <span class='ocrx_word' id='word_1_155' title='bbox 260 2442 434 2529; x_wconf 89' lang='grc' dir='ltr'><strong><em>γέγραφεν.</em></strong></span> <span class='ocrx_word' id='word_1_156' title='bbox 476 2444 634 2527; x_wconf 87' lang='grc' dir='ltr'><strong><em>νεώτερος</em></strong></span> <span class='ocrx_word' id='word_1_157' title='bbox 656 2440 691 2507; x_wconf 71' lang='grc' dir='ltr'><strong><em>δέ</em></strong></span> <span class='ocrx_word' id='word_1_158' title='bbox 717 2438 757 2525; x_wconf 80' lang='grc' dir='ltr'><strong><em>ἦν</em></strong></span> <span class='ocrx_word' id='word_1_159' title='bbox 782 2442 986 2527; x_wconf 85' lang='grc' dir='ltr'><strong><em>Σιμωνίδου,</em></strong></span> <span class='ocrx_word' id='word_1_160' title='bbox 1009 2442 1230 2526; x_wconf 89' lang='grc' dir='ltr'><strong><em>πρεσβύτερος</em></strong></span> <span class='ocrx_word' id='word_1_161' title='bbox 1252 2438 1288 2506; x_wconf 74' lang='grc' dir='ltr'><strong><em>δὲ</em></strong></span> <span class='ocrx_word' id='word_1_162' title='bbox 1312 2443 1537 2525; x_wconf 85' lang='grc' dir='ltr'><strong><em>Βακχυλίδου·</em></strong></span> <span class='ocrx_word' id='word_1_163' title='bbox 1579 2426 1583 2435; x_wconf 55' lang='grc'><strong>’</strong></span> 
     </span>
     <span class='ocr_line' id='line_1_19' title="bbox 258 2545 1538 2635; baseline -0.002 -19"><span class='ocrx_word' id='word_1_164' title='bbox 258 2551 341 2616; x_wconf 82' lang='grc' dir='ltr'><strong><em>κατὰ</em></strong></span> <span class='ocrx_word' id='word_1_165' title='bbox 364 2546 400 2614; x_wconf 71' lang='grc' dir='ltr'><strong><em>δὲ</em></strong></span> <span class='ocrx_word' id='word_1_166' title='bbox 424 2551 485 2633; x_wconf 84' lang='grc' dir='ltr'><strong><em>τήν</em></strong></span> <span class='ocrx_word' id='word_1_167' title='bbox 504 2548 626 2635; x_wconf 80' lang='grc' dir='ltr'><strong><em>Ξέρξου</em></strong></span> <span class='ocrx_word' id='word_1_168' title='bbox 650 2550 832 2634; x_wconf 88' lang='grc' dir='ltr'><strong><em>κατάβασιν</em></strong></span> <span class='ocrx_word' id='word_1_169' title='bbox 850 2550 968 2634; x_wconf 83' lang='grc' dir='ltr'><strong><em>ήκμαζε</em></strong></span> <span class='ocrx_word' id='word_1_170' title='bbox 986 2558 1026 2633; x_wconf 80' lang='grc' dir='ltr'><strong><em>τῇ</em></strong></span> <span class='ocrx_word' id='word_1_171' title='bbox 1043 2547 1166 2635; x_wconf 79' lang='grc' dir='ltr'><strong><em>ἡλικίᾳ·</em></strong></span> <span class='ocrx_word' id='word_1_172' title='bbox 1191 2547 1330 2632; x_wconf 79' lang='grc' dir='ltr'><strong><em>ἐτιμήθη</em></strong></span> <span class='ocrx_word' id='word_1_173' title='bbox 1350 2545 1385 2612; x_wconf 73' lang='grc' dir='ltr'><strong><em>δὲ</em></strong></span> <span class='ocrx_word' id='word_1_174' title='bbox 1405 2550 1538 2635; x_wconf 90' lang='grc' dir='ltr'><strong><em>σφόδρα</em></strong></span> 
     </span>
     <span class='ocr_line' id='line_1_20' title="bbox 259 2654 1537 2740; baseline -0.002 -18"><span class='ocrx_word' id='word_1_175' title='bbox 259 2658 323 2722; x_wconf 88' lang='grc' dir='ltr'><strong><em>ὑπὸ</em></strong></span> <span class='ocrx_word' id='word_1_176' title='bbox 351 2656 486 2721; x_wconf 89' lang='grc' dir='ltr'><strong><em>πάντων</em></strong></span> <span class='ocrx_word' id='word_1_177' title='bbox 510 2668 576 2721; x_wconf 87' lang='grc' dir='ltr'><strong><em>τῶν</em></strong></span> <span class='ocrx_word' id='word_1_178' title='bbox 595 2655 762 2740; x_wconf 82' lang='grc' dir='ltr'><strong><em>Ἑλλήνων</em></strong></span> <span class='ocrx_word' id='word_1_179' title='bbox 785 2656 841 2720; x_wconf 82' lang='grc' dir='ltr'><strong><em>διά</em></strong></span> <span class='ocrx_word' id='word_1_180' title='bbox 864 2658 901 2720; x_wconf 90' lang='grc' dir='ltr'><strong><em>τὸ</em></strong></span> <span class='ocrx_word' id='word_1_181' title='bbox 925 2656 989 2723; x_wconf 86' lang='grc' dir='ltr'><strong><em>ὑπὸ</em></strong></span> <span class='ocrx_word' id='word_1_182' title='bbox 1013 2665 1072 2719; x_wconf 87' lang='grc' dir='ltr'><strong><em>τοῦ</em></strong></span> <span class='ocrx_word' id='word_1_183' title='bbox 1093 2654 1298 2732; x_wconf 77' lang='grc' dir='ltr'><strong><em>’Λπόλλωνος</em></strong></span> <span class='ocrx_word' id='word_1_184' title='bbox 1320 2655 1406 2720; x_wconf 82' lang='grc' dir='ltr'><strong><em>οὕτω</em></strong></span> <span class='ocrx_word' id='word_1_185' title='bbox 1431 2661 1537 2740; x_wconf 83' lang='grc' dir='ltr'><strong><em>φιλεῖ-</em></strong></span> 
     </span>
     <span class='ocr_line' id='line_1_21' title="bbox 260 2761 1536 2851; baseline -0.001 -22"><span class='ocrx_word' id='word_1_186' title='bbox 260 2771 352 2847; x_wconf 89' lang='grc' dir='ltr'><strong><em>σθαι,</em></strong></span> <span class='ocrx_word' id='word_1_187' title='bbox 375 2763 420 2840; x_wconf 80' lang='grc' dir='ltr'><strong><em>ίις</em></strong></span> <span class='ocrx_word' id='word_1_188' title='bbox 443 2761 497 2827; x_wconf 80' lang='grc' dir='ltr'><strong><em>καὶ</em></strong></span> <span class='ocrx_word' id='word_1_189' title='bbox 519 2766 637 2850; x_wconf 88' lang='grc' dir='ltr'><strong><em>μερίδα</em></strong></span> <span class='ocrx_word' id='word_1_190' title='bbox 661 2764 841 2847; x_wconf 84' lang='grc' dir='ltr'><strong><em>λαμβάνειν</em></strong></span> <span class='ocrx_word' id='word_1_191' title='bbox 864 2762 927 2827; x_wconf 86' lang='grc' dir='ltr'><strong><em>άπὸ</em></strong></span> <span class='ocrx_word' id='word_1_192' title='bbox 946 2774 1013 2827; x_wconf 83' lang='grc' dir='ltr'><strong><em>τῶν</em></strong></span> <span class='ocrx_word' id='word_1_193' title='bbox 1031 2761 1311 2848; x_wconf 79' lang='grc' dir='ltr'><strong><em>προσφερομένων</em></strong></span> <span class='ocrx_word' id='word_1_194' title='bbox 1328 2771 1374 2851; x_wconf 78' lang='grc' dir='ltr'><strong><em>τῷ</em></strong></span> <span class='ocrx_word' id='word_1_195' title='bbox 1393 2769 1462 2851; x_wconf 76' lang='grc' dir='ltr'><strong><em>θεῷ</em></strong></span> <span class='ocrx_word' id='word_1_196' title='bbox 1481 2761 1536 2828; x_wconf 83' lang='grc' dir='ltr'><strong><em>καὶ</em></strong></span> 
     </span>
     <span class='ocr_line' id='line_1_22' title="bbox 259 2868 1535 2956; baseline 0 -21"><span class='ocrx_word' id='word_1_197' title='bbox 259 2873 318 2935; x_wconf 89' lang='grc' dir='ltr'><strong><em>τὸν</em></strong></span> <span class='ocrx_word' id='word_1_198' title='bbox 347 2868 433 2956; x_wconf 89' lang='grc' dir='ltr'><strong><em>ίερέα</em></strong></span> <span class='ocrx_word' id='word_1_199' title='bbox 456 2873 541 2954; x_wconf 83' lang='grc' dir='ltr'><strong><em>βοᾶν</em></strong></span> <span class='ocrx_word' id='word_1_200' title='bbox 564 2869 601 2935; x_wconf 87' lang='grc' dir='ltr'><strong><em>έν</em></strong></span> <span class='ocrx_word' id='word_1_201' title='bbox 624 2882 695 2947; x_wconf 80' lang='grc' dir='ltr'><strong><em>ταῖς</em></strong></span> <span class='ocrx_word' id='word_1_202' title='bbox 717 2873 867 2946; x_wconf 87' lang='grc' dir='ltr'><strong><em>θυσίαις·</em></strong></span> <span class='ocrx_word' id='word_1_203' title='bbox 896 2870 1100 2955; x_wconf 92' lang='grc' dir='ltr'><strong><em>Πίνδαρον</em></strong></span> <span class='ocrx_word' id='word_1_204' title='bbox 1127 2868 1188 2934; x_wconf 77' lang='grc' dir='ltr'><strong><em>ἐπὶ</em></strong></span> <span class='ocrx_word' id='word_1_205' title='bbox 1216 2871 1257 2935; x_wconf 91' lang='grc' dir='ltr'><strong><em>τὸ</em></strong></span> <span class='ocrx_word' id='word_1_206' title='bbox 1281 2871 1443 2935; x_wconf 78' lang='grc' dir='ltr'><strong><em>δεῖπνον</em></strong></span> <span class='ocrx_word' id='word_1_207' title='bbox 1464 2879 1535 2935; x_wconf 87' lang='grc' dir='ltr'><strong><em>’τοῦ</em></strong></span> 
     </span>
     <span class='ocr_line' id='line_1_23' title="bbox 206 2973 1536 3063; baseline -0.001 -19"><span class='ocrx_word' id='word_1_208' title='bbox 206 2994 241 3044; x_wconf 77' lang='lat'><strong><em>20</em></strong></span> <span class='ocrx_word' id='word_1_209' title='bbox 259 2987 364 3044; x_wconf 85' lang='grc' dir='ltr'><strong><em>θεοῦ.</em></strong></span> <span class='ocrx_word' id='word_1_210' title='bbox 407 2980 504 3059; x_wconf 93' lang='grc' dir='ltr'><strong><em>λόγος</em></strong></span> <span class='ocrx_word' id='word_1_211' title='bbox 527 2975 582 3041; x_wconf 77' lang='grc' dir='ltr'><strong><em>καὶ</em></strong></span> <span class='ocrx_word' id='word_1_212' title='bbox 605 2978 664 3041; x_wconf 89' lang='grc' dir='ltr'><strong><em>τὸν</em></strong></span> <span class='ocrx_word' id='word_1_213' title='bbox 683 2983 780 3042; x_wconf 89' lang='grc' dir='ltr'><strong><em>Πᾶνα</em></strong></span> <span class='ocrx_word' id='word_1_214' title='bbox 799 2977 1009 3063; x_wconf 88' lang='grc' dir='ltr'><strong><em>όρχήσασθαί</em></strong></span> <span class='ocrx_word' id='word_1_215' title='bbox 1025 2973 1101 3042; x_wconf 65' lang='grc' dir='ltr'><strong><em>ποτὶ</em></strong></span> <span class='ocrx_word' id='word_1_216' title='bbox 1121 2979 1179 3042; x_wconf 90' lang='grc' dir='ltr'><strong><em>τὸν</em></strong></span> <span class='ocrx_word' id='word_1_217' title='bbox 1197 2977 1301 3043; x_wconf 89' lang='grc' dir='ltr'><strong><em>αὐτοῦ</em></strong></span> <span class='ocrx_word' id='word_1_218' title='bbox 1320 2987 1443 3043; x_wconf 89' lang='grc' dir='ltr'><strong><em>παιᾶνα</em></strong></span> <span class='ocrx_word' id='word_1_219' title='bbox 1460 2976 1536 3063; x_wconf 78' lang='grc' dir='ltr'><strong><em>περὶ</em></strong></span> 
     </span>
     <span class='ocr_line' id='line_1_24' title="bbox 259 3081 1536 3171; baseline 0.001 -23"><span class='ocrx_word' id='word_1_220' title='bbox 259 3094 318 3148; x_wconf 90' lang='grc' dir='ltr'><strong><em>τοῦ</em></strong></span> <span class='ocrx_word' id='word_1_221' title='bbox 338 3082 490 3160; x_wconf 89' lang='grc' dir='ltr'><strong><em>Πέλοπος</em></strong></span> <span class='ocrx_word' id='word_1_222' title='bbox 512 3082 566 3148; x_wconf 80' lang='grc' dir='ltr'><strong><em>καὶ</em></strong></span> <span class='ocrx_word' id='word_1_223' title='bbox 589 3087 718 3171; x_wconf 83' lang='grc' dir='ltr'><strong><em>χαίρειν</em></strong></span> <span class='ocrx_word' id='word_1_224' title='bbox 741 3083 865 3170; x_wconf 74' lang='grc' dir='ltr'><strong><em>ᾅδοντα</em></strong></span> <span class='ocrx_word' id='word_1_225' title='bbox 888 3092 1008 3149; x_wconf 91' lang='grc' dir='ltr'><strong><em>τοῦτον</em></strong></span> <span class='ocrx_word' id='word_1_226' title='bbox 1029 3082 1079 3148; x_wconf 76' lang='grc' dir='ltr'><strong><em>ἀεὶ</em></strong></span> <span class='ocrx_word' id='word_1_227' title='bbox 1098 3083 1134 3149; x_wconf 85' lang='grc' dir='ltr'><strong><em>έν</em></strong></span> <span class='ocrx_word' id='word_1_228' title='bbox 1152 3097 1221 3162; x_wconf 85' lang='grc' dir='ltr'><strong><em>τοῖς</em></strong></span> <span class='ocrx_word' id='word_1_229' title='bbox 1239 3087 1379 3171; x_wconf 82' lang='grc' dir='ltr'><strong><em>ὄρεσιν..</em></strong></span> <span class='ocrx_word' id='word_1_230' title='bbox 1397 3083 1480 3169; x_wconf 84' lang='grc' dir='ltr'><strong><em>φασὶ</em></strong></span> <span class='ocrx_word' id='word_1_231' title='bbox 1499 3081 1536 3149; x_wconf 76' lang='grc' dir='ltr'><strong><em>δὲ</em></strong></span> 
     </span>
     <span class='ocr_line' id='line_1_25' title="bbox 257 3180 1536 3275; baseline 0.001 -19"><span class='ocrx_word' id='word_1_232' title='bbox 257 3189 313 3256; x_wconf 81' lang='grc' dir='ltr'><strong><em>καὶ</em></strong></span> <span class='ocrx_word' id='word_1_233' title='bbox 341 3190 391 3255; x_wconf 86' lang='grc' dir='ltr'><strong><em>ὅτι</em></strong></span> <span class='ocrx_word' id='word_1_234' title='bbox 419 3187 497 3255; x_wconf 73' lang='grc' dir='ltr'><strong><em>ποτὲ</em></strong></span> <span class='ocrx_word' id='word_1_235' title='bbox 523 3180 777 3275; x_wconf 83' lang='grc' dir='ltr'><strong><em>Λακεδαιμόνιοι</em></strong></span> <span class='ocrx_word' id='word_1_236' title='bbox 801 3193 969 3267; x_wconf 87' lang='grc' dir='ltr'><strong><em>Βοιωτοὺς</em></strong></span> <span class='ocrx_word' id='word_1_237' title='bbox 997 3189 1218 3275; x_wconf 83' lang='grc' dir='ltr'><strong><em>ἐμπρήσαντες</em></strong></span> <span class='ocrx_word' id='word_1_238' title='bbox 1244 3190 1300 3256; x_wconf 81' lang='grc' dir='ltr'><strong><em>καὶ</em></strong></span> <span class='ocrx_word' id='word_1_239' title='bbox 1325 3193 1436 3275; x_wconf 88' lang='grc' dir='ltr'><strong><em>Θήβας</em></strong></span> <span class='ocrx_word' id='word_1_240' title='bbox 1459 3190 1536 3257; x_wconf 84' lang='grc' dir='ltr'><strong><em>ἀπέ-</em></strong></span> 
     </span>
     <span class='ocr_line' id='line_1_26' title="bbox 259 3296 1536 3384; baseline -0.001 -19"><span class='ocrx_word' id='word_1_241' title='bbox 259 3318 377 3384; x_wconf 81' lang='grc' dir='ltr'><strong><em>σχοντο</em></strong></span> <span class='ocrx_word' id='word_1_242' title='bbox 414 3300 517 3382; x_wconf 90' lang='grc' dir='ltr'><strong><em>μόνης</em></strong></span> <span class='ocrx_word' id='word_1_243' title='bbox 552 3308 609 3383; x_wconf 81' lang='grc' dir='ltr'><strong><em>τῆς</em></strong></span> <span class='ocrx_word' id='word_1_244' title='bbox 641 3300 747 3374; x_wconf 82' lang='grc' dir='ltr'><strong><em>οἰκίας</em></strong></span> <span class='ocrx_word' id='word_1_245' title='bbox 778 3297 896 3379; x_wconf 88' lang='grc' dir='ltr'><strong><em>αὐτοῦ,</em></strong></span> <span class='ocrx_word' id='word_1_246' title='bbox 932 3298 1132 3382; x_wconf 87' lang='grc' dir='ltr'><strong><em>θεασάμενοι</em></strong></span> <span class='ocrx_word' id='word_1_247' title='bbox 1165 3296 1445 3384; x_wconf 82' lang='grc' dir='ltr'><strong><em>ἐπιγεγραμμένον</em></strong></span> <span class='ocrx_word' id='word_1_248' title='bbox 1477 3299 1536 3364; x_wconf 91' lang='grc' dir='ltr'><strong><em>τὸν</em></strong></span> 
     </span>
     <span class='ocr_line' id='line_1_27' title="bbox 259 3404 1535 3492; baseline 0.002 -22"><span class='ocrx_word' id='word_1_249' title='bbox 259 3409 373 3490; x_wconf 84' lang='grc' dir='ltr'><strong><em>στίχον</em></strong></span> <span class='ocrx_word' id='word_1_250' title='bbox 386 3408 496 3470; x_wconf 76' lang='grc' dir='ltr'><strong><em>τόνδε</em></strong></span> <span class='ocrx_word' id='word_1_251' title='bbox 516 3406 723 3492; x_wconf 88' lang='grc' dir='ltr'><strong><em>Πινδάρου</em></strong></span> <span class='ocrx_word' id='word_1_252' title='bbox 742 3413 810 3469; x_wconf 88' lang='grc' dir='ltr'><strong><em>τοῦ</em></strong></span> <span class='ocrx_word' id='word_1_253' title='bbox 829 3414 1073 3488; x_wconf 87' lang='grc' dir='ltr'><strong><em>μουσοποιοῦ</em></strong></span> <span class='ocrx_word' id='word_1_254' title='bbox 1092 3406 1162 3469; x_wconf 83' lang='grc' dir='ltr'><strong><em>τάν</em></strong></span> <span class='ocrx_word' id='word_1_255' title='bbox 1180 3404 1383 3491; x_wconf 79' lang='grc' dir='ltr'><strong><em>στέγανμή</em></strong></span> <span class='ocrx_word' id='word_1_256' title='bbox 1398 3409 1535 3472; x_wconf 91' lang='grc' dir='ltr'><strong><em>καίετε.</em></strong></span> 
     </span>
     <span class='ocr_line' id='line_1_28' title="bbox 205 3511 1535 3599; baseline 0 -21"><span class='ocrx_word' id='word_1_257' title='bbox 205 3527 240 3578; x_wconf 72' lang='lat'><strong><em>25</em></strong></span> <span class='ocrx_word' id='word_1_258' title='bbox 259 3514 338 3598; x_wconf 79' lang='grc' dir='ltr'><strong><em>ὅπερ</em></strong></span> <span class='ocrx_word' id='word_1_259' title='bbox 366 3511 430 3577; x_wconf 78' lang='grc' dir='ltr'><strong><em>καὶ-</em></strong></span> <span class='ocrx_word' id='word_1_260' title='bbox 448 3514 507 3577; x_wconf 92' lang='grc' dir='ltr'><strong><em>τὸν</em></strong></span> <span class='ocrx_word' id='word_1_261' title='bbox 532 3511 747 3599; x_wconf 85' lang='grc' dir='ltr'><strong><em>Ἀλέξανδρον</em></strong></span> <span class='ocrx_word' id='word_1_262' title='bbox 773 3513 853 3596; x_wconf 86' lang='grc' dir='ltr'><strong><em>μετά</em></strong></span> <span class='ocrx_word' id='word_1_263' title='bbox 881 3512 983 3587; x_wconf 77' lang='grc' dir='ltr'><strong><em>ταῦτα’</em></strong></span> <span class='ocrx_word' id='word_1_264' title='bbox 1010 3529 1092 3596; x_wconf 89' lang='grc' dir='ltr'><strong><em>φασι</em></strong></span> <span class='ocrx_word' id='word_1_265' title='bbox 1120 3512 1339 3596; x_wconf 86' lang='grc' dir='ltr'><strong><em>πεποιηκέναι.</em></strong></span> <span class='ocrx_word' id='word_1_266' title='bbox 1389 3512 1444 3577; x_wconf 80' lang='grc' dir='ltr'><strong><em>καὶ</em></strong></span> <span class='ocrx_word' id='word_1_267' title='bbox 1472 3514 1535 3597; x_wconf 83' lang='grc' dir='ltr'><strong><em>γὰρ</em></strong></span> 
     </span>
     <span class='ocr_line' id='line_1_29' title="bbox 259 3618 1534 3706; baseline 0 -20"><span class='ocrx_word' id='word_1_268' title='bbox 259 3618 357 3697; x_wconf 87' lang='grc' dir='ltr'><strong><em>οὗτος</em></strong></span> <span class='ocrx_word' id='word_1_269' title='bbox 385 3619 551 3706; x_wconf 77' lang='grc' dir='ltr'><strong><em>ἐμπρήσας</em></strong></span> <span class='ocrx_word' id='word_1_270' title='bbox 577 3621 634 3696; x_wconf 82' lang='grc' dir='ltr'><strong><em>τὰς</em></strong></span> <span class='ocrx_word' id='word_1_271' title='bbox 660 3621 771 3703; x_wconf 89' lang='grc' dir='ltr'><strong><em>Θήβας</em></strong></span> <span class='ocrx_word' id='word_1_272' title='bbox 793 3623 896 3703; x_wconf 89' lang='grc' dir='ltr'><strong><em>μόνης</em></strong></span> <span class='ocrx_word' id='word_1_273' title='bbox 918 3628 976 3702; x_wconf 80' lang='grc' dir='ltr'><strong><em>τῆς</em></strong></span> <span class='ocrx_word' id='word_1_274' title='bbox 998 3618 1126 3685; x_wconf 84' lang='grc' dir='ltr'><strong><em>ἐκείνου</em></strong></span> <span class='ocrx_word' id='word_1_275' title='bbox 1149 3623 1254 3698; x_wconf 87' lang='grc' dir='ltr'><strong><em>οίκίας</em></strong></span> <span class='ocrx_word' id='word_1_276' title='bbox 1277 3619 1438 3706; x_wconf 84' lang='grc' dir='ltr'><strong><em>ἐφείσατο.</em></strong></span> <span class='ocrx_word' id='word_1_277' title='bbox 1485 3621 1534 3706; x_wconf 83' lang='grc' dir='ltr'><strong><em>έχ-</em></strong></span> 
     </span>
     <span class='ocr_line' id='line_1_30' title="bbox 259 3724 1537 3814; baseline 0.002 -21"><span class='ocrx_word' id='word_1_278' title='bbox 259 3735 352 3812; x_wconf 87' lang='grc' dir='ltr'><strong><em>θρῶς</em></strong></span> <span class='ocrx_word' id='word_1_279' title='bbox 375 3724 411 3791; x_wconf 74' lang='grc' dir='ltr'><strong><em>δέ</em></strong></span> <span class='ocrx_word' id='word_1_280' title='bbox 435 3726 649 3811; x_wconf 86' lang='grc' dir='ltr'><strong><em>διακειμένων</em></strong></span> <span class='ocrx_word' id='word_1_281' title='bbox 673 3738 739 3792; x_wconf 86' lang='grc' dir='ltr'><strong><em>τῶν</em></strong></span> <span class='ocrx_word' id='word_1_282' title='bbox 756 3725 943 3810; x_wconf 80' lang='grc' dir='ltr'><strong><em>Ἀθηναίων</em></strong></span> <span class='ocrx_word' id='word_1_283' title='bbox 960 3728 1044 3814; x_wconf 89' lang='grc' dir='ltr'><strong><em>πρὸς</em></strong></span> <span class='ocrx_word' id='word_1_284' title='bbox 1062 3731 1140 3804; x_wconf 86' lang='grc' dir='ltr'><strong><em>τοὺς</em></strong></span> <span class='ocrx_word' id='word_1_285' title='bbox 1160 3732 1335 3811; x_wconf 86' lang='grc' dir='ltr'><strong><em>Θηβαίους,</em></strong></span> <span class='ocrx_word' id='word_1_286' title='bbox 1359 3727 1427 3794; x_wconf 78' lang='grc' dir='ltr'><strong><em>ἐπεὶ</em></strong></span> <span class='ocrx_word' id='word_1_287' title='bbox 1446 3724 1537 3795; x_wconf 79' lang='grc' dir='ltr'><strong><em>εἶπεν</em></strong></span> 
     </span>
     <span class='ocr_line' id='line_1_31' title="bbox 258 3820 1535 3920; baseline 0.002 -21"><span class='ocrx_word' id='word_1_288' title='bbox 258 3833 294 3899; x_wconf 87' lang='grc' dir='ltr'><strong><em>έν</em></strong></span> <span class='ocrx_word' id='word_1_289' title='bbox 322 3844 391 3909; x_wconf 81' lang='grc' dir='ltr'><strong><em>τοῖς</em></strong></span> <span class='ocrx_word' id='word_1_290' title='bbox 418 3833 522 3898; x_wconf 89' lang='grc' dir='ltr'><strong><em>αὐτοῦ</em></strong></span> <span class='ocrx_word' id='word_1_291' title='bbox 549 3836 741 3918; x_wconf 89' lang='grc' dir='ltr'><strong><em>ποιήμασιν·</em></strong></span> <span class='ocrx_word' id='word_1_292' title='bbox 769 3828 808 3898; x_wconf 80' lang='grc' dir='ltr'><em>Ὦ</em></span> <span class='ocrx_word' id='word_1_293' title='bbox 835 3820 1076 3920; x_wconf 87' lang='grc' dir='ltr'><strong><em>ταλαίπωροι</em></strong></span> <span class='ocrx_word' id='word_1_294' title='bbox 1107 3840 1245 3919; x_wconf 81' lang='grc' dir='ltr'><strong><em>Θῆβαι,</em></strong></span> <span class='ocrx_word' id='word_1_295' title='bbox 1272 3834 1327 3900; x_wconf 81' lang='grc' dir='ltr'><strong><em>καὶ</em></strong></span> <span class='ocrx_word' id='word_1_296' title='bbox 1358 3840 1535 3920; x_wconf 90' lang='grc' dir='ltr'><strong><em>Μεγαλο-</em></strong></span> 
     </span>
     <span class='ocr_line' id='line_1_32' title="bbox 257 3938 1536 4031; baseline 0.002 -26"><span class='ocrx_word' id='word_1_297' title='bbox 257 3943 391 4017; x_wconf 90' lang='grc' dir='ltr'><strong><em>πόλιες</em></strong></span> <span class='ocrx_word' id='word_1_298' title='bbox 412 3938 587 4024; x_wconf 79' lang='grc' dir='ltr'><strong><em>Ἀθᾶναι,</em></strong></span> <span class='ocrx_word' id='word_1_299' title='bbox 611 3940 792 4025; x_wconf 74' lang='grc' dir='ltr'><strong><em>ἐζημίωσαν</em></strong></span> <span class='ocrx_word' id='word_1_300' title='bbox 814 3941 917 4005; x_wconf 89' lang='grc' dir='ltr'><strong><em>αὐτὸν</em></strong></span> <span class='ocrx_word' id='word_1_301' title='bbox 939 3944 1104 4026; x_wconf 83' lang='grc' dir='ltr'><strong><em>χρήμασιν</em></strong></span> <span class='ocrx_word' id='word_1_302' title='bbox 1125 3945 1159 4008; x_wconf 76' lang='grc' dir='ltr'><strong><em>οἱ</em></strong></span> <span class='ocrx_word' id='word_1_303' title='bbox 1179 3946 1328 4027; x_wconf 76' lang='grc' dir='ltr'><strong><em>Θηβαῖοι,</em></strong></span> <span class='ocrx_word' id='word_1_304' title='bbox 1351 3944 1433 4029; x_wconf 80' lang='grc' dir='ltr'><strong><em>άπερ</em></strong></span> <span class='ocrx_word' id='word_1_305' title='bbox 1451 3941 1536 4031; x_wconf 71' lang='grc' dir='ltr'><strong><em>ὑπὲρ</em></strong></span> 
     </span>
     <span class='ocr_line' id='line_1_33' title="bbox 204 4045 1536 4137; baseline 0.002 -24"><span class='ocrx_word' id='word_1_306' title='bbox 204 4064 240 4113; x_wconf 78' lang='grc'><strong><em>30</em></strong></span> <span class='ocrx_word' id='word_1_307' title='bbox 259 4047 386 4112; x_wconf 82' lang='grc' dir='ltr'><strong><em>ἐκείνου</em></strong></span> <span class='ocrx_word' id='word_1_308' title='bbox 405 4051 517 4113; x_wconf 80' lang='grc' dir='ltr'><strong><em>ἔτισαν</em></strong></span> <span class='ocrx_word' id='word_1_309' title='bbox 533 4047 712 4131; x_wconf 77' lang='grc' dir='ltr'><strong><em>Ἀθηναῖοι.</em></strong></span> <span class='ocrx_word' id='word_1_310' title='bbox 754 4046 932 4132; x_wconf 85' lang='grc' dir='ltr'><strong><em>γέγραπται</em></strong></span> <span class='ocrx_word' id='word_1_311' title='bbox 951 4045 987 4113; x_wconf 69' lang='grc' dir='ltr'><strong><em>δέ</em></strong></span> <span class='ocrx_word' id='word_1_312' title='bbox 1003 4050 1091 4137; x_wconf 78' lang='grc' dir='ltr'><strong><em>αὐτῷ</em></strong></span> <span class='ocrx_word' id='word_1_313' title='bbox 1111 4048 1325 4114; x_wconf 74' lang='grc' dir='ltr'><strong><em>ἑπτακαίδεκα</em></strong></span> <span class='ocrx_word' id='word_1_314' title='bbox 1344 4053 1466 4134; x_wconf 89' lang='grc' dir='ltr'><strong><em>βιβλία,</em></strong></span> <span class='ocrx_word' id='word_1_315' title='bbox 1487 4045 1536 4115; x_wconf 85' lang='grc' dir='ltr'><strong><em>ὧν</em></strong></span> 
     </span>
     <span class='ocr_line' id='line_1_34' title="bbox 258 4154 1536 4242; baseline 0.005 -24"><span class='ocrx_word' id='word_1_316' title='bbox 258 4171 398 4240; x_wconf 89' lang='grc' dir='ltr'><strong><em>τεσσαρα</em></strong></span> <span class='ocrx_word' id='word_1_317' title='bbox 421 4155 441 4237; x_wconf 84' lang='grc' dir='ltr'><strong><em>ή</em></strong></span> <span class='ocrx_word' id='word_1_318' title='bbox 465 4154 622 4240; x_wconf 89' lang='grc' dir='ltr'><strong><em>λεγομένη</em></strong></span> <span class='ocrx_word' id='word_1_319' title='bbox 645 4157 809 4239; x_wconf 84' lang='grc' dir='ltr'><strong><em>περίοδος·</em></strong></span> <span class='ocrx_word' id='word_1_320' title='bbox 835 4155 921 4239; x_wconf 86' lang='grc' dir='ltr'><strong><em>λέγει</em></strong></span> <span class='ocrx_word' id='word_1_321' title='bbox 944 4157 1036 4235; x_wconf 88' lang='grc' dir='ltr'><strong><em>τάδε,</em></strong></span> <span class='ocrx_word' id='word_1_322' title='bbox 1058 4156 1305 4242; x_wconf 78' lang='grc' dir='ltr'><strong><em>Ὀλυμπιονῖκαι</em></strong></span> <span class='ocrx_word' id='word_1_323' title='bbox 1328 4163 1536 4224; x_wconf 75' lang='grc' dir='ltr'><strong><em>Πυθιονῖκαι</em></strong></span> 
     </span>
     <span class='ocr_line' id='line_1_35' title="bbox 255 4259 1537 4348; baseline 0.002 -22"><span class='ocrx_word' id='word_1_324' title='bbox 255 4259 472 4345; x_wconf 79' lang='grc' dir='ltr'><strong><em>Ἰσθμιονίκαι</em></strong></span> <span class='ocrx_word' id='word_1_325' title='bbox 493 4267 699 4346; x_wconf 84' lang='grc' dir='ltr'><strong><em>Νεμεονῖκαι.</em></strong></span> <span class='ocrx_word' id='word_1_326' title='bbox 744 4262 821 4345; x_wconf 76' lang='grc' dir='ltr'><strong><em>Ιάπὸ</em></strong></span> <span class='ocrx_word' id='word_1_327' title='bbox 846 4259 882 4326; x_wconf 68' lang='grc' dir='ltr'><strong><em>δέ</em></strong></span> <span class='ocrx_word' id='word_1_328' title='bbox 906 4274 972 4327; x_wconf 87' lang='grc' dir='ltr'><strong><em>τῶν</em></strong></span> <span class='ocrx_word' id='word_1_329' title='bbox 997 4263 1037 4342; x_wconf 80' lang='grc' dir='ltr'><strong><em>ιζ’</em></strong></span> <span class='ocrx_word' id='word_1_330' title='bbox 1056 4269 1197 4347; x_wconf 91' lang='grc' dir='ltr'><strong><em>βιβλίων</em></strong></span> <span class='ocrx_word' id='word_1_331' title='bbox 1220 4264 1283 4329; x_wconf 82' lang='grc' dir='ltr'><strong><em>είσὶ</em></strong></span> <span class='ocrx_word' id='word_1_332' title='bbox 1307 4264 1361 4330; x_wconf 80' lang='grc' dir='ltr'><strong><em>καὶ</em></strong></span> <span class='ocrx_word' id='word_1_333' title='bbox 1384 4266 1424 4329; x_wconf 84' lang='grc' dir='ltr'><strong><em>τά</em></strong></span> <span class='ocrx_word' id='word_1_334' title='bbox 1447 4269 1537 4348; x_wconf 77' lang='grc' dir='ltr'><strong><em>λεγό</em></strong></span> 
     </span>
     <span class='ocr_line' id='line_1_36' title="bbox 257 4367 1537 4458; baseline 0.005 -26"><span class='ocrx_word' id='word_1_335' title='bbox 257 4393 338 4453; x_wconf 88' lang='grc' dir='ltr'><strong><em>μενα</em></strong></span> <span class='ocrx_word' id='word_1_336' title='bbox 360 4370 523 4454; x_wconf 89' lang='grc' dir='ltr'><strong><em>προσόδια</em></strong></span> <span class='ocrx_word' id='word_1_337' title='bbox 546 4367 601 4433; x_wconf 80' lang='grc' dir='ltr'><strong><em>καὶ</em></strong></span> <span class='ocrx_word' id='word_1_338' title='bbox 623 4367 804 4453; x_wconf 88' lang='grc' dir='ltr'><strong><em>παρθένια,</em></strong></span> <span class='ocrx_word' id='word_1_339' title='bbox 830 4379 979 4450; x_wconf 86' lang='grc' dir='ltr'><strong><em>παιᾶνες,</em></strong></span> <span class='ocrx_word' id='word_1_340' title='bbox 1006 4371 1121 4455; x_wconf 76' lang='grc' dir='ltr'><strong><em>ὕμνοι,</em></strong></span> <span class='ocrx_word' id='word_1_341' title='bbox 1149 4372 1391 4458; x_wconf 89' lang='grc' dir='ltr'><strong><em>διθυραμβικά,</em></strong></span> <span class='ocrx_word' id='word_1_342' title='bbox 1420 4374 1537 4438; x_wconf 88' lang='grc' dir='ltr'><strong><em>σκολιά</em></strong></span> 
     </span>
     <span class='ocr_line' id='line_1_37' title="bbox 259 4474 443 4558; baseline -0.005 -18"><span class='ocrx_word' id='word_1_343' title='bbox 259 4474 314 4540; x_wconf 80' lang='grc' dir='ltr'><strong><em>καί</em></strong></span> <span class='ocrx_word' id='word_1_344' title='bbox 337 4476 443 4558; x_wconf 76' lang='grc' dir='ltr'><strong><em>ἄλλα]</em></strong></span> 
     </span>
    </p>
   </div>
   <div class='ocr_carea' id='block_1_5' title="bbox 330 4704 1535 4833">
    <p class='ocr_par' dir='ltr' id='par_1_5' title="bbox 259 4704 1535 4833">
     <span class='ocr_line' id='line_1_38' title="bbox 348 4704 1535 4774; baseline 0.005 -18"><span class='ocrx_word' id='word_1_345' title='bbox 348 4710 387 4758; x_wconf 90' lang='lat'><strong><em>11.</em></strong></span> <span class='ocrx_word' id='word_1_346' title='bbox 408 4704 448 4757; x_wconf 68' lang='lat' dir='ltr'><strong><em>cf.</em></strong></span> <span class='ocrx_word' id='word_1_347' title='bbox 469 4705 512 4757; x_wconf 79' lang='grc' dir='ltr'><strong><em>οδ.</em></strong></span> <span class='ocrx_word' id='word_1_348' title='bbox 532 4704 675 4757; x_wconf 71' lang='grc' dir='ltr'><strong><em>Εοαλειλλιίἱ</em></strong></span> <span class='ocrx_word' id='word_1_349' title='bbox 694 4704 743 4758; x_wconf 78' lang='lat' dir='ltr'>vit..</span> <span class='ocrx_word' id='word_1_350' title='bbox 763 4723 789 4774; x_wconf 83' lang='lat' dir='ltr'><strong><em>p.</em></strong></span> <span class='ocrx_word' id='word_1_351' title='bbox 805 4705 873 4760; x_wconf 86' lang='lat' dir='ltr'>CIII.</span> <span class='ocrx_word' id='word_1_352' title='bbox 894 4738 926 4745; x_wconf 90' lang='lat'><em>-</em></span> <span class='ocrx_word' id='word_1_353' title='bbox 946 4711 987 4760; x_wconf 66' lang='lat'><strong><em>⁸28.</em></strong></span> <span class='ocrx_word' id='word_1_354' title='bbox 1008 4706 1040 4761; x_wconf 83' lang='lat' dir='ltr'><strong><em>fr.</em></strong></span> <span class='ocrx_word' id='word_1_355' title='bbox 1057 4712 1108 4761; x_wconf 78' lang='grc'><strong><em>196</em></strong></span> <span class='ocrx_word' id='word_1_356' title='bbox 1130 4741 1161 4747; x_wconf 88' lang='grc'>-</span> <span class='ocrx_word' id='word_1_357' title='bbox 1181 4708 1302 4762; x_wconf 76' lang='lat' dir='ltr'>1’.v111.</span> <span class='ocrx_word' id='word_1_358' title='bbox 1324 4741 1355 4748; x_wconf 94' lang='lat'><strong>—</strong></span> <span class='ocrx_word' id='word_1_359' title='bbox 1377 4715 1455 4762; x_wconf 66' lang='lat'><strong>32³⁸.</strong></span> <span class='ocrx_word' id='word_1_360' title='bbox 1476 4709 1535 4763; x_wconf 83' lang='grc' dir='ltr'><strong><em>ἀπὸ</em></strong></span> 
     </span>
     <span class='ocr_line' id='line_1_39' title="bbox 330 4776 666 4833; baseline 0 -1"><span class='ocrx_word' id='word_1_361' title='bbox 330 4776 398 4829; x_wconf 78' lang='grc' dir='ltr'><strong><em>ἄλλα</em></strong></span> <span class='ocrx_word' id='word_1_362' title='bbox 418 4777 483 4830; x_wconf 85' lang='lat' dir='ltr'>add.</span> <span class='ocrx_word' id='word_1_363' title='bbox 503 4778 666 4833; x_wconf 70' lang='lat' dir='ltr'><strong>Germanus.</strong></span> 
     </span>
    </p>
   </div>
   <div class='ocr_carea' id='block_1_6' title="bbox 0 0 1708 5378">
    <p class='ocr_par' dir='ltr' id='par_1_6' title="bbox 0 0 1708 5378">
     <span class='ocr_line' id='line_1_40' title="bbox 0 0 1708 5378; baseline 0 1"><span class='ocrx_word' id='word_1_364' title='bbox 0 0 1708 5378; x_wconf 95' lang='lat' dir='ltr'><strong><em> </em></strong></span> 
     </span>
    </p>
   </div>
  </div>
 </body>
</html>
