3406 5378
274 343 411 397 LXXXIV
774 345 1052 398 PROLEGOMENA.

275 506 471 591 superiores,
494 506 534 570 ad
556 506 785 571 iaculationem
810 507 865 589 qui
889 528 928 570 ex
950 506 1002 570 his
1026 505 1169 590 quinque
1193 506 1374 590 superiores
1399 507 1552 571 discesse-

274 620 348 677 rant
372 617 521 697 (quatuor,
544 614 583 677 ad
602 594 725 676 discum
746 617 820 696 tres,
844 614 883 676 ad
909 613 1030 677 luctam
1055 613 1118 676 duo
1127 612 1150 699 ¹)
1175 614 1333 678 admissos
1358 635 1427 677 esse
1447 614 1554 696 etqui

273 721 308 783 in
332 719 446 784 ultima
475 719 701 784 commissione
729 719 835 783 luctae
858 720 963 784 victor
987 719 1201 803 discessisset,
1231 720 1333 784 totius
1357 720 1556 804 quinquertii

275 827 433 891 victorem
460 827 637 891 iudicatum
666 847 736 889 esse
764 826 858 890 nobis
887 826 1095 890 statuendum
1123 827 1193 891 erit.
1239 826 1286 891 At
1313 827 1388 890 huic
1412 826 1558 910 opinioni

274 933 386 997 obstat
404 955 471 997 non
491 933 595 997 solum
614 931 810 996 scholiastae
829 932 962 997 Aristid.
982 931 1118 996 Panath.
1137 951 1175 996 111
1194 934 1259 998 339
1280 933 1375 997 Dind.
1398 954 1558 996 commen·

275 1044 345 1103 tum
363 1038 458 1124 ἀρκεῖ
472 1051 540 1114 τοῖς
556 1039 756 1115 πεντάθλοις
771 1042 846 1123 τρία
861 1049 928 1103 τῶν
942 1037 1037 1103 πέντε
1051 1040 1133 1124 πρὸς
1147 1043 1254 1121 νίκην,
1274 1040 1328 1102 sed
1343 1039 1451 1121 etiam,
1471 1040 1557 1122 quod

274 1147 347 1230 plus
363 1146 459 1229 valet,
478 1145 654 1210 auctoritas
670 1144 837 1209 Plutarchi
854 1151 975 1230 quaest.
991 1168 1081 1210 conv.
1097 1148 1212 1229 1x2,2
1232 1157 1300 1221 τοῖς
1319 1143 1429 1230 τρισὶν
1447 1147 1557 1231 ὥσπερ

274 1254 309 1317 ολ
324 1252 506 1317 πένταθλοι
526 1254 670 1337 περίεστι
689 1249 743 1316 καὶ
763 1261 839 1338 νικᾷ
861 1258 894 1316 et
913 1253 1136 1317 testimonium
1156 1252 1297 1316 Pollucis
1318 1253 1554 1317 onom.111151

275 1356 327 1423 ἐπὶ
343 1356 378 1423 δὲ
394 1368 453 1423 τοῦ
472 1359 662 1423 πεντάθλου
678 1360 715 1423 τὸ
730 1370 862 1444 νικῆσαι
878 1358 1070 1444 ἀποτριάξαι
1086 1357 1249 1440 λέγουσιν.
1256 1357 1282 1444 ²)
1320 1357 1411 1433 Quod
1427 1360 1454 1423 si
1471 1364 1557 1423 recte

274 1465 308 1530 hi
343 1467 476 1529 tradunt
507 1488 611 1551 neque
644 1467 730 1550 quod
763 1489 824 1529 usu
853 1467 1015 1547 veniebat,
1047 1467 1118 1552 lege
1147 1465 1310 1529 sancitum
1337 1488 1407 1529 esse
1435 1471 1556 1530 temere

275 1573 460 1655 sumebant,
488 1573 527 1636 de
555 1593 673 1636 corona
702 1573 899 1657 quinquertii
928 1573 975 1638 ita
1004 1577 1162 1637 certatum
1192 1577 1256 1657 est,
1284 1577 1321 1636 ut
1348 1594 1413 1635 non
1441 1573 1555 1656 quiin

274 1685 420 1744 extrema
451 1684 543 1763 parte
572 1679 756 1743 certaminis
790 1680 895 1744 victor
927 1679 1142 1763 discessisset,
1175 1680 1229 1743 sed
1261 1678 1316 1762 qui
1349 1678 1383 1742 iu
1413 1677 1556 1762 quinque

275 1787 424 1871 partibus
452 1786 526 1871 plus
554 1787 763 1851 victoriarum
792 1792 1004 1871 reportasset,
1035 1808 1155 1850 corona
1182 1791 1359 1849 ornaretur.
1406 1785 1557 1870 Exempli

277 1894 382 1978 gratia
406 1894 433 1957 si
453 1916 492 1957 ex
512 1894 654 1977 quinque
678 1894 734 1977 qui
758 1893 891 1958 uomina
914 1893 1068 1957 dederant
1090 1893 1260 1958 iuvenibus
1285 1916 1368 1957 unus
1392 1898 1450 1978 ter,
1473 1893 1556 1958 alius

275 2000 340 2085 bis,
371 2005 436 2064 tres
464 2022 624 2083 nusquam
653 2001 811 2085 vicerant,
838 2000 906 2084 ille,
936 2000 991 2083 qui
1019 2004 1069 2063 ter
1095 2001 1128 2063 in
1158 1999 1294 2085 siugulis
1324 2000 1556 2064 certaminibus

275 2108 404 2192 vicerat,
421 2107 526 2171 vietor
540 2107 642 2170 totius
658 2107 857 2192 quinquertii
872 2106 1077 2171 renuntiatus
1092 2112 1149 2190 est,
1165 2108 1232 2171 sive
1247 2107 1332 2170 saltu
1347 2129 1443 2171 cursu
1458 2108 1557 2190 lucta,

276 2214 342 2278 sive
370 2213 455 2277 saltu
482 2212 587 2277 iaculo
612 2213 716 2296 disco,
744 2214 810 2278 sive
834 2214 920 2278 saltu
943 2213 1050 2278 iaculo
1073 2213 1161 2278 lucta
1184 2213 1331 2298 superior
1355 2214 1556 2279 discesserat.

274 2320 382 2403 Atque
406 2322 485 2385 haec
509 2320 639 2403 quidem
658 2320 743 2385 ratio
763 2322 867 2386 multa
884 2322 993 2406 habet,
1017 2321 1134 2405 quibus
1154 2321 1404 2384 commendetur.
1442 2320 1555 2404 Neque

275 2432 384 2492 tamen
416 2449 551 2512 prorsus
584 2428 642 2492 illa
669 2428 882 2493 incommodis
910 2434 1007 2493 caret.
1058 2427 1202 2492 Primum
1231 2427 1259 2491 si
1287 2428 1359 2512 quis
1388 2429 1421 2490 iu
1450 2428 1556 2491 tribus

273 2535 387 2619 primis
412 2535 646 2598 certaminibus
667 2535 797 2619 vicerat,
820 2558 884 2598 uon
909 2541 978 2599 erat
1002 2559 1058 2599 cur
1082 2536 1120 2599 ad
1145 2535 1208 2598 duo
1231 2533 1356 2618 reliqua
1380 2535 1557 2599 certamina

274 2642 519 2724 descenderent,
543 2648 612 2724 aut,
637 2642 663 2704 si
688 2641 750 2705 hoc
773 2642 824 2704 lex
849 2642 1029 2723 agonistica
1052 2641 1249 2725 postulabat,
1272 2640 1411 2705 multum
1433 2641 1555 2705 laboris

273 2746 324 2811 his
349 2747 583 2812 certaminibus
602 2752 772 2832 navarent3
796 2747 834 2810 de
853 2746 962 2830 palma
980 2748 1065 2810 enim
1083 2747 1150 2811 iam
1168 2753 1276 2811 actum
1295 2752 1373 2812 erat.
1406 2747 1555 2811 Alterum
1646 2790 1652 2801 ·

274 2877 370 2938 saepe
394 2877 460 2918 non
488 2853 632 2917 accidere
660 2876 724 2917 non
753 2854 874 2937 potuit,
906 2858 943 2916 nt
970 2853 1077 2916 nullus
1106 2854 1237 2918 omnino
1263 2854 1367 2919 victor
1395 2877 1434 2917 ex
1462 2854 1554 2937 quin·

275 2961 402 3044 quertio
431 2960 623 3037 discederet3
656 2981 794 3043 namque
822 2960 850 3023 si
879 2959 999 3044 singuli
1031 2960 1065 3023 in
1093 2960 1234 3044 quinque
1265 2961 1414 3045 partibus
1447 2959 1554 3042 semel,

274 3072 331 3130 aut
350 3066 419 3130 bini
437 3067 488 3129 bis
508 3066 623 3129 tertius
644 3066 752 3150 semel,
776 3071 833 3130 aut
851 3066 988 3149 denique
1006 3088 1090 3130 unus
1108 3067 1159 3130 bis
1179 3068 1263 3130 terni
1282 3066 1381 3131 semel
1400 3067 1555 3151 vicerant,

272 3172 354 3237 nulli
373 3177 425 3235 tot
443 3173 598 3236 victoriae
617 3179 718 3247 erant,
738 3177 817 3257 quot
835 3172 944 3257 palma
963 3173 1161 3258 quinquertii
1179 3172 1375 3257 postulabat.
1415 3172 1477 3238 Sed
1491 3174 1553 3238 hoc

272 3280 511 3345 incommodum
537 3281 645 3344 nescio
670 3302 709 3343 au
734 3279 781 3343 ita
804 3302 968 3344 removere
991 3280 1101 3364 liceat,
1130 3285 1167 3343 ut
1191 3302 1288 3363 quam
1310 3281 1553 3364 interpretatio-

272 3411 346 3452 nem
375 3387 465 3451 verbi
494 3386 689 3465 ἀποτριάσαι
723 3387 928 3471 grammatici
956 3388 995 3451 ad
1025 3391 1149 3452 certum
1180 3387 1339 3470 quendam
1366 3386 1472 3452 locum
1501 3410 1553 3452 co-

273 3493 347 3558 mici
382 3497 497 3577 poetae
530 3497 586 3557 aut
619 3492 758 3556 oratoris
792 3493 1049 3578 adnotavisscut,
1080 3493 1162 3557 alios
1191 3493 1230 3556 ad
1261 3513 1373 3557 omnes
1402 3494 1552 3559 ludorum

272 3623 366 3666 casus
390 3599 528 3665 traxisse
552 3600 716 3665 ducamus.
763 3599 847 3664 Nam
872 3622 1068 3683 quamquam
1092 3623 1151 3664 usu
1176 3600 1274 3685 venit,
1296 3605 1334 3665 ut
1358 3602 1412 3686 qni
1437 3607 1486 3665 ter
1508 3601 1553 3665 vi·

272 3713 360 3773 cerat
382 3708 487 3771 victor
510 3707 611 3771 totius
636 3707 834 3790 quinquertii
859 3707 1107 3791 renuntiaretur,
1131 3712 1238 3772 tamen
1264 3708 1291 3773 si
1317 3707 1387 3791 quis
1412 3707 1462 3770 bis
1484 3711 1553 3771 tan-

271 3822 341 3881 tum
360 3816 490 3898 vicerat,
513 3837 596 3898 eum,
621 3815 648 3879 si
672 3838 710 3879 ex
730 3814 861 3900 reliquis
886 3814 1079 3878 adversariis
1097 3836 1193 3879 nemo
1212 3815 1284 3900 plus
1305 3813 1404 3878 semel
1422 3814 1553 3898 vicerat,

271 3947 390 3989 corona
426 3922 590 4008 privatum
628 3944 698 3986 esse
735 3921 923 4004 nentiquam
960 3920 1129 4005 probabile
1162 3920 1257 4007 est.³)
1313 3920 1405 3984 Prius
1442 3925 1552 3985 autem

271 4032 356 4116 quod
380 4030 449 4094 fieri
472 4031 618 4114 potuisse
643 4028 791 4113 diximus,
816 4033 939 4092 utnon
965 4051 1092 4111 semper
1115 4028 1266 4092 omuibus
1290 4027 1438 4111 partibus
1458 4027 1551 4111 quin-

362 4224 389 4290 1)
408 4223 500 4289 Atque
519 4221 578 4274 fieri
597 4221 732 4290 potuisse,
750 4222 783 4273 ut
797 4220 845 4289 qui
861 4221 995 4275 luctando
1009 4221 1201 4275 adversarium
1216 4219 1338 4288 vicisset,
1358 4219 1449 4275 victor
1462 4221 1549 4274 totius

271 4291 431 4346 certaminis
456 4292 640 4360 iudicaretur,
665 4292 685 4345 ii
710 4291 861 4345 credidisse
886 4292 1028 4360 videntur,
1052 4292 1099 4360 qui
1124 4292 1236 4344 tabulas
1260 4291 1296 4344 de
1320 4291 1451 4359 mythicis
1476 4292 1550 4344 ludis

271 4366 496 4434 Argonautarum
516 4363 591 4432 apud
610 4363 819 4427 l‘hilostratum‚
839 4381 932 4432 gymn.
948 4370 964 4415 3
984 4383 1009 4432 p.
1026 4370 1078 4416 263
1095 4363 1127 4417 K.
1147 4362 1297 4416 commenti
1317 4365 1389 4416 sunt.

360 4438 386 4501 ⁶2)
407 4436 522 4488 Ceterae
541 4434 743 4504 explicationes
762 4433 882 4488 nominis
901 4443 1066 4503 τριακιῆρος
1083 4435 1112 4487 in
1132 4433 1246 4487 scholiis
1266 4433 1365 4487 Aesch.
1382 4435 1481 4505 Agens.
1498 4439 1547 4486 171

270 4509 299 4560 et
320 4506 399 4559 verbi
423 4504 593 4573 (inaspectum
617 4506 646 4558 in
665 4506 783 4559 llekheri
804 4506 900 4559 anecd.
919 4512 971 4558 438
992 4504 1186 4572 ‘dnorprdoav
1211 4505 1317 4575 πληγὰς
1341 4514 1412 4573 τρεῖς
1433 4508 1547 4558 δοῦναί

270 4581 320 4630 aut
339 4595 393 4630 nou
413 4578 450 4629 ad
469 4576 679 4644 quinquertium
697 4576 838 4645 pertinent
856 4579 904 4628 aut
925 4592 1015 4629 errore
1034 4574 1280 4647 grauuudticorum
1299 4578 1384 4629 natae
1404 4580 1476 4630 sunt.

359 4652 385 4718 3)
405 4648 498 4701 Etiam
518 4648 630 4719 longius
648 4665 810 4716 progressus
825 4647 868 4702 Fr.
879 4646 935 4701 hlie
953 4647 981 4700 iu
996 4666 1059 4703 sinn.
1074 4648 1109 4703 cl.
1127 4648 1194 4717 phil.
1212 4653 1280 4701 1893
1300 4667 1326 4717 p.
1343 4652 1395 4700 805
1414 4646 1548 4717 speciosis

270 4718 427 4773 rationibus
455 4720 568 4773 omnino
597 4722 721 4772 eredere
750 4720 845 4771 studet
868 4717 1028 4787 opinionem
1052 4720 1085 4771 de
1110 4719 1200 4773 tribus
1225 4718 1349 4773 victoriis
1373 4718 1401 4771 in
1428 4718 1547 4789 singulis

269 4792 396 4863 partibus
416 4790 588 4860 ‹prinqucrtii
609 4790 644 4842 ad
665 4790 811 4843 villariam
829 4791 917 4843 totius
937 4791 1109 4859 ‹priuquerlii
1129 4791 1300 4845 necessariis.
