3406 5378
342 338 365 400 h
421 340 423 344 ’
467 424 472 437 ,
841 342 1116 401 Psennoomnna

346 509 453 595 specie
480 506 627 595 rhythmi
655 507 703 574 ita
725 508 886 595 recedere,
913 515 951 574 ut
973 509 1238 593 aequabilitatem
1261 507 1425 575 intervalli
1447 508 1482 574 in
1506 507 1627 595 simpli-

344 618 436 682 cibus
459 618 597 702 pedibus
621 623 763 703 servent,
790 618 1038 703 incompositis
1061 639 1127 682 non
1150 617 1243 701 item,
1269 640 1312 681 an
1333 616 1526 702 rhythmicis
1551 617 1626 681 arti-

343 723 427 789 ficiis
458 748 635 810 pausarum
666 730 700 790 et
732 726 904 811 longarum
935 724 1134 810 syllabarum
1161 723 1293 809 longius
1320 724 1551 809 productarum
1577 725 1626 788 ita

343 835 488 917 utamur,
515 838 552 897 ut
580 833 679 897 etiam
708 853 764 896 eos
787 854 913 917 versus,
940 832 996 916 qui
1020 854 1059 896 ex
1083 830 1222 916 dipodiis
1246 836 1279 894 et
1302 830 1451 914 tripodiis
1475 835 1624 895 constare

343 939 510 1025 videntur,
536 939 572 1003 in
599 939 782 1023 dipodicam
811 961 996 1004 mensuram
1025 938 1203 1024 cogamus?
1248 936 1408 1020 Equidem
1430 958 1533 1020 neque
1557 942 1624 1001 tam

343 1045 477 1110 timidus
509 1068 596 1129 sum,
629 1050 665 1110 ut
692 1046 828 1111 alteram
856 1047 1031 1129 rationem,
1059 1045 1178 1129 quippe
1207 1065 1287 1128 quae
1314 1048 1348 1107 et
1372 1066 1480 1108 rerum
1508 1049 1625 1109 natura

343 1157 377 1216 et
408 1175 469 1217 usu
502 1153 674 1216 modernae
702 1153 843 1217 musicae
871 1153 1127 1236 commendetur,
1158 1150 1371 1234 spernendam
1398 1150 1623 1237 fugiendumve

343 1259 541 1344 existimem,
576 1280 681 1342 neque
719 1263 787 1323 tam
823 1259 989 1344 pertinax,
1019 1264 1058 1322 ut
1094 1257 1245 1321 omnibus
1281 1257 1316 1321 in
1353 1257 1549 1323 carminibus
1586 1281 1625 1323 ea

343 1367 435 1432 abuti
468 1367 612 1431 audeam.
662 1364 857 1430 Praesertim
888 1366 924 1430 in
959 1366 1067 1451 longis
1104 1369 1137 1428 et
1175 1364 1277 1448 magis
1309 1364 1494 1429 recitationi
1526 1386 1623 1449 quam

343 1474 454 1539 cantui
477 1473 573 1538 factis
598 1472 682 1557 odis,
709 1472 814 1556 qualis
838 1476 888 1535 est
910 1471 1049 1556 Pythica
1072 1476 1187 1554 quarta
1210 1471 1422 1536 ducentorum
1445 1471 1624 1557 nonaginta

342 1604 460 1647 novem
496 1602 661 1665 versuum,
696 1600 809 1644 vereor
841 1601 881 1643 ne
915 1579 1034 1643 derisui
1071 1579 1127 1662 sit,
1164 1577 1220 1661 qui
1256 1582 1324 1641 tam
1359 1579 1472 1642 crebro
1509 1579 1624 1665 longas

343 1687 485 1773 syllabas
523 1710 621 1772 supra
658 1688 789 1752 modum
826 1686 1006 1770 quotidiani
1048 1684 1207 1750 sermonis
1248 1707 1350 1770 usque
1387 1686 1427 1750 ad
1464 1685 1624 1751 ambitum

343 1801 537 1880 quaternum
560 1816 724 1859 morarum
747 1794 923 1878 producere
946 1793 1032 1857 velit.
1079 1791 1201 1857 Contra
1225 1791 1413 1878 logaoedica
1436 1793 1520 1879 cola,
1542 1817 1624 1879 quae

343 1902 462 1967 fidibus
495 1906 529 1965 et
560 1901 651 1965 tibiis
683 1905 760 1965 nata
792 1906 886 1965 crant
913 1904 946 1965 et
973 1899 1088 1985 longas
1121 1897 1222 1963 trium
1254 1904 1437 1984 temporum
1469 1901 1623 1966 facillime

342 2008 574 2092 admittebant,
609 2030 687 2072 num
720 2008 830 2072 naevis
862 2007 1083 2092 dipodicarum
1116 2010 1149 2070 et
1183 2006 1413 2091 tripedicarum
1444 2009 1623 2092 percussio-

340 2136 419 2181 num
457 2115 705 2180 commixtarum
742 2114 977 2180 commaculare
1013 2113 1124 2197 liceat,
1160 2134 1257 2196 quarn
1294 2114 1432 2179 maxime
1472 2115 1621 2198 equidem

342 2223 464 2288 dubito,
502 2223 617 2306 ltaque
640 2222 693 2287 hic
718 2244 846 2306 quoque
870 2222 999 2308 singula
1021 2242 1140 2306 genera
1163 2222 1342 2286 carminum
1365 2223 1565 2310 distinguere
1589 2230 1622 2289 et

343 2352 424 2414 quae
454 2330 526 2394 aliis
554 2329 659 2415 magis
689 2328 851 2413 tripediae
877 2328 955 2393 ferri
982 2350 1078 2414 posse
1106 2327 1275 2392 videantur
1302 2334 1410 2393 mente
1437 2353 1504 2397 non
1532 2354 1621 2416 prae-

343 2443 502 2522 occupata
524 2436 707 2502 examinare
730 2437 827 2502 nobis
850 2436 955 2502 visum
978 2441 1036 2501 est.

429 2543 538 2628 Atque
566 2544 674 2609 minus
696 2566 757 2609 nos
781 2542 960 2608 sollicitant
982 2542 1142 2628 tripodiae
1164 2542 1200 2607 in
1222 2544 1285 2606 fine
1309 2565 1461 2608 versuum
1483 2545 1619 2630 positae,

341 2650 431 2714 velut
454 2651 568 2715 statim
590 2650 752 2735 inprime
776 2649 918 2715 carmine
941 2648 1008 2714 0.1
1032 2654 1088 2714 str.
1109 2651 1129 2714 6

917 2767 921 2791 ³
1016 2764 1251 2807 υ·υυι.ὶυ
1304 2781 1357 2807 υ-

342 2864 476 2930 Etenim
503 2865 564 2928 hoc
592 2864 664 2928 loco
692 2862 834 2947 tripodia
860 2885 967 2946 pausa
989 2861 1138 2947 legitima
1163 2866 1239 2947 post
1266 2864 1364 2928 finem
1389 2887 1500 2931 versus
1523 2866 1620 2931 facile

341 2972 391 3037 ita
410 2972 554 3056 suppleri
571 2974 694 3055 potest,
712 2974 750 3034 ut
768 2967 901 3033 adscitis
919 2967 1070 3033 inanibus
1089 2969 1291 3054 temporibus
1310 2971 1452 3055 tripodia
1468 2973 1503 3036 iu
1520 2973 1621 3036 ambi·

341 3083 412 3144 tum
436 3078 637 3162 tetrapodiaa
661 3078 826 3142 adcrescat
848 3075 910 3140 hoc
933 3076 1028 3139 modo

554 3203 1373 3257 alamannicarum-somma.

428 3310 541 3395 Neque
569 3309 705 3374 initialis
733 3308 889 3393 tripodia,
916 3307 943 3371 si
971 3306 1077 3391 primo
1106 3309 1259 3374 trochaeo
1286 3310 1336 3376 vel
1364 3309 1493 3393 dactylo
1519 3310 1617 3395 longa

340 3419 465 3504 syllaba
487 3417 667 3503 praemissa
690 3420 752 3499 est,
776 3415 915 3479 multum
937 3414 1038 3479 habet
1061 3415 1264 3500 offensionis,
1291 3415 1565 3500 quandoquidem,
1588 3418 1616 3481 si

338 3526 477 3610 primam
510 3524 669 3608 syllabam
698 3544 766 3586 non
792 3521 861 3586 vice
890 3521 1055 3586 anacrusis
1083 3521 1191 3608 fungi,
1223 3522 1280 3586 sed
1307 3521 1406 3585 trium
1434 3527 1616 3606 temporum

339 3655 410 3697 esse
433 3631 623 3715 statuimus,
646 3652 685 3693 ex
708 3628 850 3712 tripodia
872 3629 911 3693 fit
934 3629 1128 3714 tetrapodia,
1152 3633 1189 3692 ut
1211 3627 1245 3691 P.
1264 3645 1287 3690 x
1311 3650 1359 3713 ep.
1379 3629 1399 3693 3

719 3737 1217 3787 flammivomo-

338 3846 462 3910 Eodem
482 3849 592 3909 autem
609 3843 773 3929 pertinent
791 3864 904 3907 versus
924 3842 1097 3926 ἀκέφαλοι,
1116 3841 1308 3925 praesertim
1323 3841 1351 3906 si
1370 3865 1497 3908 versum
1512 3850 1617 3909 acuta

337 3950 472 4036 lectum,
499 3951 535 4015 in
563 3951 654 4015 cuius
682 3951 745 4014 fine
770 3972 891 4035 pausae
914 3950 1005 4014 locus
1028 3971 1094 4013 non
1116 3949 1249 4014 relictus
1273 3953 1337 4035 est,
1360 3955 1551 4036 sequuntur,
1580 3957 1617 4017 ut

338 4059 373 4123 P.
393 4061 469 4123 v12

736 4155 978 4195 υιυῑ-ὺαυ
1006 4157 1218 4197 musar-U

771 4254 871 4304 Λα..
907 4277 1077 4304 umal..

426 4360 595 4425 Facillime
619 4381 694 4425 vero
717 4359 877 4443 tripodiac
899 4360 1062 4445 perfectae
1086 4357 1346 4449 (ἀκατάληκτοι),
1375 4360 1513 4446 quaein
1537 4363 1616 4427 duas

338 4470 453 4554 longas
477 4466 619 4551 syllabas
638 4472 824 4550 excurrunt,
847 4466 1014 4553 dipodieae
1034 4490 1201 4533 mensurae
1221 4469 1459 4534 adcommodari
1478 4475 1616 4554 possunt

337 4579 475 4657 utraque
504 4574 603 4658 longa
630 4573 664 4637 in
691 4572 851 4639 ambitum
878 4579 1007 4640 ternum
1035 4581 1217 4660 temporum
1244 4576 1403 4662 producta
1429 4576 1492 4641 hoc
1519 4577 1615 4643 modo

647 4709 652 4736 =
712 4713 764 4750 -·
790 4711 855 4750 :oo
881 4742 898 4750 -
934 4723 952 4751 a
978 4701 1067 4751 μι-
1091 4680 1198 4769 (I.v11
1222 4683 1334 4772 stad)

603 4809 817 4860 uiuat.
871 4819 907 4860 r.
978 4791 1060 4860 ouo
1095 4851 1112 4861 .
1143 4789 1377 4881 (P.xlep.5)
