3406 5378
714 398 847 446 PY'l'HlA
865 398 910 449 IV.
1386 395 1450 459 149

720 557 765 622 De
788 557 910 623 uehis.

262 664 360 722 Metra
382 662 472 720 huius
495 662 615 738 epinicii
638 666 710 721 sunt
732 662 1026 739 dactylo-epitritiea,
1051 682 1179 737 quorum
1202 663 1336 739 gravitas
1359 668 1451 738 atque

173 753 350 829 simplicitas
365 752 490 811 carmini
506 770 524 808 a
538 756 636 810 stante
652 756 693 831 lv.
710 742 740 831 1)
755 754 876 811 cantore
890 753 938 810 vol
953 752 1041 811 choro
1058 786 1091 790 --
1114 752 1169 811 hoc
1189 751 1268 810 enim
1287 752 1450 811 diiudicare

174 863 231 900 non
251 842 348 901 ausim
366 873 403 881 -
421 841 453 898 in
472 841 679 900 comissatione
695 832 736 921 (v.
751 854 776 899 a.
792 834 859 921 ast)
879 841 1027 900 cantando
1051 845 1082 900 et
1105 842 1135 898 in
1159 840 1270 899 fabulis
1293 842 1450 900 narrandis

173 931 363 1008 potissimum
385 931 518 989 versanti
543 949 634 1006 quarn
658 929 784 988 maxime
808 934 896 1006 aptae
921 933 1014 989 erant.
1053 930 1193 989 Gravitas
1212 934 1314 989 autern
1333 932 1364 989 et
1382 950 1450 989 con·

172 1021 293 1098 stantia,
317 1039 394 1096 qruoe
418 1019 509 1077 huius
532 1019 650 1098 generis
673 1018 828 1078 modorum
851 1020 990 1095 propriae
1010 1022 1088 1096 sunt,
1107 1020 1198 1078 etiam
1218 1022 1323 1078 auctae
1343 1024 1451 1078 sunta

172 1114 261 1186 pocta
285 1109 438 1185 aequabili
457 1112 488 1167 et
506 1109 649 1168 continuo
669 1128 860 1167 numerorum
879 1126 976 1168 cursu.
1013 1109 1151 1184 Namque
1175 1128 1325 1184 nusquam
1346 1109 1396 1167 ille
1419 1109 1450 1166 in

172 1200 276 1259 mediis
307 1199 442 1258 versibus
472 1202 683 1274 praeterquam
713 1197 768 1255 sub
799 1197 886 1256 finem
917 1197 1056 1273 strophae
1084 1197 1271 1273 interruptus
1295 1201 1352 1275 est,
1376 1198 1448 1274 quin

174 1289 265 1347 etiam
290 1307 382 1363 supra
409 1288 497 1346 finem
520 1307 624 1347 versus
647 1287 841 1347 continuatus
865 1287 964 1346 estin
988 1287 1127 1363 strophae
1151 1290 1182 1346 et
1205 1287 1293 1363 epodi
1315 1287 1450 1347 versibus

172 1384 280 1453 quarto
310 1379 340 1436 et
368 1377 474 1453 quinto
502 1376 653 1437 continuis
681 1377 813 1435 numeris
842 1395 904 1436 sese
935 1376 1158 1452 excipientibus
1206 1376 1315 1434 Utrum
1348 1379 1448 1435 autem

172 1468 263 1526 etiam
282 1485 384 1526 versus
404 1466 511 1525 tertius
530 1469 562 1525 ct
580 1470 707 1542 quartus
726 1466 874 1544 strophae,
894 1466 1018 1541 quintus
1037 1467 1068 1524 et
1086 1468 1188 1524 sextus
1211 1466 1299 1541 epodi
1318 1467 1449 1526 numeris

173 1557 359 1631 cohaereant,
379 1574 417 1614 an
436 1560 503 1631 post
522 1556 646 1614 tertium
664 1574 784 1613 versum
804 1554 952 1632 strophae,
973 1555 1114 1630 quintum
1133 1554 1220 1630 epodi
1239 1555 1336 1613 maius
1355 1555 1447 1614 inter·

172 1645 296 1721 vallum,
320 1664 379 1720 quo
402 1644 558 1720 pericopae
583 1645 723 1720 strophae
748 1635 840 1725 (1—3.
865 1655 943 1704 4-6.
969 1636 1052 1724 7-8)
1081 1647 1112 1702 et
1134 1644 1221 1720 epodi
1251 1636 1344 1724 (1-2.
1369 1656 1447 1703 3-··o.

172 1727 255 1814 ιι-ι)
280 1734 501 1811 disiungantur,
524 1734 752 1792 interioiendum
776 1733 824 1809 sit,
848 1733 986 1791 dubitare
1009 1733 1113 1808 possis.
1159 1733 1269 1792 Breues
1293 1733 1368 1791 duas
1392 1734 1448 1792 ini·

171 1824 257 1882 tiales
283 1823 383 1881 ultimi
410 1842 514 1882 versus
543 1823 695 1899 strophae,
720 1823 829 1899 quibus
853 1822 926 1881 bono
950 1827 1020 1881 ante
1045 1822 1181 1881 sedatum
1206 1822 1319 1881 exitum
1342 1824 1447 1899 rhyth-

172 1932 237 1972 mus
261 1914 358 1971 denuo
382 1913 565 1989 concitatur,
588 1933 660 1970 num
683 1913 714 1970 in
738 1931 829 1970 unam
850 1912 970 1989 longam
993 1912 1166 1971 contrahere
1185 1915 1276 1987 poeta
1302 1912 1359 1970 sihi
1381 1933 1447 1989 per·

173 2003 294 2079 miserit,
313 2002 476 2061 electione
496 2022 522 2060 v.
542 2013 573 2060 31
594 2000 712 2077 pendet.
745 2002 789 2061 De
810 2001 985 2076 tetrapodiis
1005 2001 1160 2076 dactylicis
1180 1994 1245 2081 (str.
1265 2014 1290 2062 4.
1305 1998 1335 2060 ’6.
1355 2022 1399 2079 ep.
1416 1994 1446 2083 ὁ)

173 2091 309 2167 tripodiis
333 2091 500 2150 commixtis
524 2091 625 2150 confer
643 2110 746 2151 versus
766 2091 904 2149 similiter
922 2091 1101 2165 compositos
1122 2088 1155 2149 Ο,
1175 2109 1207 2149 vr
1226 2110 1271 2166 ep.
1291 2102 1315 2148 a.
1339 2091 1402 2150 N.1
1422 2103 1446 2150 6.

171 2202 215 2256 cp.
236 2193 260 2238 2.
280 2193 304 2237 a.
325 2200 343 2239 v
367 2200 413 2255 ep.
433 2192 456 2239 ό.
496 2181 518 2239 1.
538 2199 557 2239 v
580 2199 625 2255 ep.
645 2191 669 2240 8.
716 2179 852 2256 Denique
881 2186 911 2237 et
937 2179 969 2237 in
996 2199 1189 2238 numerorum
1218 2199 1325 2257 genere
1356 2182 1387 2239 et
1416 2180 1447 2239 in

171 2271 266 2328 lact-eo
294 2268 416 2327 flumine
445 2269 545 2344 epicae
574 2268 754 2327 narrationis
782 2267 930 2326 Pindarus
957 2269 1085 2345 vestigia
1116 2268 1277 2327 Stesichori
1305 2269 1445 2344 pressisse

171 2359 302 2435 videtur,
331 2378 420 2434 quem
444 2357 647 2427 Quintilianus
671 2357 738 2418 inst.
759 2362 833 2416 crat.
853 2376 872 2414 x
893 2369 921 2435 1,
946 2368 979 2415 σε
1003 2357 1079 2433 epici
1103 2358 1242 2417 carminis
1266 2377 1357 2416 onera
1380 2360 1447 2434 lyra

171 2448 348 2507 sustinuisse
371 2447 485 2506 laudat.

226 2585 381 2670 Σάμερον
403 2582 464 2669 μὲν
486 2587 548 2669 χρή
571 2601 608 2648 σε
630 2582 708 2668 παρ’
735 2582 833 2668 ἀνδρὶ
856 2588 944 2671 φίλῳ
1255 2589 1335 2668 Στρ.
1359 2585 1402 2652 α’.

224 2702 356 2777 στᾶμεν,
370 2692 511 2757 εὐίππου
524 2693 659 2775 βασιλῆι
669 2691 837 2776 Κυράνας,
848 2693 937 2775 όφρα
951 2691 1133 2774 κωμάζοντι
1147 2693 1211 2755 σὺν
1223 2688 1402 2780 Ἀρκεσίλᾳ,

225 2804 349 2879 Μοῖσα,
364 2799 582 2863 Λατοίδαισιν
596 2798 814 2881 ὀφειλόμενον
830 2802 975 2862 Πυθῶνι
989 2796 1016 2861 τ’
1036 2797 1137 2883 αὔξης
1151 2793 1254 2882 οὖρον
1267 2798 1393 2883 ὕμνων,
1430 2817 1446 2866 5

224 2910 308 2970 ἔνθα
330 2902 409 2970 ποτὲ
432 2903 583 2989 χρυσέων
605 2906 689 2981 Διὸς
712 2907 836 2988 αἰητῶν
858 2906 1021 2990 πάρεδρος

189 3030 204 3075 o
225 3013 285 3077 οὐκ
309 3011 480 3095 ἀποδάμου
499 3009 708 3088 ’Λπόλλωνος
730 3015 888 3095 τυχόντος
911 3011 999 3097 [ipsu

225 3129 346 3204 χρῆσεν
370 3121 540 3203 οἰκιστῆρα
564 3118 694 3183 Βάττον
716 3122 933 3204 καρποφόρου
957 3120 1100 3203 Λιβύας,
1124 3120 1216 3203 ίερὰν
1414 3136 1446 3183 10

226 3236 329 3291 νᾶσον
353 3227 397 3301 ὡς
422 3227 483 3308 ἤδη
507 3225 614 3289 λιπὼν
637 3229 799 3290 κτίσσειεν
822 3226 1023 3310 εό-άρματον

223 3337 321 3397 πόλιν
344 3331 380 3397 ἐν
403 3333 591 3419 ιλργινόεντι
614 3342 740 3420 μαστῷ,

241 3518 320 3552 vania
346 3517 450 3553 sacrm.
487 3499 571 3553 Inscr.
597 3495 734 3573 Ἀρκεσίλᾳ
753 3497 833 3571 (λείῳ
853 3499 896 3568 E)
915 3504 983 3567 Κυρ.
1003 3497 1067 3568 cipp.
1085 3499 1140 3554 GE
1157 3502 1186 3552 et
1204 3501 1231 3552 B
1250 3516 1303 3552 sec.
1323 3516 1396 3554 man.
1413 3533 1445 3540 --

171 3571 274 3625 Schol:
295 3568 448 3640 γε’χραπται
458 3570 475 3640 ί]
486 3569 545 3643 ᾠδὴ
554 3569 715 3642 Ἀρκεσιλάῳ
725 3570 925 3639 Πολυμνήστου
935 3571 1017 3623 παιδὶ
1027 3570 1071 3637 (cf.
1082 3589 1108 3625 v.
1119 3574 1155 3635 συ)
1167 3569 1315 3642 Κυρηναίῳ
1325 3570 1356 3622 τὸ
1366 3569 1447 3640 γένος

170 3652 218 3712 της
227 3642 340 3714 Λιβύης,
356 3641 501 3709 νικήσαντι
514 3642 567 3712 τὴν
581 3643 746 3711 τριακοστὴν
760 3643 874 3710 πρώτην
884 3641 1029 3708 Πυθιάδα,
1046 3641 1116 3695 ι”νιοι
1126 3640 1157 3695 δὲ
1168 3643 1216 3694 καλ
1230 3641 1281 3711 τὴν
1297 3642 1445 3729 όχδοηκοσ-

170 3715 222 3783 τὴν
239 3713 423 3782 Ὀλυμπιάδα·
444 3711 504 3767 ἀλλ’
527 3715 578 3768 otia
598 3713 721 3783 ἕχραιιιεν
741 3713 780 3775 εἰς
793 3712 844 3781 τὴν
861 3712 1049 3782 Ὀλυμπιακὴν
1064 3714 1151 3766 αὐτοῦ
1167 3711 1255 3781 νίκην,
1271 3733 1361 3767 καιτοι
1377 3714 1446 3781 μετὰ

170 3787 221 3854 τὴν
237 3785 369 3853 Πυθικὴν
388 3784 551 3854 γενομένην,
570 3783 631 3839 ἀλλ’
652 3785 691 3847 εἰς
709 3783 744 3837 τδι
763 3784 863 3838 Πόθια
882 3781 969 3853 μόνον
989 3817 1022 3823 -
1041 3790 1066 3838 3.
1086 3783 1185 3849 αὔξαις
1205 3784 1278 3839 G-
1296 3793 1321 3839 4.
1342 3785 1446 3853 αἰητῶν

170 3857 289 3911 Μοεολι.;
304 3856 404 3910 αἰετῶν
418 3857 486 3926 (der.
498 3859 537 3923 D)
551 3859 577 3911 Β
585 3858 652 3923 Οὓς
667 3858 756 3909 ἀετῶν
769 3856 858 3924 Ζηνὸς
868 3854 951 3908 Tricl.
961 3888 997 3895 -
1007 3862 1030 3909 ὁ.
1047 3855 1123 3922 ἱέρεα
1133 3856 1230 3923 Bc'D,
1241 3853 1330 3921 λε’ρεια
1341 3857 1427 3926 Steph
1439 3901 1445 3923 ,

171 3928 230 3995 ἱρέα
249 3927 319 3981 coni.
331 3927 452 3996 Boeckh,
466 3925 567 3982 Πυθία
577 3928 724 3981 Ahlwardt
738 3959 773 3966 —
788 3933 811 3981 7.
832 3924 951 3981 κτίσειεν
966 3945 1050 3996 ριτησ.
1061 3927 1100 3989 1))
1116 3927 1206 3981 BCD
1220 3959 1251 3967 -
1268 3932 1292 3981 8.
1312 3927 1445 3997 ἁργάεντι

241 4088 429 4124 censeamini.
466 4090 491 4126 v.
512 4078 536 4125 1.
574 4079 689 4138 στᾶμεν·
719 4086 831 4124 carmen
855 4088 872 4123 a
896 4073 988 4124 stante
1016 4069 1170 4139 rhapsodo‚
1185 4087 1249 4143 ¹non
1271 4069 1446 4140 tripudiante

172 4143 255 4195 choro
274 4141 445 4195 cantandum
465 4160 525 4197 esse
541 4140 686 4211 (στάσιμον
704 4138 794 4210 μέλος)
809 4141 950 4211 signifieat
964 4175 997 4181 -
1013 4148 1037 4196 ⁶2.
1058 4138 1189 4195 εὐίππου·
1210 4141 1355 4211 epitheton
1374 4142 1445 4196 hene

172 4221 200 4267 et
218 4212 296 4280 penti
316 4212 357 4265 rei
375 4214 512 4282 equestris
532 4213 676 4267 studiosae
699 4213 745 4279 (cf.
760 4212 789 4267 P.
805 4232 833 4266 iv
849 4230 879 4267 ιε.
909 4213 939 4267 P.
955 4232 971 4266 v
985 4229 1019 4268 ³5.
1039 4233 1066 4264 ix
1080 4229 1101 4268 ι,
1118 4229 1163 4268 iss.
1193 4212 1275 4282 Soph.
1292 4212 1333 4266 El.
1349 4216 1398 4281 σεο)
1417 4216 1465 4268 et'

173 4283 307 4338 victoriae
322 4283 401 4351 equis
415 4290 513 4353 partae
529 4284 775 4339 adcommodatum
790 4287 879 4337 eat-
896 4290 920 4337 3.
939 4282 1130 4351 Λατοίδαισιν,
1146 4284 1271 4353 Apollini
1285 4286 1315 4338 et
1328 4283 1444 4352 Dianae,

171 4374 242 4424 (puae
263 4355 296 4409 N.
311 4375 340 4407 rx
354 4371 367 4408 s
381 4358 521 4419 Πυθῶνος
535 4357 665 4418 αἰπεινᾶς
680 4355 830 4425 ὁμόκλαρον
849 4354 965 4410 ἐπόπται
987 4355 1117 4409 dicrmtur
1136 4387 1168 4394 —
1189 4352 1273 4423 οὖρον
1292 4354 1395 4425 ὕμνων,
1416 4360 1447 4410 ut

172 4429 203 4482 N.
220 4447 247 4479 vr
262 4443 287 4480 se
307 4424 512 4495 inducatque,
532 4428 697 4498 metaphora
712 4445 730 4479 a
743 4427 925 4496 navigatione
945 4428 1031 4482 ducta
1051 4460 1082 4466 —
1102 4433 1126 4481 4.
1147 4427 1263 4495 αἰητῶν·
1284 4427 1383 4482 schol:
1403 4426 1446 4482 ὅτι

171 4499 225 4552 ίιπδ
245 4499 313 4560 Διὸς
331 4497 489 4566 ἀφεθέντες
508 4499 538 4553 ἐκ
562 4508 617 4552 τῶν
640 4497 769 4566 περάτων
794 4509 842 4569 της
867 4507 917 4568 γῆς
942 4498 1094 4553 συνέπεσον
1120 4498 1260 4567 ἐνταῦθα,
1286 4501 1334 4553 καλ
1360 4497 1446 4562 οὕτως

171 4571 298 4639 ἐγνώσθη
322 4569 353 4623 τδ
377 4567 461 4638 μέσον
484 4579 532 4639 τῆς
555 4579 617 4640 γῆς·
645 4566 685 4624 ὦν
704 4567 810 4633 εἰκόνες
829 4570 855 4623 ολ
874 4579 972 4640 χρυσοῖ
988 4569 1133 4624 άνίκειντο
1151 4570 1229 4639 παρὰ
1248 4571 1297 4624 τὸν
1317 4571 1445 4640 ὀμφαλὸν

171 4640 255 4710 ἀετοί,
275 4641 406 4710 ἤρθησαν
426 4639 456 4694 δὲ
477 4641 507 4695 ἐν
521 4646 559 4713 τῷ
575 4645 690 4695 Φωκικῶ
705 4640 822 4714 πολέμῳ,
843 4640 875 4696 ὃν
891 4639 1044 4710 Φιλόμηλος
1063 4641 1261 4710 συνεστήσατο
1282 4643 1315 4698 cf.
1331 4643 1412 4697 Paus.
1428 4662 1445 4695 x

171 4729 204 4779 rc,
223 4731 243 4767 ι.
281 4713 321 4766 De
340 4711 454 4766 oraculo
478 4712 539 4783 ipso
559 4711 654 4766 confer
674 4698 778 4767 Herod.
798 4732 826 4765 ιν
846 4729 883 4766 155
903 4745 935 4752 -
957 4719 980 4766 6.
1000 4721 1101 4782 χρῆσεν
1120 4714 1277 4783 οἰκιστῆρα·
1304 4717 1445 4767 structura

172 4782 285 4838 Graecis
311 4783 440 4838 sollemni
467 4783 624 4838 subiectum
649 4783 788 4837 enuntiati
812 4784 951 4838 subiuncti
976 4787 1116 4853 (archoas)
1139 4784 1281 4838 obiectum
1304 4784 1443 4839 enuntiati

171 4855 293 4926 regentis
312 4857 435 4926 (χρῆσεν)
454 4855 561 4910 factum
580 4857 635 4923 est3
655 4854 689 4909 cf.
705 4855 736 4910 0.
751 4873 791 4909 vu
804 4872 830 4910 aa
845 4855 859 4909 δ
874 4854 1055 4927 Χρυσοκόμας
1074 4853 1161 4910 πλόον
1180 4851 1259 4910 εἶπεν
1274 4888 1306 4896 -
1322 4860 1345 4910 8.
1366 4857 1444 4924 ἀρηι-
