3406 5378
508 399 544 451 11.
572 399 622 448 DE
641 398 734 448 lara
753 397 914 449 marruci
935 398 1092 451 PINDARI.
1340 395 1442 450 XLVII

157 558 283 624 sancita
301 564 334 623 et
349 557 495 623 stabilita
508 558 585 642 fuit,
604 563 641 622 ut
655 564 770 643 poetae
784 559 819 624 in
833 561 1006 625 concitatis
1021 559 1168 625 versibus
1183 582 1254 624 eam
1269 560 1443 647 neglegere

157 665 248 730 nefas
268 669 430 750 putarent.
463 665 623 731 Pindarus
643 671 728 731 certe
747 688 813 732 non
832 668 938 732 solum
957 667 991 730 in
1009 667 1241 752 paeonicorum
1261 667 1442 733 carminum

159 773 303 857 strophis
331 795 391 857 pro
417 772 538 839 cretico
563 796 646 858 puro
670 771 701 860 (
720 817 739 841 υ
756 770 788 860 )
812 773 931 840 cretico
956 774 1065 839 soluto
1089 774 1140 838 vel
1163 774 1336 862 paeone(
1355 817 1374 842 o
1391 772 1442 861 oo)

158 902 237 944 usus
265 884 330 964 est,
358 881 414 944 aed
437 902 477 944 ne
500 879 534 944 in
557 879 630 944 aliis
654 880 783 964 quidem
808 881 1004 946 carminibus
1028 880 1161 945 licentia
1183 880 1316 967 longam
1341 882 1441 946 trium

160 1008 324 1051 morarum
348 986 382 1050 in
405 988 485 1051 duas
504 987 617 1052 breves
637 988 781 1052 solvendi
800 1010 934 1073 prorsus
954 988 1120 1052 abstinuit.
1160 985 1292 1052 Certum
1312 988 1442 1072 quidem

160 1090 342 1179 exemplum
366 1100 473 1159 exstat
494 1094 530 1158 in
554 1095 694 1160 carmine
717 1094 907 1181 logaoedico
931 1095 1087 1180 I.vr115,
1110 1095 1166 1159 ubi
1189 1117 1249 1180 pro

588 1213 1017 1253 ,Romul-mmo

161 1309 195 1373 in
218 1310 362 1394 strophis
385 1309 485 1375 tertia
507 1314 623 1394 quarta
646 1309 760 1393 quinta
783 1309 925 1374 admissa
947 1315 998 1374 est
1019 1309 1100 1374 haec
1123 1309 1229 1374 forma

587 1459 604 1467 ..
659 1430 1017 1467 .υυ-υυυ-υυ-ῦ

163 1524 287 1589 Eadem
314 1546 390 1589 vero
417 1523 550 1589 licentia
576 1545 733 1607 paeonem
757 1527 910 1608 quartum
933 1544 993 1607 pro
1017 1522 1147 1606 dipodia
1170 1523 1336 1589 trochaica
1358 1529 1443 1589 cata·

162 1632 279 1696 lectica
306 1631 446 1715 ponendi
475 1630 630 1715 occurrit,
657 1630 685 1695 si
713 1652 800 1696 meas
828 1631 971 1696 rationes
1001 1629 1155 1694 metiendi
1183 1631 1318 1717 probas,
1345 1631 1444 1695 etiam

162 1738 197 1803 P.
216 1741 292 1804 vl3
321 1744 354 1802 et
377 1741 468 1824 1115,
500 1739 639 1802 fortasse
669 1738 768 1803 etiam
796 1736 893 1802 0.1v
920 1741 947 1803 7.
976 1756 1000 1801 x
1023 1760 1070 1822 ep.
1096 1739 1124 1802 9.
1153 1755 1215 1801 mv
1234 1739 1263 1803 5.
1300 1736 1340 1802 N.
1359 1756 1395 1801 vr
1413 1741 1444 1803 4.

161 1864 210 1909 vn
233 1869 282 1931 ep.
302 1848 332 1912 3.
355 1849 385 1910 4.
431 1844 548 1910 Miram
576 1849 685 1909 autem
712 1845 796 1910 hanc
824 1845 990 1910 licentiam
1017 1844 1165 1929 Pindari,
1197 1868 1216 1909 a
1244 1867 1307 1929 qua
1334 1850 1444 1910 tamen

161 1975 201 2017 ne
225 1953 343 2018 scenici
368 1953 496 2038 quidem
519 1957 635 2037 poetae
658 1974 791 2037 prorsus
816 1953 1069 2036 abhorruerunt,
1092 1974 1158 2017 non
1184 1952 1279 2018 aliter
1297 1953 1445 2018 excusari

161 2083 257 2146 posse
290 2060 479 2126 crediderim
510 2059 574 2124 nisi
607 2060 694 2144 quod
726 2060 783 2124 illo
816 2065 963 2144 tempore
996 2060 1140 2124 rationes
1175 2059 1379 2145 rhythmicae
1412 2064 1445 2124 et

161 2190 331 2233 mensurae
363 2168 534 2254 longarum
568 2167 675 2252 longis
703 2166 889 2252 longorum
917 2167 1053 2232 summis
1082 2171 1211 2232 tantum
1238 2167 1444 2233 lineamentis

71 2356 74 2361 Ι
163 2275 373 2340 adumbratae
404 2295 508 2359 neque
540 2273 606 2337 iam
636 2273 676 2337 ad
705 2278 809 2339 certas
837 2274 995 2339 formulas
1023 2274 1172 2339 redactae
1203 2280 1305 2339 erant.
1352 2273 1445 2349 Quod

162 2405 237 2448 cum
258 2382 322 2467 ipsi
346 2382 550 2447 concedimus
574 2385 607 2444 et
630 2380 779 2463 inprimis
802 2381 837 2443 in
856 2380 1027 2445 concitatis
1045 2380 1189 2445 numeris
1209 2381 1341 2467 longam
1361 2386 1445 2445 cata·

161 2490 269 2555 lectici
299 2489 390 2573 pedis
418 2489 580 2571 ultimam,
614 2486 641 2550 si
669 2488 760 2552 brevi
787 2488 960 2552 intervallo
989 2487 1143 2552 catalexis
1176 2487 1310 2571 rediret,
1342 2493 1379 2550 ut
1409 2488 1444 2552 in

162 2597 309 2662 versibus
342 2595 470 2660 creticis
503 2600 536 2660 et
569 2594 811 2679 choriambicis,
842 2617 907 2659 non
939 2594 973 2658 in
1003 2595 1136 2679 plenum
1164 2595 1324 2659 ambitum
1351 2596 1443 2680 pedis

162 2703 319 2789 simplicis
342 2702 442 2766 trium
461 2706 639 2786 quatuorve
655 2707 838 2786 temporum
853 2702 1044 2787 productam
1060 2725 1129 2767 esse
1144 2702 1316 2789 largimur,
1334 2707 1445 2767 tamen

161 2811 202 2875 ab
227 2832 338 2876 eorum
360 2809 494 2873 levitate
517 2807 614 2894 longe
638 2808 812 2895 distamus,
838 2809 895 2895 qui
921 2831 1032 2875 omnes
1055 2809 1114 2873 has
1139 2808 1347 2894 quaestiones
1370 2808 1444 2893 rhy-

162 2918 302 2984 thmicas
320 2915 453 2981 inutiles
472 2920 505 2980 et
522 2919 618 2980 notas
638 2916 758 3000 dactyli
778 2917 891 3000 cyclici
910 2922 943 2981 et
961 2917 1134 3003 longarum
1149 2916 1249 2981 trium
1265 2921 1445 3001 quatuorve

162 3048 327 3090 morarum
355 3047 374 3088 a
400 3022 574 3088 schematis
598 3028 744 3087 veterum
767 3023 947 3088 carminum
971 3023 1167 3089 amovendas
1191 3045 1261 3088 esse
1286 3023 1444 3088 dictitent.
1514 3091 1515 3094 ,

162 3132 225 3197 Est
248 3132 386 3217 quadam
410 3131 539 3215 prodire
563 3135 673 3215 tenus,
696 3130 724 3194 si
748 3152 813 3196 non
838 3131 932 3195 datur
956 3131 1050 3195 ultra.

251 3240 303 3304 De
337 3238 583 3323 dipodiarum
614 3237 848 3322 rhythmicis
881 3238 1113 3303 rationibus.
1166 3238 1239 3303 Huc
1271 3261 1374 3323 usque
1406 3240 1446 3304 de

161 3346 347 3432 rhythmica
379 3368 531 3411 mensura
562 3345 679 3429 pedum
710 3344 906 3430 simplicium
934 3344 1185 3431 disputavimus,
1218 3346 1273 3410 sed
1306 3346 1446 3431 dipodiis

163 3476 290 3539 quoque
314 3459 347 3519 et
370 3454 506 3539 pedibus
531 3452 737 3538 compositis,
761 3458 799 3517 ut
821 3476 919 3537 supra
941 3452 1061 3517 iamin
1079 3453 1215 3518 metrica
1232 3458 1324 3538 parte
1348 3452 1445 3517 huius

162 3561 387 3627 commentarii
419 3561 642 3646 exposuimus,
675 3582 733 3624 sua
764 3560 813 3624 vis
844 3561 880 3624 in
912 3559 1105 3644 rhythmicis
1137 3560 1320 3625 rationibus
1348 3565 1381 3624 et
1411 3561 1445 3623 in

163 3667 392 3734 distributione
415 3667 539 3733 ictuum
564 3671 621 3731 est.
661 3666 775 3751 Neque
799 3667 884 3731 enim
910 3689 1021 3732 omnes
1040 3668 1137 3752 pedes
1157 3690 1268 3732 versus
1287 3667 1359 3752 pari
1377 3667 1446 3732 ictu

162 3777 401 3861 percutiuntur,
430 3774 485 3839 sed
509 3773 565 3838 alii
589 3773 662 3838 aliis
686 3775 851 3860 graviores
876 3780 959 3839 sunt.
1007 3775 1114 3859 Atque
1143 3775 1292 3860 dipodiae
1316 3774 1446 3860 quidem

162 3905 237 3948 cum
255 3883 338 3948 alter
356 3905 413 3967 pes
433 3880 528 3965 arsis,
547 3880 649 3945 thesis
666 3880 749 3945 alter
762 3885 872 3966 partes
888 3881 1034 3946 obtinere
1047 3878 1304 3969 perhibeatur¹),
1321 3882 1446 3948 ictuum

162 3990 228 4054 vim
255 3989 303 4053 ita
331 3988 488 4075 distingui
515 4010 575 4072 par
603 3992 666 4073 est,
694 3992 730 4052 ut
757 3988 847 4072 prior
874 4012 931 4074 pes
961 3988 1086 4053 duobus
1114 3989 1259 4074 punctis,
1288 3990 1445 4054 secundus

163 4117 228 4159 unc
247 4101 368 4181 puncto
387 4101 521 4160 notetur
545 4092 576 4180 (·
595 4137 613 4162 o
631 4141 649 4162 a
666 4091 713 4181 a),
735 4094 841 4159 velut
861 4096 982 4160 omisso
1000 4096 1069 4161 ictu
1090 4094 1226 4160 alterius
1244 4096 1335 4181 pedis
1355 4096 1445 4161 solus

162 4202 254 4288 prior
275 4206 354 4267 nota
376 4202 461 4268 ictus
486 4202 634 4288 signetur
653 4200 686 4287 (a
704 4244 722 4270 o
740 4262 755 4270 -
774 4199 816 4289 a).
849 4202 963 4288 Neque
983 4203 1070 4287 quod
1088 4223 1162 4268 raro
1181 4203 1217 4267 in
1234 4203 1345 4288 lyricis
1365 4203 1445 4268 colis

161 4307 312 4374 iambicis
344 4309 558 4375 trochaicisve
592 4308 652 4372 sub
684 4307 781 4373 finem
812 4309 967 4393 cuiusque
996 4309 1144 4395 dipodiae
1174 4333 1291 4395 anceps
1320 4310 1446 4394 syllaba

163 4416 305 4482 admissa
332 4421 396 4501 est,
422 4417 456 4481 id
480 4417 610 4481 obstare
633 4415 773 4498 videtur,
802 4416 975 4501 quominus
999 4418 1084 4483 ictus
1108 4419 1245 4482 duorum
1268 4418 1387 4503 pedum
1410 4418 1444 4482 in

162 4524 297 4590 canticis
321 4546 422 4608 aeque
446 4528 542 4608 atque
561 4525 595 4588 in
615 4523 774 4588 deverbiis
792 4547 887 4609 pares
907 4524 1007 4590 fuisse
1026 4547 1190 4612 negemus.
1225 4524 1316 4589 Idem
1335 4530 1444 4590 autem

162 4632 249 4717 quod
272 4632 311 4696 de
335 4630 508 4696 trochaicis
531 4631 744 4715 iambicisque
768 4632 914 4698 versibus
940 4633 1038 4718 valet,
1064 4632 1148 4698 valet
1171 4631 1272 4696 etiam
1295 4631 1333 4696 de
1355 4632 1445 4718 loga-

252 4863 279 4932 1)
297 4878 323 4918 v.
342 4859 458 4916 Aristid.
479 4858 595 4926 Quintil.
615 4860 650 4915 de
670 4877 765 4918 mus.1
780 4868 822 4919 39.
