3406 5378
281 336 323 397 36
755 336 904 387 crunam
922 336 1088 389 sermore.

282 503 319 560 ab
347 503 534 561 invocatione
563 501 634 560 deae
658 502 847 579 Camarinae,
872 505 1015 577 patronae
1039 502 1122 559 lacus
1146 505 1176 558 et
1198 501 1281 558 urbis
1305 501 1501 578 cognominis,
1526 502 1555 559 in

281 591 379 649 media
398 596 429 649 et
447 591 604 666 principali
624 596 709 667 parte
729 591 846 650 laudem
866 592 1014 649 virtutum
1029 590 1150 649 victoris
1169 591 1369 666 amplectitur,
1388 590 1418 647 in
1438 591 1556 667 epilogo

282 700 336 755 pro
364 681 461 739 salute
485 680 549 738 eius
573 681 623 755 pia
646 684 717 740 vota
741 681 827 754 facit3
855 680 958 738 fabula
982 699 1102 754 prorsus
1125 683 1214 737 caret.
1261 679 1426 754 Tripartita
1449 678 1556 738 divisio

282 769 450 846 argumenti
474 769 613 828 camurinis
636 789 703 827 cum
727 769 824 826 tribus
852 769 982 827 metricis
1005 768 1151 844 pericopis
1179 767 1321 844 concinit,
1349 787 1410 842 qua
1433 768 1468 826 de
1492 772 1556 826 arte

281 858 373 915 etiarn
404 878 422 916 a
452 858 581 916 Pindaro
612 859 642 915 in
674 858 887 933 posterioribus
917 857 1098 916 carminibus
1127 857 1284 916 observata
1320 857 1349 914 in
1380 862 1556 934 argumento

281 947 420 1005 carminis
441 945 730 1022 0.x111disputavi.
765 947 921 1005 Praeclaro
948 966 1015 1005 vero
1039 947 1175 1004 acumine
1198 946 1365 1004 Boeclrhius
1389 947 1556 1022 expiscatus

281 1039 326 1094 est
356 1041 415 1094 tres
444 1036 498 1094 has
528 1040 628 1110 partes
658 1036 834 1113 singillatim
867 1034 947 1111 apud
979 1035 1038 1093 tria
1069 1035 1192 1093 deorum
1221 1036 1358 1111 delubra,
1390 1055 1467 1111 quae
1496 1055 1555 1094 non

281 1143 389 1202 magno
413 1124 511 1199 spatio
535 1124 689 1202 distarent,
712 1128 849 1184 cantatas
873 1143 935 1183 esse
958 1125 1015 1181 huc
1039 1124 1111 1181 illuc
1134 1125 1290 1183 accedente
1314 1124 1411 1182 choro.

825 1260 869 1325 De
892 1261 1014 1326 metris.

370 1373 466 1431 bletra
492 1374 582 1431 huius
610 1374 749 1432 carminis
776 1375 873 1431 multa
900 1373 1011 1431 babent
1038 1374 1202 1448 peculiaria
1233 1377 1264 1431 et
1293 1392 1311 1430 a
1341 1373 1462 1431 Pindari
1491 1377 1554 1432 arte

281 1463 387 1521 aliena.
434 1462 584 1538 Imprimis
616 1482 718 1522 versus
751 1462 977 1538 ithyphallicus,
1006 1462 1057 1537 qui
1086 1463 1148 1537 ipse
1182 1462 1291 1537 lyricae
1323 1462 1426 1521 Musae
1456 1463 1555 1522 minus

281 1552 420 1611 convenit
434 1556 464 1609 et
479 1555 587 1627 quater
602 1552 631 1609 in
646 1554 708 1609 tarn
723 1551 804 1610 brevi
820 1552 949 1609 carmine
964 1550 1098 1628 recurrit,
1118 1551 1154 1609 ab
1175 1551 1327 1629 ingeniosa
1342 1552 1555 1612 numerositate

283 1642 361 1700 vatis
385 1641 517 1699 Thebani
542 1640 704 1699 abhorrret.
742 1639 866 1698 Carmen
890 1659 908 1697 a
931 1641 1020 1699 choro
1044 1641 1073 1698 in
1098 1660 1208 1715 pompa
1231 1640 1313 1698 tibiis
1336 1640 1438 1716 Lydiis
1461 1643 1554 1700 succi-

281 1730 429 1807 nentibuS,
454 1749 522 1787 cum
546 1729 681 1788 Psaumis
705 1729 800 1788 victor
823 1729 852 1786 in
876 1729 1006 1804 patriam
1029 1729 1146 1807 rediret,
1170 1733 1205 1786 ut
1227 1748 1367 1788 coronam
1390 1731 1418 1787 in
1442 1732 1554 1805 templo

282 1819 432 1877 Minervae
465 1818 641 1896 deponeret,
673 1821 828 1876 cantatum
863 1837 926 1877 esse
962 1821 1050 1893 poeta
1083 1817 1145 1893 ipse
1177 1818 1295 1876 monuit
1327 1838 1372 1877 vv.
1397 1830 1421 1876 3.
1447 1831 1487 1878 10.
1513 1831 1553 1878 19.

281 1907 353 1966 Inde
382 1911 480 1985 toturn
508 1926 627 1966 carmen
654 1928 689 1965 en
716 1906 845 1982 dipodiis
873 1911 1008 1966 constare
1036 1911 1066 1965 et
1093 1906 1201 1982 pedum
1230 1906 1445 1982 dactylicorum
1477 1908 1554 1967 idem

282 1996 362 2072 quod
386 1996 593 2056 trochacorum
624 1997 754 2071 spatium
783 2014 845 2055 esse
869 1997 930 2056 veri
955 1996 1141 2055 simillimum
1165 2001 1217 2056 est.
1260 1995 1360 2071 Atque
1385 1996 1471 2071 epodi
1496 2017 1558 2055 ver·
1588 1989 1590 1992 ⁴

282 2104 345 2161 sue,
377 2087 401 2143 si
430 2105 448 2143 a
477 2085 532 2144 fine
561 2103 664 2144 versus
693 2085 811 2143 initium
840 2086 998 2144 scandendi
1027 2085 1133 2162 facias,
1165 2088 1229 2143 tarn
1256 2084 1344 2153 facile
1367 2085 1397 2143 in
1422 2085 1558 2161 dipodias

282 2174 467 2251 dividuntur,
491 2178 525 2231 ut
549 2175 600 2249 qui
625 2175 806 2250 relinquitur
829 2174 976 2249 spondeus
1003 2175 1136 2251 initialis,
1160 2174 1222 2233 rim
1245 2173 1403 2234 σπονδείον
1426 2174 1558 2252 μείζονος

281 2263 390 2322 habere
418 2267 608 2340 coarguatur.
659 2264 731 2322 Inde
760 2264 899 2340 strophae
928 2283 1047 2340 quoque
1076 2281 1179 2322 versus
1210 2263 1356 2322 secundus
1389 2268 1419 2322 et
1450 2265 1558 2322 tertius

281 2372 341 2429 quo
366 2356 453 2427 pacto
478 2353 636 2411 scandendi
664 2354 725 2410 sint
752 2356 844 2428 patet.
913 2353 1064 2430 Ambigua
1088 2353 1181 2411 solius
1204 2352 1293 2427 primi
1317 2371 1420 2412 versus
1443 2354 1558 2412 scansio

281 2445 339 2517 est;
368 2461 438 2500 narn
466 2441 554 2518 duae,
583 2461 673 2518 quae,
704 2442 728 2499 si
756 2461 853 2518 neque
877 2442 1022 2517 tripodias
1046 2441 1174 2516 dipodiis
1198 2441 1362 2501 immiscere
1386 2462 1482 2518 neque
1505 2443 1558 2500 uni

281 2532 388 2609 longae
412 2550 461 2589 sex
485 2535 653 2607 temporum
676 2530 824 2589 ambitum
842 2531 974 2590 tribuere
994 2530 1095 2607 audeS,
1114 2531 1239 2606 proponi
1259 2534 1385 2621 ppssnnt
1403 2550 1558 2590 mensurae
1655 2584 1660 2591 .

581 2653 585 2660 ’
672 2634 1288 2717 mor-soc-o¹.',-oa‘-ts<

581 2767 586 2776 ·
674 2739 1272 2804 .υυῑ’--υυ;υΙ-;υ-Λ

282 2872 385 2912 earum
407 2856 514 2911 neutra
538 2850 725 2910 dubitatione
749 2853 838 2909 caret.
880 2850 1048 2909 Pausarum
1071 2870 1191 2926 quoque
1215 2851 1376 2912 intervalla
1398 2853 1477 2914 inter
1500 2853 1557 2912 sin·

281 2942 370 3020 gulos
397 2959 495 3000 versus
519 2940 733 2999 intercedentis
757 2940 788 2997 in
812 2939 925 3017 Proleg.
946 2958 996 2998 avr
1019 2937 1140 2999 definire
1165 2958 1256 3000 ausus
1279 2959 1354 3000 sum.

1196 3118 1277 3196 Στρ.
1302 3114 1344 3177 α’.

488 3199 635 3285 Ὑψηλᾶν
658 3201 779 3287 ἀρετᾶν

539 3306 593 3372 καὶ
617 3309 791 3392 στεφάνων
815 3311 923 3373 ἄωτον
946 3310 1073 3390 γλυκὺν

494 3427 561 3480 τῶν
586 3417 777 3502 Οὐλυμπίᾳ,
805 3414 964 3479 Ὠκεανοῦ
986 3417 1150 3499 θύγατερ,

540 3524 661 3608 καρδίᾳ
683 3527 816 3603 γελανεῖ

496 3629 766 3712 ἀκαμαντόποδός
788 3627 815 3692 τ’
843 3629 970 3711 ἀπήνας
993 3628 1088 3693 δέκευ

545 3738 697 3819 Ψαύμιός
719 3759 753 3799 τε
777 3736 883 3819 δῶρα·

354 3949 433 3983 vanu
458 3948 560 3984 ascrro.
598 3930 681 3982 Inscr.
710 3932 748 3999 τῷ
767 3928 883 3999 αὐτῳ’
868 3947 963 3999 απηνη
987 3930 1036 3982 καὶ
1061 3927 1153 3996 κέλητι
1179 3929 1227 3982 καὶ
1251 3925 1398 4019 τεθρίππῳ
1428 3930 1494 3996 AO,
1520 3951 1557 4002 τῳ

283 4003 357 4056 αὑτῶ
378 4001 473 4071 ἀπήνη
494 4002 541 4054 καὶ
561 4000 649 4068 κέλητι
670 3984 784 4053 BD—
809 3984 913 4052 Schot:
933 3994 1205 4072 γέγραπταιηηολδὴ
1219 4004 1257 4071 τῷ
1276 4001 1351 4073 αὐτῷ
1369 3972 1494 4090 ιῘῙαιίμιὸι
1514 3988 1556 4054 τὲ·

282 4058 403 4195 θρίππῳ
417 4074 464 4125 καὶ
483 4072 579 4142 ἀπήνῃ
598 4072 644 4124 καὶ
665 4069 756 4139 κέλητι
777 4089 934 4159 sacrasacra
953 4090 1004 4138 την
1023 4056 1212 4140 ὀγδοηκοστὴν
1226 4056 1361 4138 ductionis
1378 4070 1557 4162 Ulvpacctda,

282 4145 345 4211 περὶ
371 4128 403 4196 dt
429 4151 477 4210 τῆς
502 4142 613 4210 ἀπηνης
640 4141 772 4227 Πολέμων
797 4139 895 4210 φησιν
922 4140 1016 4266 ἤγετοὸ
1023 4141 1054 4196 dl
1074 4142 1104 4196 ἐν
1121 4140 1254 4231 Ὀλυμπία
1273 4143 1384 4211 ἀπήνης
1402 4145 1491 4212 ἀγών,
1510 4141 1557 4196 καί

283 4215 353 4268 εἰσιν
373 4233 398 4267 οι
392 4211 656 4303 ἀγωνισάμενοι
643 4210 765 4301 ημίονοι·
785 4212 1031 4301 καταλοθῆναιὸὲ
1051 4221 1132 4267 τουτο
1146 4214 1177 4267 τὸ
1191 4198 1335 4283 ἀγῶνιομα
1355 4214 1425 4267 κατὰ
1444 4234 1496 4282 την
1511 4214 1557 4268 οδ’

283 4288 361 4353 (corr.
378 4285 440 4352 ad)
457 4283 629 4353 Ὀλυμπιάδα
649 4286 694 4337 καὶ
716 4279 788 4337 εἶναι
805 4284 842 4353 ιγ’
864 4304 944 4346 νικας
958 4283 1003 4352 (ts
1020 4284 1100 4339 Paua
1115 4302 1168 4353 ia,
1184 4303 1203 4352 1,
1223 4284 1294 4339 Prol.
1311 4290 1434 4347 nxxrl-
1455 4291 1480 4340 λ.
1500 4286 1556 4338 ccl

282 4356 364 4425 Byr:
384 4355 422 4408 ὀλ.
443 4354 616 4408 ABOD-

354 4514 541 4550 counsnrnnn
580 4515 605 4550 r
625 4503 649 4552 2
674 4495 808 4551 Ὠκεανοῦ
831 4497 969 4566 θογατερ
996 4497 1095 4552 schol·
1120 4496 1290 4587 Ἀριοταρχος
1309 4499 1407 4553 ἀκούει
1423 4497 1556 4553 Ὠκεανοῦ

281 4565 425 4637 θυγατέρα
446 4566 614 4637 Καμάριναν
632 4589 684 4636 την
702 4566 802 4638 λίμνην
820 4572 855 4637 (v
870 4585 890 4622 4
908 4572 950 4636 11),
970 4568 1023 4637 ἀφ’
1044 4588 1077 4634 ης
1095 4572 1141 4623 καὶ
1166 4591 1217 4638 την
1235 4571 1318 4625 πόλιν
1338 4569 1553 4640 &sapaudus--

282 4644 306 4693 3
327 4642 414 4719 δῶρα·
436 4655 577 4708 coronam,
596 4640 715 4693 fortasse
734 4640 820 4693 etiam
839 4639 970 4692 rhedam·
964 4639 1093 4709 p,lnrali
1113 4641 1149 4694 ad
1169 4658 1228 4695 rem
1246 4641 1406 4724 augendam
1424 4659 1490 4695 usus
1505 4644 1556 4708 est,

281 4711 410 4778 quamvis
434 4710 561 4764 Pssumis
585 4728 669 4764 unam
696 4726 826 4764 coronam
846 4684 978 4765 meruerit
996 4727 1085 4779 neque
1105 4712 1260 4782 pluribus'
1252 4731 1281 4766 m
1300 4712 1449 4782 generibus
1468 4716 1557 4767 certa·

281 4781 387 4835 minum
407 4782 520 4845 vicerit;
493 4781 621 4836 νοΐ
603 4794 707 4851 αρμασι
726 4799 776 4851 pro
795 4780 897 4850 ἅρματι
920 4783 950 4838 Ρ.
969 4801 1023 4839 1³³
1042 4815 1076 4824 —
