3406 5378
700 397 850 447 ISTthIA
868 396 908 446 111
928 394 997 465 [lV].

226 574 259 619 ao
293 555 347 621 καὶ
371 559 535 641 νεόδματα
557 557 796 640 στεφανώματα
818 560 950 640 βωμῶν,
974 553 1114 640 αὔξομεν

294 667 422 748 ἔμπυρα
445 670 633 748 χαλκοαρᾶν
656 662 740 728 ὀκτὼ
764 666 954 746 θανόντων,

292 773 370 847 τοὺς
394 771 534 853 Μεγάρα
558 769 628 835 τέκε
650 777 705 835 ίοι
729 768 902 855 Κρειοντὶς
924 772 1033 847 υἱούς·

213 889 267 940 osi
292 890 400 942 τοῖσιν
423 878 459 944 ἐν
483 879 666 962 δυθμαῖσιν
689 877 796 960 αὐγᾶν
819 874 902 962 φλὸξ
926 876 1166 960 ἀνατελλομένα
1192 874 1326 961 συνεχές
1435 894 1485 940 ιιο

344 989 547 1069 παννυχίζει,

293 1091 413 1175 αἰθέρα
435 1093 602 1178 κνισάςντι
626 1095 811 1170 λακτίζοισα
834 1102 962 1179 καπνῷ·

226 1323 259 1368 σε
293 1304 347 1370 καὶ
371 1306 527 1390 δεύτερον
550 1300 636 1391 ἆμαρ
660 1304 773 1371 ἐτείων
796 1302 886 1390 τέρμ’
911 1304 1045 1370 ιἰέθλων
1292 1304 1357 1370 'Era
1377 1303 1412 1369 ε’.
1434 1322 1484 1369 115

291 1416 431 1496 γίνεται,
455 1414 568 1497 ίσχόος
591 1416 698 1498 ἔργον.

290 1521 374 1583 ἔνθα
398 1516 577 1595 λευκωθεὶς
599 1519 684 1604 κάρα

210 1636 266 1699 (ιο)
290 1626 427 1711 μύρτοις
450 1624 500 1691 ὅδ’
526 1625 610 1711 ἀνὴρ
634 1628 774 1690 διπλόαν

282 1860 323 1908 80.
343 1852 483 1924 νεόδμήτα
502 1854 657 1909 Mommsen
676 1886 709 1894 -
729 1861 771 1909 82.
790 1852 869 1908 τέκεν
889 1851 917 1908 οί
935 1854 1005 1909 coni.
1021 1854 1148 1909 Schmid:
1168 1853 1196 1908 οὶ
1212 1850 1275 1908 τέκε
1293 1854 1403 1920 BD¹¹⁰‚
1423 1853 1485 1908 τέκε

211 1930 275 1994 (οιιι.
296 1925 331 1994 οὶ)
350 1926 415 1978 D⁵⁰
435 1958 466 1965 —
484 1927 629 1993 Κρειοντὶς
643 1925 769 1981 Schmid:
788 1927 921 1994 Κρεοντὶς
935 1926 1015 1981 codd.
1030 1958 1065 1966 —-
1083 1925 1146 1994 υίης
1159 1926 1189 1980 D
1203 1957 1236 1965 -
1252 1930 1294 1980 83.
1309 1927 1440 1979 ἀναπελλ.
1457 1926 1486 1980 D

212 2029 243 2035 —
264 2002 306 2050 84.
328 1995 507 2062 πλακτίζοισα
525 1996 634 2051 Hecker
653 2029 686 2037 —
706 1995 823 2065 αίθέραε
842 1997 913 2065 ἀέρα
932 1997 1004 2052 Plut.
1024 1998 1058 2051 de
1078 1997 1157 2067 prim⁴
1177 1995 1241 2068 frig.
1263 2014 1287 2050 ιο
1306 2028 1339 2036 -
1358 2006 1485 2051 κνισᾶντι

211 2069 237 2120 Β
248 2068 286 2132 D,
306 2067 447 2122 κνισάεντι
466 2069 619 2122 Mommsen
639 2100 673 2108 —-
693 2074 734 2124 85.
754 2066 831 2138 τέρμ’
853 2068 965 2123 ἀέθλων
984 2068 1110 2124 Schmid:
1130 2068 1243 2122 ἀέθλων
1262 2067 1348 2138 τέρμα
1366 2068 1431 2123 BD
1451 2099 1483 2106 -

212 2144 254 2192 87.
274 2140 434 2207 λευκανθίχς
457 2139 527 2193 coni.
548 2140 656 2194 Hecker
675 2171 708 2180 -

283 2286 323 2335 79.
348 2281 384 2335 ab
408 2281 535 2335 Herculis
559 2281 729 2336 facinoribus
755 2283 858 2336 transit
881 2283 917 2335 ad
940 2283 1021 2336 ludos
1043 2281 1171 2336 Herculis
1197 2281 1346 2336 Thebanos
1373 2284 1401 2335 et
1429 2281 1486 2334 vic-

213 2350 300 2405 toriae
326 2352 433 2406 Melissi
458 2352 500 2406 ibi
523 2354 620 2422 partas
648 2385 679 2393 -
703 2352 845 2422 Ἀλεκτρᾶν
871 2353 929 2407 soil.
949 2358 1052 2408 πυλᾶν·
1081 2357 1146 2407 ante
1172 2353 1224 2407 has
1250 2355 1345 2422 portas
1372 2352 1485 2406 domum

212 2423 422 2492 Amphitryonis
442 2431 471 2477 et
492 2423 629 2493 templum
649 2424 777 2479 Herculis
796 2428 825 2479 et
843 2424 1000 2495 sepulcrum
1019 2425 1139 2479 filiorum
1158 2424 1285 2478 Herculis
1304 2426 1333 2478 et
1352 2424 1484 2494 Megarae

212 2493 297 2547 fuisse
312 2494 399 2547 tradit
416 2495 497 2550 Paus.
512 2511 587 2551 1111.
616 2495 721 2551 Schol:
740 2496 902 2562 Χρύσιππος
920 2496 990 2564 πρὸς
1008 2505 1068 2558 ταῖς
1086 2494 1272 2565 καλουμέναις
1290 2495 1376 2563 φησὶν
1393 2493 1456 2548 'Hel
1475 2526 1485 2534 ·

210 2585 288 2631 τραις
306 2565 406 2628 πόλαις
423 2564 531 2637 ᾤκησεν
547 2563 725 2635 Ἀμφιτρύων.
760 2567 958 2622 Praeverbium
976 2566 1103 2635 ὕπερθεν
1122 2584 1154 2621 eo
1173 2567 1304 2637 pertinet,
1323 2566 1398 2635 quod
1417 2582 1482 2619 arae

210 2638 288 2689 extra
302 2641 398 2706 portas
408 2637 563 2692 Electrides
577 2643 702 2692 erant-
711 2644 753 2692 80.
769 2640 973 2709 στεφανώματα
988 2640 1086 2710 βωμῶν
1097 2637 1215 2692 corollas
1225 2636 1369 2707 intellego,
1380 2635 1481 2705 quibus

211 2724 274 2761 aras
294 2708 459 2777 cingebant3
479 2726 513 2762 ea
531 2711 673 2778 νεόδματα
692 2710 823 2777 audiunt,
843 2711 918 2780 quod
937 2726 1031 2764 recens
1055 2727 1089 2764 ex
1115 2709 1228 2763 floribus
1255 2708 1386 2776 foliisque
1411 2725 1483 2762 nexa

209 2781 297 2834 erant,
330 2779 433 2833 Contra
452 2780 694 2841 Wilamowitzius.
714 2780 776 2836 Eur.
792 2782 871 2835 Herc.
886 2801 895 2834 1
910 2798 948 2836 sss
964 2798 1027 2835 aras
1046 2781 1122 2852 ipsas
1141 2797 1229 2851 nuper
1248 2780 1339 2834 denuo
1359 2783 1482 2833 exstruc-

211 2855 255 2903 tas
275 2867 333 2904 esse
353 2851 567 2922 interpretatur:
587 2851 658 2906 Dass
677 2851 782 2906 Pindar
801 2853 846 2907 die
864 2852 962 2907 Altitre
981 2850 1123 2934 νεόδματα
1141 2853 1236 2920 nennt,
1256 2850 1295 2905 ist
1311 2850 1392 2904 nicht
1410 2868 1485 2921 weg·

210 2923 355 2987 audenter,
375 2924 443 2977 uber
457 2939 486 2976 es
500 2923 577 2976 kann
596 2923 667 2978 auch
682 2925 850 2978 verstanden
865 2925 990 2989 werden3
1009 2924 1056 2978 bei
1071 2924 1120 2978 der
1133 2923 1314 3046 Belagerunfi
1326 2927 1377 2975 479
1392 2939 1487 2976 waren

211 2993 256 3045 die
272 2993 424 3048 Vorstttdte
443 2993 572 3048 Thebens
592 2997 750 3061 verwr'istet
769 2994 815 3049 die
829 2995 926 3049 Alttre
945 2995 1094 3049 bedurften
1113 2995 1173 3049 also
1193 3011 1268 3049 emes
1315 2993 1438 3047 eubaues
1452 3026 1487 3034 —

212 3063 347 3133 αὔξομεν·
367 3064 401 3118 cf.
416 3065 481 3118 Eur.
497 3064 581 3135 Hipp.
596 3082 635 3119 εει
650 3065 696 3118 ἐπὶ
710 3064 833 3129 Πυθίοις
846 3068 993 3136 τεράμνοις
1007 3067 1111 3139 βοότοιν
1127 3063 1218 3135 φόνον
1234 3064 1331 3127 Ἑλλάς
1350 3060 1391 3118 κί’
1411 3065 1487 3131 δέξει

213 3166 248 3173 -
271 3139 444 3204 χαλκοαρᾶν,
470 3136 640 3189 bellatomm
668 3153 731 3191 aere
758 3140 941 3200 armatorum3
967 3138 1001 3191 cf.
1021 3138 1040 3191 Ι.
1060 3157 1078 3192 v
1095 3155 1120 3191 ιι
1149 3135 1286 3207 Μέμνονα
1314 3135 1486 3206 χαλκοάραν·

214 3205 316 3258 mirum
337 3209 388 3273 est,
408 3206 456 3260 sed
475 3207 598 3261 metricis
613 3207 770 3261 rationibus
784 3208 988 3278 explicandum,
1003 3209 1078 3277 quod
1092 3208 1229 3263 recentior
1243 3208 1380 3261 Pindarus
1395 3208 1488 3262 soluta

217 3278 307 3330 l'orma
334 3277 505 3347 patronique,
528 3277 665 3332 Homerus
693 3278 834 3368 antiquior
860 3283 945 3349 poeta
967 3284 1112 3334 contracta
1135 3281 1273 3350 χαλκηρης
1297 3296 1364 3332 usus
1388 3283 1431 3333 est
1453 3312 1488 3319 -

219 3348 289 3402 όκτὼ
309 3347 470 3404 θανόντων·
490 3349 589 3404 schol:
608 3351 671 3417 περὶ
691 3359 746 3404 τῶν
768 3350 910 3418 Ηρακλέος
929 3350 960 3405 έκ
973 3350 1109 3420 Μεγάρας
1124 3354 1235 3405 παίδων
1248 3348 1406 3439 Λυσίμαχός
1420 3348 1489 3419 φησί

217 3439 295 3482 τινας
319 3420 451 3490 ἱστορεῖν,
475 3419 511 3490 μὴ
535 3420 590 3475 ὑπὸ
612 3419 761 3490 Ἡρακλέος
780 3421 840 3475 ἀλλ’
861 3420 916 3476 ὑπό
934 3443 1018 3476 τινων
1041 3425 1271 3491 δολοφονηθῆναι
1293 3424 1390 3487 ξενων·
1412 3422 1438 3475 οὶ
1456 3421 1486 3475 δὲ

215 3493 310 3544 Adrou
336 3492 384 3545 τὸν
410 3492 525 3564 βασιλέα
550 3493 637 3562 φασὶν
663 3493 765 3556 αὐτοὺς
789 3502 937 3562 φονεῦσαι·
965 3492 1116 3562 Σωκράτης
1141 3493 1171 3547 δὲ
1199 3494 1254 3547 ὑπδ
1273 3491 1378 3562 Αὐγέου
1401 3494 1488 3561 φησὶν

217 3564 318 3624 αὐτοὺς
337 3566 577 3632 δολοφονηθῆναι.
596 3565 643 3617 καὶ
662 3565 727 3632 περὶ
744 3572 793 3617 τοῦ
811 3566 936 3634 ἀριθμοῦ
955 3563 986 3618 δὲ
1005 3565 1195 3618 διαλλάττουσι
1216 3568 1271 3618 κτλ.
1299 3563 1437 3617 Fabulam
1454 3580 1487 3617 ex

220 3634 360 3702 Euripidis
379 3634 497 3689 Hercule
521 3634 716 3705 pervulgatam
740 3636 774 3688 de
797 3635 863 3689 filiis
887 3636 923 3689 ab
942 3635 1060 3689 Hercule
1080 3639 1159 3705 patre
1178 3634 1286 3689 furente
1305 3635 1405 3689 occisis
1423 3634 1487 3687 Pin-

219 3705 303 3757 darus
329 3706 453 3759 nondum
478 3706 558 3760 novit
582 3709 632 3761 aut
651 3724 680 3761 se
698 3706 809 3761 novisse
828 3706 1029 3771 dissimulavit;
1055 3725 1081 3761 v.
1099 3706 1301 3774 Wilumowitz‚
1324 3706 1388 3759 Eur.
1407 3706 1487 3760 Herc.

218 3795 225 3826 1
248 3793 286 3829 :aa
302 3794 336 3830 ss.
358 3809 391 3816 —
411 3782 452 3832 82.
475 3776 631 3845 liquentie,
655 3778 780 3832 Creontis
799 3777 871 3844 lilia3
895 3797 920 3832 v.
939 3778 1003 3831 Eur.
1022 3778 1102 3831 Herc.
1121 3794 1134 3829 s
1153 3808 1186 3817 —
1206 3782 1248 3829 83.
1273 3778 1303 3830 έν
1322 3779 1488 3847 δυθμαῖσιν·

218 3846 318 3902 schol:
346 3848 413 3911 ἔθος
430 3849 500 3917 πρὸς
518 3848 625 3919 δυσμάς
644 3850 798 3920 ἱερουργεῖν
816 3858 873 3911 τοῖς
891 3847 989 3918 ἥρωσι,
1012 3848 1084 3902 κατὰ
1103 3849 1152 3911 τὰς
1170 3847 1308 3911 ἀνατολὰς
1325 3856 1383 3910 τοῖς
1401 3853 1488 3910 θεοῖς.

217 3918 295 3971 Idem
313 3919 396 3973 docet
413 3920 498 3974 schol.
514 3919 606 3989 Apoll.
622 3920 686 3992 Arg.
706 3940 716 3972 1
733 3937 785 3977 ost:
807 3922 870 3987 περὶ
889 3920 968 3988 ἡλίου
987 3920 1108 3990 δυσμοός
1126 3918 1288 3988 ἐναγίζουσι,
1307 3927 1365 3982 τοῖς
1382 3918 1413 3972 δὲ
1435 3922 1489 3974 Od-

220 3988 348 4055 ρανίδαις
366 3991 421 4044 tut
439 3992 490 4060 τὴν
509 3990 544 4045 lor
564 3991 761 4055 ἀνατέλλοντος
779 4000 828 4046 τοῦ
842 3989 922 4062 ἡλίου
939 4038 943 4047 ,
961 4036 965 4045 .
983 3990 1037 4045 ,τὰ
1052 4001 1109 4056 τοῖς
1123 3999 1231 4059 νεκροῖς
1245 3990 1425 4060 έναχιζόμενα
1440 3990 1488 4044 διά

214 4061 245 4113 τὸ
269 4061 300 4115 ἐν
318 4070 351 4132 τῇ
371 4070 405 4131 νῇ
424 4064 516 4117 αὐτῶν
535 4063 746 4132 ἀποτέμνεσθαι
763 4063 813 4126 τὰς
831 4063 966 4132 κεφαλάς·
992 4061 1063 4116 οὕτω
1086 4061 1139 4131 γάρ
1157 4063 1260 4117 θέουσι
1278 4071 1336 4124 τοῖς
1353 4059 1489 4132 χθονίοις,

211 4141 267 4195 τοῖς
286 4132 317 4186 δὲ
337 4132 482 4201 οὐρανίοις
505 4134 564 4189 dvo
584 4132 808 4203 ἀναστρέφοντες
825 4135 875 4189 τὸν
893 4134 1030 4204 τράχηλον
1049 4133 1209 4202 σφάζουσιν.
1247 4133 1281 4187 ef.
1302 4133 1388 4186 sehol.
1407 4132 1487 4186 Hom.

215 4206 289 4271 Θου,
308 4205 419 4258 Lobeck
438 4205 577 4276 Aglaoph.
596 4223 645 4273 ur,
665 4207 771 4260 Usener
790 4205 991 4260 thternamen
1009 4224 1035 4275 p.
1057 4221 1093 4258 ιιι
1113 4237 1146 4244 -
1166 4204 1196 4259 ἐν
1215 4207 1369 4274 δυθμαῖσιν
1388 4205 1488 4273 αόχᾶν,

211 4274 269 4328 sole
293 4275 489 4330 occidente-
510 4282 552 4332 8ο.
578 4274 673 4331 ἐτείων
695 4274 774 4347 τέρμ’
797 4274 921 4345 ἀέθλων,
945 4276 1035 4331 altero
1058 4275 1104 4329 die
1128 4293 1222 4329 annua
1244 4275 1399 4330 certamina
1422 4292 1485 4329 con-

211 4346 313 4399 stituta
337 4351 413 4415 sumt,
438 4351 470 4401 ut
492 4348 539 4402 hic
562 4348 678 4418 perinde
702 4353 786 4417 alque
811 4349 840 4402 in
864 4347 964 4402 ceteris
988 4346 1061 4401 ludis
1085 4346 1227 4417 primitiae
1246 4347 1289 4400 dis
1308 4350 1337 4402 et
1355 4346 1485 4401 Manibus

210 4419 321 4483 fierent,
346 4419 484 4472 secundae
503 4423 598 4489 partes
617 4419 691 4473 ludis
710 4422 740 4473 et
757 4419 897 4473 hilaritati
916 4419 1061 4472 honrinmn
1079 4418 1241 4472 ferientium
1260 4419 1484 4472 concederentur.

209 4488 314 4542 Schol:
341 4488 404 4542 κατ’
426 4489 485 4552 ἔτος
505 4491 627 4562 Θηβαῖοι
650 4488 806 4560 ἐναγίζουσί
828 4510 856 4545 τε
880 4500 938 4554 τοῖς
960 4487 1109 4557 Ἡρακλέος
1131 4492 1211 4543 παισὶ
1230 4491 1278 4543 καὶ
1296 4492 1407 4560 ἀγῶνας
1426 4489 1485 4543 εἰει-

209 4558 327 4628 ταφίους
350 4560 456 4630 ἄγουσι.
494 4562 586 4615 Ludos
610 4563 660 4615 hos
686 4565 765 4615 extra
783 4561 927 4616 Proetides
946 4565 1042 4631 portas
1062 4560 1141 4614 iuxta
1159 4561 1297 4614 tumulum
1317 4561 1387 4615 lolai
1407 4566 1484 4616 actos

210 4649 271 4686 esse
286 4635 315 4684 et
333 4631 398 4684 inde
417 4649 517 4686 nomen
536 4633 687 4686 Iolaiorum
706 4633 847 4703 accepisse
867 4633 982 4702 exposui
1002 4631 1076 4686 Stab.
1092 4633 1118 4687 d.
1134 4633 1160 4687 b.
1175 4632 1227 4687 Alc.
1244 4636 1312 4686 1896
1331 4652 1357 4703 p.
1373 4650 1385 4687 o
1400 4651 1434 4686 ss.
1452 4666 1482 4672 —

209 4707 250 4758 87.
272 4701 435 4771 λενκωθείς,
459 4706 607 4758 coronatus
632 4704 698 4757 alba
722 4708 827 4772 ιιιχτὶος
854 4704 888 4758 cf.
909 4703 994 4758 Statii
1013 4703 1113 4757 Achill.
1134 4723 1143 4755 1
1163 4721 1187 4757 11
1207 4705 1345 4758 albescunt
1363 4711 1484 4773 temporo

208 4778 290 4829 vittis.
324 4775 364 4827 De
388 4775 496 4845 origine
519 4777 645 4845 myrteae
668 4792 786 4829 coronae
811 4774 910 4831 schol:
936 4777 1053 4846 μυρσίνη
1077 4774 1130 4846 γὰρ
1154 4783 1360 4844 στεφανοῦνται
1380 4777 1429 4829 διὰ
1453 4775 1483 4829 τὸ

210 4841 356 4901 εἶναιτῶν
376 4856 482 4915 νεκρῶν
501 4846 607 4915 στέφος.
636 4847 670 4901 cs.
691 4846 762 4901 Prol.
783 4866 866 4900 ιιιιιιι
885 4879 917 4886 -
938 4852 980 4901 88.
1000 4846 1084 4915 ἀνήρ·
1105 4864 1205 4901 nomen
1224 4846 1277 4900 hoc
1296 4864 1351 4899 non
1370 4847 1483 4900 lionoris
