3406 5378
719 376 851 426 PYTHlA
870 377 914 428 Vl.
1390 372 1451 435 183

181 546 339 622 oubuerat,
369 546 519 621 praeclare
550 543 696 603 aemulari
726 542 831 601 laudat
858 534 930 621 (lsi--
944 535 1002 623 46).
1048 543 1096 601 Ad
1124 544 1306 619 postremum
1336 541 1452 600 iuvenis

180 634 282 693 dilecti
305 638 418 694 ceteras
441 635 577 712 virtutes,
600 633 785 710 modestiam,
809 632 943 691 studium
966 632 1126 710 poeticum,
1145 651 1260 690 morum
1280 632 1451 690 comitatem

179 724 332 801 praedicat
355 715 499 804 (ιι-54).

269 812 408 889 Carmen,
437 813 516 888 quod
540 811 687 870 Pindarus
710 810 827 870 iuvenis
850 810 967 887 panxit,
992 810 1118 869 audacia
1140 810 1398 885 comparationum
1422 814 1452 869 et

180 906 295 961 tumore
319 901 463 960 orationis
493 901 653 960 iuvenilem
681 900 816 959 animum
843 902 948 976 poetae
976 899 1084 975 prodit.
1130 899 1210 956 Illud
1234 899 1345 976 ipsum,
1371 900 1451 975 quod

179 991 400 1066 Thrasybulum
423 1010 477 1066 pro
501 993 586 1067 patre
606 1009 698 1065 equos
719 992 872 1068 regentem
889 1008 958 1047 cum
976 988 1137 1047 Antilocho
1156 1007 1209 1064 pro
1228 992 1314 1064 patre
1332 988 1451 1048 fortiter

177 1080 337 1140 dimicante
357 1083 387 1138 ot
405 1083 531 1139 mortem
549 1079 741 1139 occumbente
760 1077 954 1155 comparavit,
973 1078 1068 1137 iustos
1089 1076 1160 1141 fines
1179 1077 1384 1136 similitudinis
1403 1098 1450 1137 ex-

179 1170 280 1228 cedere
308 1170 434 1229 videtur.
479 1168 581 1227 Nihilo
609 1171 710 1227 tamen
739 1168 846 1244 secius,
875 1167 899 1226 si
930 1168 985 1226 hoc
1013 1186 1131 1226 carmen
1162 1167 1352 1225 Pindaricum
1383 1186 1450 1225 curn

179 1258 396 1336 antiquissimo,
415 1259 446 1316 P.
466 1277 494 1334 x,
514 1258 683 1334 contuleris,
704 1277 882 1335 magnopere
906 1257 1010 1332 paucis
1034 1256 1120 1314 annis
1143 1259 1239 1315 artem
1257 1260 1364 1331 poetae
1384 1276 1450 1331 pro·

178 1350 295 1408 rectam
318 1351 349 1407 et
371 1346 593 1407 corroboratam
616 1366 678 1406 esse
701 1346 842 1406 invenies.

720 1481 764 1547 De
788 1481 910 1547 metris.

267 1614 413 1672 Carminis
436 1614 526 1672 huius
550 1614 663 1672 numeri
687 1613 802 1673 Aeoliei
826 1616 896 1672 sunt
919 1611 1070 1688 paeonicis
1092 1612 1187 1686 mixti,
1210 1613 1288 1671 unde
1311 1632 1365 1689 pro
1389 1618 1449 1673 tro·

178 1705 281 1763 chaica
309 1704 431 1779 dipodia
458 1724 546 1780 saepe
574 1704 699 1762 creticus
728 1705 758 1761 et
785 1703 832 1761 vel
860 1701 1020 1777 paeonicus
1048 1719 1099 1776 pes
1127 1705 1291 1778 usurpatus
1315 1705 1368 1760 est.
1414 1704 1449 1761 In

178 1794 326 1869 dipodias,
358 1813 432 1868 quas
462 1794 493 1851 in
524 1792 684 1851 embaterio
715 1791 845 1851 carmine
876 1810 967 1866 quam
996 1790 1123 1849 maxime
1154 1795 1317 1868 exspectes,
1348 1811 1449 1851 omnes

179 1901 282 1942 versus
306 1883 479 1941 dividendos
503 1882 613 1958 curavi,
637 1883 717 1957 quod
740 1881 829 1938 utin
852 1879 1002 1955 plerisque
1021 1880 1155 1938 versibus
1178 1880 1266 1939 facile
1290 1882 1386 1959 cessit,
1406 1883 1449 1941 ita

178 1973 208 2030 in
232 1972 367 2031 versibus
392 1972 497 2047 quinto
521 1976 552 2029 et
574 1976 656 2030 sexto
680 1969 868 2030 dimetiendis
891 1969 1083 2046 gravissimas
1106 1968 1299 2029 difficultates
1322 1972 1450 2050 paravit,

178 2080 255 2137 quae
280 2060 507 2136 cumpluribus
530 2061 625 2119 modis
648 2059 779 2135 expediri
806 2063 939 2135 possent,
968 2078 1049 2135 eum,
1078 2058 1131 2134 qui
1159 2059 1232 2117 mihi
1261 2059 1360 2134 potior
1387 2079 1450 2119 esse

176 2150 342 2226 videbatur,
367 2150 396 2207 in
421 2150 569 2208 schemate
593 2150 648 2207 hoc
670 2149 793 2208 metrico
818 2148 946 2225 exhibui,
971 2148 1098 2206 alterum
1122 2148 1152 2205 in
1172 2148 1249 2207 Prol.
1269 2168 1297 2223 p.
1312 2168 1364 2207 avr
1382 2169 1449 2225 pro·

177 2239 272 2315 posui.
319 2238 457 2297 Ceterum
485 2238 585 2297 confer
613 2257 689 2313 quae
718 2238 753 2296 de
783 2236 930 2295 similibus
958 2236 1092 2294 versibus
1121 2256 1212 2312 supra
1240 2237 1277 2295 ad
1302 2236 1335 2296 Ο.
1355 2257 1374 2295 ιι
1399 2239 1449 2298 ad-

177 2329 355 2387 notavimus.
429 2329 553 2386 Carmen
568 2330 723 2386 cantatum
742 2345 804 2384 esse
819 2326 939 2383 videtur
953 2326 1076 2400 Delphis
1096 2329 1164 2400 post
1182 2325 1278 2402 ipsam
1293 2326 1448 2386 victoriam

175 2418 207 2476 in
230 2437 340 2494 pompa
363 2418 401 2475 ad
425 2417 570 2492 templum
594 2416 743 2491 Apollinis
766 2435 784 2474 a
808 2415 994 2489 Thrasybulo
1023 2415 1147 2489 eiusque
1176 2415 1335 2474 comitibus
1365 2417 1449 2475 insti·

178 2509 246 2565 tuta
270 2502 329 2585 (vr.
351 2499 443 2573 1-4l.
489 2505 567 2564 Nam
591 2505 694 2580 primis
718 2504 856 2563 carminis
881 2503 1014 2562 versibus
1043 2504 1166 2562 chorum
1194 2504 1293 2580 ipsum
1321 2505 1351 2563 in
1380 2506 1449 2564 Del·

175 2595 264 2671 phica
282 2615 352 2654 area
371 2596 492 2655 choreas
512 2596 668 2653 ducentem
687 2594 790 2653 audire
805 2596 835 2652 et
849 2595 983 2668 spectare
1002 2592 1087 2651 nobis
1106 2593 1250 2652 videmur.
1281 2595 1449 2670 Aptissima

176 2704 244 2744 vero
263 2685 411 2743 incedenti
430 2685 518 2743 choro
538 2684 597 2742 fuit
615 2683 857 2758 monostrophica
880 2681 1054 2756 compositio
1079 2682 1230 2760 carminis,
1254 2703 1281 2742 v.
1301 2683 1379 2742 Prol.
1399 2704 1447 2744 nx.

176 2775 280 2848 Neque
304 2773 420 2832 ultimis
444 2773 583 2831 carminis
606 2773 718 2850 verbis,
742 2772 851 2848 quibus
882 2771 1035 2847 epularem
1060 2771 1299 2830 comissationem
1325 2773 1363 2831 ad
1388 2774 1448 2833 vic·

176 2862 285 2922 loriam
308 2863 514 2921 celebrandam
538 2863 647 2921 factam
671 2861 797 2920 indicari
820 2861 988 2920 Boeckhius
1011 2861 1140 2938 putavit,
1164 2880 1182 2917 a
1205 2863 1359 2936 proposita
1383 2881 1447 2922 sen·

176 2952 270 3010 tantia
299 2971 427 3010 revoc-or.
474 2952 603 3010 Possunt
633 2951 710 3009 enim
738 2951 791 3009 illa
821 2950 910 3009 verba
941 2950 1031 3008 etiarn
1060 2950 1098 3008 ad
1128 2970 1244 3009 morum
1275 2952 1446 3012 comitatem

176 3040 355 3116 Thrasybuli
383 3041 553 3099 universam
581 3045 635 3099 aut
661 3042 699 3098 ad
722 3041 827 3116 epulas
855 3042 924 3114 post
950 3059 1091 3114 pompam
1119 3041 1307 3117 apparandas
1335 3043 1447 3103 referri.

384 3229 573 3296 Ἀκούσατ’·
599 3225 617 3312 ἦ
640 3268 655 3277 -
677 3230 741 3314 γὰρ
765 3226 960 3304 ἑλικώπιδος
981 3227 1177 3316 Ἀφροδίτας
1257 3236 1337 3319 Στρ.
1360 3233 1402 3298 α’.

390 3340 537 3423 ἄρουραν
560 3335 580 3418 ἢ
605 3340 755 3421 Χιιρίτιον

388 3444 638 3526 ἀναπολίζομεν,
661 3441 814 3526 ὀμφαλὸν
838 3440 1016 3527 ἐριβρόμου

389 3552 513 3634 χθονὸς
536 3548 568 3625 ἐς
591 3590 604 3598 -
628 3550 724 3613 νάιον
746 3552 1012 3635 προσοιχόμενοι·

246 3779 325 3814 vnum
345 3772 448 3815 suerro.
487 3761 569 3816 lnscr.
607 3761 777 3830 Ξενοκράτει
798 3759 1036 3849 Ἀκραγαντίνῳ“
1019 3782 1121 3830 uppem
1140 3763 1260 3815 BD-
1279 3762 1383 3818 Schol:
1377 3762 1447 3832 ·ps'-

172 3853 293 3913 γραπται
313 3832 484 3901 Ξενοκράτει
501 3831 701 3915 Ἀκραγαντίνῳ
720 3831 875 3901 νενικηκότι
897 3832 968 3885 κατὰ
987 3833 1038 3901 τὴν
1058 3833 1103 3887 κδ’
1124 3833 1275 3895 Πυθιάδα·
1300 3834 1370 3888 conf.
1391 3834 1411 3888 l
1426 3853 1446 3886 ιι

174 3903 304 3957 inscn-
273 3908 344 3957 -.3
346 3905 579 3985 άνιιιιοὶήσομευ
598 3905 667 3959 coni.
684 3892 845 3959 Schmid-
861 3911 885 3957 4.
908 3902 987 3958 νάϊον
1007 3904 1076 3958 coni.
1093 3904 1247 3960 Hermann:
1267 3905 1338 3960 νειὸν
1357 3906 1446 3974 codd,

173 3976 271 4029 torvos
290 3975 361 4031 coni.
377 3977 469 4046 Bergk
487 4010 522 4017 -

243 4137 432 4171 οοιιιιιιιιιιιιιι
466 4138 490 4173 v.
508 4123 530 4171 1.
550 4117 699 4170 ἀκούσατε·
720 4117 854 4171 lloratius
870 4118 897 4172 C
913 4118 1145 4186 mansuetius?
1163 4136 1202 4172 ou
1219 4135 1261 4172 rire
1278 4120 1350 4173 ludit
1369 4138 1444 4173 ιιυιιι-

171 4193 234 4244 bitu
257 4192 389 4244 insnum?
412 4192 510 4244 audire
532 4195 557 4242 et
574 4191 667 4244 uidcor
682 4191 747 4258 pius
765 4207 857 4243 errare
872 4208 924 4258 per
942 4162 1016 4245 ratos
1035 4207 1090 4241 non
1109 4192 1184 4243 recte
1199 4189 1334 4243 Graecum
1354 4207 1444 4244 exem-

171 4262 233 4332 plar
247 4260 396 4340 expressit-3
416 4260 549 4314 etenim
534 4260 673 4313 ακοι’σατε
688 4278 743 4314 non
763 4262 806 4313 est
824 4259 1033 4330 interrogantis
1053 4260 1102 4314 sed
1121 4261 1298 4314 admonentis
1318 4261 1444 4315 homines

170 4332 315 4401 praeconis
335 4330 399 4399 ritu,
420 4335 451 4384 ut
469 4330 620 4385 audiunt
606 4336 635 4384 et
653 4331 758 4401 linguis
776 4331 938 4385 faveant—
955 4329 1150 4400 'trepudians'
1132 4352 1257 4401 αρονραν
1271 4329 1288 4399 ἢ
1303 4331 1444 4401 Χαρίτων·

174 4402 337 4456 Venerist
309 4407 337 4456 et
356 4402 516 4456 Gratiarum
537 4420 605 4456 arva
623 4406 736 4488 poetam
755 4406 784 4456 et
802 4403 915 4458 chorum
935 4407 1081 4458 canentem
1100 4403 1278 4458 orbiculatim
1294 4421 1444 4474 peragrare

170 4474 267 4555 (schol.
288 4474 387 4527 ιἰιιὸ
361 4494 393 4527 το
411 4472 512 4544 χωρίον
531 4472 780 4545 ἁνυστρεφόμεθα)
798 4477 882 4556 poeta
901 4474 979 4529 dicit.
1008 4475 1124 4529 Veneris
1147 4479 1242 4530 autem
1260 4475 1349 4529 hortis
1369 4476 1444 4531 idem

168 4545 275 4615 poesim
298 4549 455 4614 comparat,
483 4545 558 4613 quod
583 4550 700 4614 utruque
724 4546 895 4600 amoenitate
919 4546 1060 4601 excellunt
1086 4547 1130 4616 (cf.
1151 4548 1181 4600 P.
1200 4567 1217 4600 v
1238 4563 1263 4601 ιι
1287 4550 1316 4600 οι
1339 4549 1371 4602 fr.
1391 4551 1445 4615 οο);

169 4616 229 4670 noli
247 4616 321 4670 eninr
341 4634 403 4669 curn
423 4615 551 4670 Dissenio
571 4617 605 4669 de
624 4616 747 4671 carmine
762 4617 898 4672 amatorio
914 4618 1087 4688 cogitare—
1103 4624 1127 4674 3
1147 4618 1276 4688 ὀμφαλὸν
1295 4617 1443 4701 ἐριβρόμοο

168 4688 275 4756 χθονὸς
293 4688 320 4750 ἐς
339 4685 432 4740 νάϊον·
452 4687 481 4740 in
500 4687 632 4741 umbilico
652 4688 727 4741 orbis
746 4692 883 4743 terrarum
897 4689 1063 4777 Delphicum
1077 4690 1212 4760 templum
1226 4688 1350 4760 positum
1365 4690 1441 4744 credi

169 4762 238 4814 nota
257 4776 300 4813 res
319 4761 375 4827 est,
397 4760 430 4811 cle
449 4776 505 4827 qna
524 4759 605 4813 sodes
624 4759 751 4813 conferas
770 4760 799 4815 P.
814 4779 880 4826 1v·;1
901 4758 1045 4833 ἐρίβρομος
1063 4765 1158 4815 autem
1176 4761 1222 4814 hic
1241 4760 1318 4814 locus
1339 4760 1442 4815 dicitur

168 4831 272 4900 partim
300 4803 414 4900 propter
441 4829 563 4883 rivorum
591 4847 775 4899 curruumque
800 4805 960 4902 strepitum,
986 4831 1090 4902 partim
1112 4835 1225 4902 propter
1248 4848 1440 4902 repercussam
