3406 5378
271 314 335 377 aad
740 314 888 367 cranam
909 313 1075 367 seruicia

324 477 458 563 ἀρπασ’,
486 476 600 561 ἰνεγκέ
620 501 653 543 τε
681 475 809 582 χρυσέη)
839 475 1013 561 παρθένον
1043 473 1226 561 ἀγροτέραν
1256 474 1382 561 δίφρῳ,
1417 477 1494 539 τόθι
1515 493 1547 538 1ο

416 646 421 656 .
1121 607 1176 647 νιν
1199 582 1392 665 πολυμήλου

324 671 379 739 καλ
401 675 695 759 πολυκαρποτάτας

367 786 451 864 θῆκε
475 779 656 846 δέσποιναν
678 783 820 865 χθονός,

323 888 417 973 ῥίζαν
440 886 578 975 ἀπείρου
602 891 718 972 τρίταν
740 887 903 973 εὐήρατον
925 886 1112 952 θάλλοισαν
1135 887 1247 950 οἰκεῖν.

322 1119 481 1185 ὑπέδεκτο
505 1118 535 1183 δ’
564 1116 758 1207 ἀργυρόπεζ’
780 1117 971 1204 Ἀφροδίτα

272 1244 305 1291 10
322 1227 453 1292 Δάλιον
476 1226 599 1309 ξεῖνον,
623 1225 820 1309 θεοδμάτων

323 1333 428 1419 ὀχέων
451 1331 660 1419 ἐφαπτομένα
683 1330 754 1417 χερί
776 1332 900 1419 κούφα·

323 1444 381 1505 καί
402 1458 484 1525 σφιν
507 1439 560 1505 ἐπὶ
583 1446 758 1524 γλυκεραῖς
782 1439 894 1515 εὐναῖς
917 1437 1037 1523 ἐρατὰν
1059 1439 1161 1521 βάλεν
1184 1440 1283 1519 αἰδῶ,
1513 1454 1546 1500 au

323 1547 425 1625 ξυνὸν
448 1547 625 1632 ἁρμόζοισα
648 1553 717 1634 θεῷ
740 1569 775 1611 τε
798 1546 905 1630 γάμον
927 1544 1089 1629 μιχθέντα
1112 1546 1217 1632 κούρᾳ
1240 1543 1277 1610 θ’
1299 1543 1418 1622 Ὑψέος
1441 1545 1492 1609 εὐ-

1121 1656 1235 1738 ενῖίι·
1424 1656 1427 1663 “

323 1760 360 1838 ὃς
392 1765 551 1825 Λαπιθᾶν
582 1760 779 1846 ὑπερόπλων
812 1759 964 1835 τουτάκις
995 1754 1037 1842 ἦν
1068 1760 1242 1843 βασιλεύς,
1275 1758 1307 1837 ἐξ
1334 1757 1492 1823 Ὠκεανοῦ

1121 1866 1215 1950 γένος
1237 1867 1326 1952 ἥρως
1512 1884 1545 1928 aa

272 1976 304 2022 lt
324 1958 491 2042 δεύτερος·
516 1957 555 2021 όν
577 1978 657 2021 ποτε
680 1958 764 2020 Πίν-

369 2066 431 2129 δου
454 2069 622 2139 κλεενναῖς
645 2062 682 2128 ἐν
705 2073 844 2146 πτυχαῖς

323 2174 411 2248 Ναῒς
433 2170 663 2255 εὐφρανθεῖσα
687 2174 835 2252 Πηνειοῦ
859 2166 943 2253 λέχει
967 2167 1116 2257 Κρείοισ’
1142 2171 1282 2253 ἔτικτεν,
1343 2188 1346 2195 ’
1513 2187 1547 2232 30

325 2406 427 2480 Γαίας
449 2404 612 2488 θυγάτηρ.
658 2401 676 2468 δ
700 2398 737 2466 δέ
760 2402 821 2467 τάν
844 2401 1009 2468 εὐώλενον
1359 2399 1427 2465 Ἐπ.
1451 2399 1493 2465 α’.

343 2638 366 2686 6,
386 2631 513 2700 ἀρπασεν
532 2632 560 2686 Β
566 2631 595 2685 D
615 2662 647 2670 -
668 2629 762 2699 ἔνεγκε
778 2631 886 2685 BDE:
908 2631 995 2685 ἔνεικε
1015 2632 1050 2694 V;
1071 2631 1104 2685 οἰ.
1120 2649 1145 2684 v.
1162 2647 1186 2684 aa
1201 2633 1230 2683 et
1244 2646 1270 2685 5³
1284 2661 1316 2669 —
1333 2650 1379 2683 νιν
1394 2630 1423 2681 Ε
1437 2632 1466 2683 et
1482 2629 1545 2683 fort.

271 2704 345 2758 13⁸⁰:
370 2711 423 2757 νῦν
447 2704 551 2757 ΒΜ)
574 2733 607 2742 -
632 2707 656 2755 8,
680 2700 778 2770 τρίταν
796 2702 838 2757 D:
863 2701 997 2770 τριτάταν
1015 2704 1043 2756 Β
1062 2735 1096 2742 -
1117 2707 1157 2756 10.
1178 2701 1258 2766 ξένον
1277 2701 1307 2755 D
1327 2702 1547 2770 -θεοδμάτων

270 2773 345 2828 BD:
359 2775 511 2829 θεοδάιτων
526 2775 562 2842 Ε,
578 2770 740 2827 θεοσδότων
755 2773 782 2827 V
792 2805 827 2812 —
843 2779 884 2826 11.
900 2773 993 2847 κούφςι
1010 2772 1047 2828 G:
1063 2773 1157 2842 κοόφα
1167 2773 1194 2826 Β
1200 2772 1268 2827 ΠΕ
1281 2805 1315 2812 -
1331 2779 1372 2826 12.
1389 2771 1492 2840 ἐρατὰν
1507 2773 1546 2827 Β;

270 2844 374 2913 ἀρετάν
393 2846 422 2899 D
441 2878 474 2885 —
495 2851 536 2898 13.
556 2843 695 2914 μιχθέντα
714 2845 741 2897 Β
748 2868 754 2898 :
773 2841 903 2914 μιχθέντι
921 2845 951 2898 D
969 2876 1002 2884 -
1024 2851 1065 2900 16.
1086 2841 1208 2912 Κρείοιιί
1224 2844 1308 2914 Bya:
1328 2841 1432 2912 κρέοισ’
1450 2844 1549 2898 BDE

271 2947 304 2956 -
325 2921 365 2970 17.
391 2913 469 2985 γαίαι
491 2918 519 2970 D
537 2917 656 2969 fortasse
680 2917 767 2980 recte,
792 2914 826 2970 cf.
847 2915 880 2970 N.
901 2935 931 2967 111
950 2932 1029 2969 ιο-
1048 2917 1185 2969 εὐώλενον
1204 2915 1297 2970 codd:
1324 2917 1494 2970 λευκώλενον
1513 2932 1546 2969 ex

271 2987 438 3057 paraphrasi
457 2984 631 3056 λινκόπηχνν
651 2985 810 3056 expiscatus
830 2991 874 3041 est
891 2987 986 3054 Lehrs,
1005 2986 1192 3057 probabiliter
1212 3019 1243 3026 -

270 3128 470 3183 Telesicratem
488 3127 593 3183 fabulis
612 3147 676 3183 curn
697 3127 761 3183 aliis
780 3133 840 3183 tum
859 3129 1004 3184 amatoriis
1023 3129 1144 3184 maxime
1163 3129 1293 3200 gavisum
1307 3145 1367 3183 esse
1382 3131 1501 3199 apparet
1517 3131 1546 3183 et

271 3200 348 3254 lacta
367 3200 426 3254 eius
450 3217 549 3269 parum
573 3218 617 3254 ani
640 3200 697 3254 laur
721 3201 867 3255 materiem
891 3200 1010 3271 epinicia
1034 3199 1152 3255 carmini
1175 3200 1404 3271 suppeditabant.
1442 3199 1545 3254 Prioris

270 3270 385 3325 fabulae
404 3274 600 3341 argumentum
619 3220 757 3326 Hindarus
776 3272 813 3325 ab
831 3271 948 3327 Hesiodi
967 3272 1049 3327 Eoeis
1068 3272 1159 3343 petiit,
1179 3277 1211 3326 ut
1230 3290 1263 3327 ex
1282 3270 1395 3326 scholiis
1414 3271 1545 3325 certiores

271 3341 340 3396 facti
365 3360 472 3407 sumus;
497 3344 545 3397 sed
570 3344 716 3405 numiam
740 3342 878 3396 Hesiodus
898 3343 1034 3412 Cyrenam
1058 3345 1095 3397 ab
1114 3343 1245 3413 Apolline
1268 3342 1297 3397 in
1316 3342 1434 3411 Libyam
1453 3346 1546 3395 traus-

269 3414 359 3468 latam
378 3413 527 3479 induxerit,
546 3414 646 3468 meritc
666 3414 779 3467 dubitat
797 3414 946 3482 Luebbert‚
965 3416 1006 3469 De
1024 3415 1139 3468 Pindari
1158 3415 1259 3469 studiis
1279 3413 1425 3469 Hesiodeis
1444 3418 1473 3468 et
1491 3415 1545 3468 He-

270 3484 380 3539 mericis
425 3502 470 3540 .ι.
509 3485 618 3538 Fabula
640 3502 706 3538 vero
730 3484 854 3554 Cyreuae
877 3485 1056 3540 Thessalicae
1083 3487 1224 3555 nymphae
1250 3485 1280 3538 in
1304 3485 1422 3554 Libyam
1450 3485 1545 3539 nescio

270 3574 307 3610 an
326 3504 464 3611 translata
484 3556 529 3622 sit,
549 3557 624 3624 quod
643 3556 749 3626 species
768 3556 904 3625 viraginis
923 3574 986 3610 curn
1005 3557 1133 3611 leonibus
1152 3557 1305 3627 pugnantis
1322 3557 1427 3626 optime
1445 3555 1474 3609 in
1488 3560 1544 3611 ter-

270 3645 331 3681 ram
349 3628 461 3682 leonum
480 3627 617 3681 nutricem
636 3628 773 3695 quadrare
792 3627 943 3682 videbatur
969 3660 1001 3668 —
1028 3636 1052 3682 6,
1079 3627 1234 3698 ἀγροτέραν
1256 3646 1312 3681 non
1336 3631 1487 3697 agrestem,
1514 3632 1546 3681 ut

269 3700 298 3754 P.
319 3716 393 3767 1114,
420 3699 469 3752 sed
496 3697 679 3766 venatricem,
706 3702 738 3752 ut
761 3700 792 3754 0.
812 3718 833 3751 n
851 3716 877 3753 ιο
897 3732 930 3739 -
954 3706 977 3754 8,
1004 3695 1084 3768 <ligas
1109 3697 1227 3767 ἀπείρου
1252 3696 1349 3768 τρίταν
1370 3743 1375 3754 .
1395 3742 1401 3754 .
1422 3742 1428 3753 .
1448 3700 1543 3768 οἰκεῖν,

269 3769 309 3823 ibi
328 3770 467 3840 virginem
486 3769 636 3824 collocavit
655 3774 687 3823 ut
708 3770 863 3836 habitaret;
890 3771 924 3825 cf.
945 3770 976 3825 Ο.
997 3790 1006 3823 ι
1025 3787 1058 3824 ιε.
1095 3770 1163 3824 Tres
1186 3770 1337 3835 Pindarus,
1365 3773 1396 3823 ut
1418 3769 1544 3840 plerique

270 3841 419 3911 scriptores
438 3844 547 3895 veteres
571 3840 616 3910 (cf.
635 3842 736 3896 Herod.
756 3861 784 3895 ιτ
802 3845 851 3909 ιι),
877 3841 1048 3896 continentis
1074 3844 1168 3910 partes
1187 3858 1247 3896 esse
1267 3841 1380 3909 statuit,
1405 3842 1545 3911 Europam

270 3913 367 3967 Asiam
391 3913 521 3982 Libyam,
541 3930 613 3981 quae
636 3929 699 3966 cum
718 3929 752 3966 ex
770 3913 911 3967 communi
933 3913 1020 3967 fundo
1045 3913 1131 3965 maris
1150 3912 1348 3966 mediterranei
1366 3913 1448 3981 quasi
1466 3913 1544 3966 nasci

268 3984 442 4051 viderentur,
466 4001 543 4037 oram
564 3984 746 4052 Cyrenaicum
764 3984 890 4038 radicem
909 3984 1023 4038 tertiam
1041 3984 1212 4038 coutinentia
1232 3983 1304 4037 dixit
1322 4015 1356 4023 -
1376 3983 1543 4038 θάλλοισαν·

269 4053 434 4123 δέσποιναν,
459 4071 514 4109 non
538 4051 629 4122 όίζαν,
654 4058 684 4108 ut
709 4073 743 4108 ne
762 4055 837 4109 iusto
856 4054 983 4126 pluribus
1003 4055 1135 4124 epithetis
1154 4072 1240 4108 unum
1259 4072 1360 4108 nomeu
1379 4059 1492 4110 ornetur
1511 4088 1543 4095 -

269 4134 294 4182 9.
313 4125 463 4181 ὑπέδεκτο·
483 4125 678 4196 praeverbium
697 4127 751 4180 ὐπο
770 4129 800 4180 et
818 4126 980 4180 amantibus
999 4126 1186 4196 opitulantem
1200 4127 1336 4180 Venerem
1356 4127 1497 4214 significat
1515 4131 1544 4180 et

269 4199 304 4251 (le
327 4215 408 4253 curru
433 4196 491 4251 alto
515 4197 584 4250 istos
609 4197 815 4263 sublevant-cm,
839 4196 1323 4268 οἰ.Ευι.Ιμλι.Αυ1.οιοίιμεῖςδδ
1348 4196 1475 4261 νεανιδές
1498 4219 1544 4253 νιν

269 4270 404 4340 ἀγκάλαις
419 4268 464 4322 ἔπι
481 4270 484 4339 l
502 4267 622 4334 δέξασθε
638 4270 685 4322 καλ
699 4267 849 4336 πορεύσατ’
867 4269 895 4334 ἐξ
910 4269 1056 4339 ὀχημάτων
1067 4301 1103 4309 -
1113 4267 1273 4339 Ἀφροδίτα
1289 4269 1433 4338 Venerem,
1448 4288 1544 4338 quam·

269 4341 311 4394 vis
329 4357 384 4395 non
404 4339 555 4409 praecipuo
574 4340 651 4394 cultu
670 4340 701 4393 iu
718 4339 809 4409 Libya
828 4340 973 4409 frueretur,
991 4345 1088 4395 tamen
1102 4340 1137 4395 ob
1153 4340 1353 4396 amoenitatem
1367 4359 1396 4396 rc
1419 4342 1489 4396 ‘onis
1504 4341 1543 4395 ibi

270 4416 434 4481 regnantem
452 4416 537 4497 poeta
555 4410 630 4480 fecit,
650 4428 707 4480 qua
725 4412 759 4465 dc
777 4429 807 4466 re
826 4411 860 4465 cl.
880 4412 910 4466 P.
930 4431 947 4465 v
966 4429 991 4465 ιι
1014 4444 1049 4452 -
1074 4419 1114 4467 13.
1141 4416 1269 4467 construe
1289 4414 1374 4479 ξυνόν
1392 4411 1544 4481 αρμόζοισα

269 4482 360 4553 γάμον
379 4486 517 4552 μιχθεντα
535 4487 595 4569 θερῖ
615 4501 643 4537 τε
663 4483 751 4557 κούρᾳ
770 4481 803 4536 θ’
821 4480 938 4545 Ὑψέος·
962 4500 1021 4536 rem
1039 4483 1165 4537 illustrat
1184 4484 1284 4538 similis
1308 4485 1385 4538 locus
1408 4485 1437 4538 P.
1458 4504 1486 4537 iv
1505 4502 1543 4538 aaa

269 4553 444 4622 usvairpada
463 4572 491 4608 τε
511 4574 608 4608 κοινον
626 4553 717 4623 γάμον
736 4555 839 4624 γλυκύν
863 4553 893 4608 έν
912 4555 1050 4608 ἀλλάλοισι
1072 4558 1150 4625 μῖξαι
1170 4588 1202 4596 -
1228 4564 1268 4611 15.
1292 4556 1435 4626 Hypseum
1458 4555 1543 4609 Penei

270 4624 361 4679 filium
371 4628 400 4679 et
410 4625 514 4679 Oceani
524 4629 663 4695 nepotem,
674 4626 733 4679 eius
744 4629 868 4679 amatam
878 4625 1010 4680 Creusam
1019 4626 1107 4681 filiam
1118 4626 1238 4682 Telluris
1249 4612 1392 4697 perhibet3
1406 4645 1433 4681 v.
1444 4626 1543 4682 schol:

269 4697 380 4760 Ναίδος
398 4694 429 4751 δὲ
448 4698 497 4750 καλ
513 4701 635 4767 Πηνειοῦ
654 4698 704 4750 τὸν
719 4694 814 4759 Ὑψέα
830 4698 995 4768 Φερεκύδης,
1014 4696 1192 4769 Ἀκέσανδρος
1206 4699 1237 4754 δὲ
1253 4698 1389 4767 Φιλλόρας
1402 4706 1450 4769 τῆς
1467 4697 1542 4752 idoa-

269 4777 324 4824 ποῦ
344 4770 390 4824 καί
410 4772 534 4839 Πηνειοῦ
553 4769 658 4838 ἱστορεῖ
674 4768 723 4822 τὸν
739 4766 833 4837 ’Τψία
849 4802 883 4812 -
