3406 5378
281 340 346 403 262
607 349 610 353 ’
755 339 902 391 Prsurru
921 339 1086 390 serrium.

299 506 483 590 &sapenos
506 501 560 567 sal
585 501 744 588 Μέροπας

335 609 390 675 καὶ
413 611 471 675 τὸν
494 609 599 694 με’γαν
621 608 821 693 πολεμιστὰν

379 720 544 799 ἔκπαγλον
564 714 738 799 Ἀλκυονῆ,

336 823 377 888 οὐ
400 826 592 909 τετραορίας
614 846 651 906 γε
674 820 755 907 πρὶν
778 823 929 887 δυώδεκα
951 819 1059 907 πέτρῳ

336 930 445 1015 ἥρωάς
467 928 495 994 τ’
524 929 771 1014 ἐπεμβεβαῶτας
795 928 1001 1012 ἱπποδάμους
1024 925 1097 992 ἕλεν

282 1055 316 1101 30
336 1034 388 1113 θὶς
411 1040 544 1120 τόσους,
568 1035 790 1122 ἀπειρομάχας
814 1035 878 1100 έών
900 1058 935 1099 κε
959 1038 1079 1118 φανείη

336 1146 436 1226 λόγον
459 1144 477 1208 d
500 1145 544 1228 μὴ
568 1142 702 1221 ξυνιείς·
727 1140 795 1206 έπελ

336 1249 470 1337 ῥέζοντά
493 1274 524 1315 τι
548 1248 602 1314 καὶ
625 1256 748 1315 παθεῖν
772 1252 886 1314 ἔοικεν.

337 1447 377 1511 τά
400 1447 507 1530 μακρὰ
531 1444 563 1510 d'
590 1444 753 1523 ἐξενέπειν
777 1444 901 1528 ἐρό-κει
924 1467 963 1528 με
986 1443 1108 1527 τεθμὸς
1379 1448 1458 1527 Στρ.
1478 1442 1505 1507 ε’

338 1548 424 1638 ὧραί
444 1550 473 1616 τ’
500 1550 719 1636 ἐπειγόμεναι·
1526 1567 1559 1614 55

285 1678 318 1725 35
340 1667 429 1743 ίυγγι
454 1657 485 1723 δ’
511 1657 645 1744 ἕλκομαι
668 1654 749 1742 ἦτορ

374 1770 532 1852 νεομηνία
555 1765 701 1850 θιγέμεν.

357 1964 398 2014 30.
418 1956 516 2020 τόσους
534 1957 630 2012 Trici:
653 1954 768 2021 τόσσους
787 1960 814 2013 Β
828 1958 858 2012 D
876 1990 910 1999 -
929 1963 962 2011 51
983 1977 1023 2027 sq.
1051 1958 1239 2029 έπηρεάξονια
1259 1958 1337 2012 Stob.
1356 1958 1415 2013 flor.
1434 1975 1469 2027 rs,
1490 1973 1514 2011 rr
1533 1961 1563 2011 et

286 2030 372 2086 schol.
392 2029 476 2100 Soph.
496 2028 537 2084 El.
558 2046 610 2083 roro
630 2061 663 2068 —-

286 2157 427 2226 Meropes,
451 2158 558 2208 veteres
582 2153 689 2207 incolas
709 2154 757 2208 Coi
776 2154 898 2222 insulae,
919 2154 1119 2224 expeditiones,
1138 2171 1208 2223 quas
1228 2154 1257 2207 in
1276 2158 1369 2209 vetere
1388 2153 1483 2222 aliquo
1503 2171 1562 2207 car-

286 2227 361 2282 mine
386 2228 515 2281 narratas
542 2242 602 2279 esse
628 2229 751 2291 constat,
776 2224 906 2280 similiter
928 2224 1091 2296 perstrinxit
1115 2225 1149 2279 N.
1169 2245 1200 2278 111
1219 2242 1244 2279 ss
1264 2243 1298 2280 ss.
1327 2225 1346 2279 l.
1368 2244 1394 2277 vr
1414 2242 1439 2280 ar
1455 2243 1490 2279 ss.
1511 2224 1561 2280 Co-

288 2298 395 2369 piosius
414 2298 532 2352 eandem
550 2296 678 2350 fabulam
696 2297 831 2352 tractavit
849 2297 879 2350 in
897 2298 1013 2366 hymno,
1039 2297 1117 2351 cuius
1137 2300 1249 2352 exstant
1272 2297 1304 2352 fr.
1324 2314 1350 2351 5ο
1369 2317 1390 2350 s.
1410 2296 1454 2363 (of.
1475 2296 1561 2351 schol.

288 2370 378 2425 Aoll.
397 2369 487 2423 Rhod.
506 2388 516 2421 1
536 2373 606 2436 roes).
644 2368 754 2423 Similia
779 2369 814 2422 de
840 2367 923 2422 Peleo
948 2368 1124 2439 praedicavit
1147 2368 1178 2422 fr.
1200 2384 1238 2423 rra
1263 2400 1294 2408 —
1319 2373 1361 2422 25.
1380 2367 1509 2436 πόρθησε
1533 2372 1563 2421 et-

288 2389 330 2495 al
344 2441 441 2496 urbem
460 2438 573 2494 Troiam
592 2442 622 2493 et
639 2440 676 2493 ad
695 2439 821 2494 homines
840 2439 937 2494 referri
961 2457 1042 2509 posse
1062 2439 1144 2494 docet
1162 2438 1262 2493 similis
1281 2456 1348 2493 usus
1366 2439 1445 2493 verbi
1464 2438 1561 2507 ἔπερσε

287 2514 320 2567 N.
336 2532 367 2565 111
382 2529 407 2566 ar
427 2543 460 2552 -
480 2517 513 2564 ’28
529 2528 564 2565 ss.
585 2509 683 2566 schol:
704 2512 736 2565 οὐ
755 2508 892 2578 πρότερον
907 2507 958 2565 οὖν
972 2512 1058 2580 φησὶν
1080 2513 1171 2565 ἀνεῖλε
1190 2511 1240 2564 τόν
1256 2508 1400 2565 Ἀλκυονέα
1416 2509 1562 2580 Ἡρακλῆς,

287 2584 353 2652 πρὶν
376 2582 411 2637 τὰ
435 2581 546 2651 ἅρματα
572 2582 659 2636 αίιτοῦ
684 2583 739 2636 ὑπὸ
764 2590 814 2636 τοῦ
836 2579 999 2645 Ἀλκυονέως
1022 2584 1175 2654 βληθῆναι·
1202 2583 1271 2651 μετὰ
1290 2581 1343 2651 γὰρ
1362 2581 1393 2635 τὸ
1411 2579 1563 2649 συντρίψαι

288 2656 376 2709 αὑτοῦ
400 2655 510 2708 δώδεκα
534 2651 645 2722 ἅρματα
668 2654 716 2706 καὶ
740 2653 961 2721 εἰκοσιτέσσαρας
984 2653 1090 2721 ἄνδρας
1108 2650 1179 2725 λίθῳ
1198 2655 1327 2725 μεγίστῳ,
1354 2653 1563 2707 τὸτελευταῖον

289 2724 352 2781 κατ’
374 2727 461 2779 αὐτοῦ
480 2723 628 2793 (Herculis)
648 2724 698 2778 τόν
721 2726 805 2778 λίθον
829 2724 957 2793 ἔρριψεν,
982 2723 1014 2779 ὃν
1037 2729 1074 2793 τῷ
1098 2720 1210 2796 ὁοπάλῳ
1233 2723 1453 2793 ἀποσεισάμενος
1476 2722 1563 2786 οὕτως

288 2796 434 2852 ἀπέκτεινε
453 2796 503 2850 τὸν
518 2793 676 2863 Ἀλκυονέα,
700 2793 748 2849 καί
767 2813 837 2864 φασι
855 2800 968 2850 κεῖσθαι
987 2796 1036 2849 τὸν
1054 2793 1137 2849 λίθον
1160 2795 1191 2850 έν
1209 2800 1246 2868 τῷ
1266 2795 1364 2867 ἰσθμῷ.
1403 2793 1510 2865 λέγεται
1530 2795 1561 2850 δὲ

288 2867 348 2923 τότε
373 2875 560 2936 συμπαρεῖναι
582 2872 619 2938 τῷ
639 2865 769 2934 Ἡρακλεῖ
793 2869 841 2920 καλ
867 2868 915 2921 τόν
941 2870 1100 2936 Τελαμῶνα.
1138 2866 1205 2921 lnde
1229 2866 1385 2921 subiectum
1404 2866 1482 2921 verbi
1502 2864 1563 2923 ἕλεν

288 2939 461 3008 Alcyoneum
487 2954 547 2991 esse
572 2940 654 3008 patet
678 2954 734 2992 non
759 2937 913 2992 Herculem.
951 2938 1079 2993 Ceterum
1105 2937 1134 2991 in
1160 2937 1235 2991 rasis
1260 2937 1345 3019 pictis
1368 2937 1525 3007 Alcyoneus
1546 2956 1563 2991 a

288 3011 416 3065 Minerva
432 3008 594 3079 consopitus
613 3009 649 3063 ab
669 3008 788 3062 Hercule
807 3009 981 3080 opprimitur,
1001 3026 1057 3077 qua
1076 3008 1110 3062 de
1129 3008 1289 3063 differentia
1303 3009 1417 3063 fabulae
1432 3028 1457 3064 v.
1472 3009 1562 3080 Κόρη),

288 3082 369 3136 Arch.
390 3080 458 3135 Zeit.
480 3083 548 3134 1884
567 3098 593 3149 p.
613 3096 637 3135 ει
658 3084 687 3133 et
704 3080 821 3147 Robert‚
841 3081 933 3135 Herm.
954 3097 991 3148 rs,
1010 3097 1050 3135 rra
1068 3097 1104 3135 sa.
1129 3112 1161 3120 -
1186 3081 1231 3142 δίς
1257 3078 1366 3148 τόσους,
1394 3081 1509 3151 aurigas
1535 3085 1564 3134 et

288 3155 459 3223 pugnatores
483 3182 516 3191 -
541 3156 583 3205 32.
608 3149 762 3204 scholiasta
785 3155 930 3222 comparat
952 3168 1063 3205 versum
1087 3150 1232 3221 Sophoclis
1256 3151 1288 3206 fr.
1309 3168 1360 3207 roo:
1383 3152 1433 3206 τὸν
1452 3154 1562 3219 δρῶντα

288 3223 342 3293 γάρ
360 3244 387 3278 τι
406 3224 454 3277 καλ
479 3226 587 3277 παθεῖν
612 3219 765 3291 ὀφείλεται·
793 3240 875 3291 quem
900 3239 1010 3277 versum
1036 3239 1069 3277 eo
1094 3223 1189 3292 aptius
1215 3222 1402 3293 comparavit,
1428 3223 1503 3291 quod
1529 3239 1562 3276 ex

289 3293 436 3365 Sophoclis
455 3293 553 3348 fabula
572 3296 694 3363 cognata
710 3292 877 3360 Ἡρακλέους
896 3293 941 3347 ἐπὶ
958 3292 1089 3366 Ταινάρῳ
1108 3296 1235 3364 sumptus
1255 3297 1322 3349 erat.
1348 3293 1448 3348 Merito
1467 3298 1563 3348 autem

289 3385 322 3422 ex
341 3366 386 3419 his
405 3364 497 3420 verbis
517 3363 686 3419 scholiastae
706 3364 880 3435 collegerunt
898 3365 1108 3419 Timasarchum
1129 3382 1239 3434 quoque
1255 3382 1310 3420 non
1325 3365 1385 3419 sine
1399 3364 1562 3420 vulneribus

288 3437 435 3492 victoriam
455 3440 635 3491 consec-utum
653 3453 721 3490 esse.

360 3514 401 3564 33.
429 3506 546 3579 τεθμός,
568 3525 666 3562 norma
684 3506 829 3575 carminis,
855 3523 927 3575 quae
953 3526 1016 3561 oum
1041 3512 1070 3562 et
1094 3510 1130 3562 ad
1149 3512 1280 3563 naturam
1298 3508 1429 3562 carminis
1448 3508 1564 3578 epinicii

288 3580 448 3635 universam
467 3580 512 3648 (cf.
528 3580 547 3634 l.
562 3598 590 3633 vr
605 3582 641 3647 ra)
662 3582 690 3633 et
709 3580 745 3633 ad
764 3595 834 3645 eam,
854 3578 889 3632 de
910 3596 966 3647 qua
979 3579 1053 3633 inter
1065 3584 1179 3649 poetam
1194 3582 1223 3634 et
1236 3579 1371 3634 victorem
1385 3584 1562 3648 convenerat,

289 3652 406 3707 formam
426 3651 470 3719 (cf.
486 3650 514 3704 P.
530 3670 558 3703 ιι
571 3654 609 3719 ιι)
627 3652 656 3705 et
674 3649 898 3721 magnitudinem
917 3650 961 3719 (cf.
977 3650 1049 3705 Prol.
1064 3670 1127 3704 xcvr
1141 3650 1217 3720 adn.)
1234 3651 1374 3721 pert-inere
1413 3650 1491 3720 ossit,
1510 3652 1562 3705 hoc

288 3724 349 3778 loco
373 3721 597 3792 magnitudinem
640 3721 798 3776 otissimum
821 3720 920 3791 respici
945 3738 978 3775 ex
998 3721 1115 3776 adiectis
1134 3721 1227 3776 verbis
1245 3718 1316 3790 ὧραί
1338 3720 1364 3775 τ’
1385 3670 1564 3792 alra-primas

289 3795 362 3849 effici
381 3793 450 3847 mihi
469 3793 593 3859 videtur;
617 3741 670 3847 llas
689 3793 763 3847 enim
782 3793 820 3846 im
841 3792 983 3847 edimento
1002 3797 1102 3864 poetae
1122 3796 1215 3861 erant,
1235 3793 1383 3863 quominus
1402 3792 1514 3864 longius
1532 3793 1563 3848 in

289 3865 393 3920 sabulis
412 3864 560 3919 narrandis
579 3864 790 3934 exspatiaretur.
820 3811 962 3918 Summam
981 3865 1068 3936 igitur
1083 3865 1139 3919 vim
1155 3864 1249 3919 verbis
1267 3864 1302 3919 τὰ
1321 3864 1415 3934 μακρὰ
1433 3868 1463 3919 et
1481 3881 1562 3935 prae-

288 3936 422 4009 positioni
443 3936 471 4002 ἐξ
489 3935 567 3990 verbi
587 3933 727 4001 ἐξενέπειν
746 3935 848 4003 tribuo,
866 3937 899 3989 ut
912 3937 1068 3990 cavendum
1082 3940 1182 4007 poetae
1202 3936 1288 3991 fuisse
1306 3939 1410 4006 putem,
1425 3952 1460 3990 ne
1479 3936 1563 4002 idem,

289 4010 364 4078 quod
383 4009 412 4062 in
431 4007 554 4062 carmine
568 4006 601 4060 N.
618 4027 627 4059 1
642 4007 790 4073 commisit,
809 4008 876 4062 tunc
894 4024 1005 4076 quoque
1024 4007 1218 4076 committeret,
1238 4012 1270 4061 ut
1288 4006 1414 4062 fabulam
1429 4007 1563 4062 narrandi

289 4079 437 4135 dulcedine
457 4080 590 4149 abreptus
608 4096 721 4159 prorsus
739 4077 854 4132 victoris
873 4078 988 4147 eiusque
1008 4079 1187 4134 victoriarum
1206 4078 1311 4133 oblitus
1330 4095 1390 4133 esse
1412 4079 1562 4134 videretur.

289 4153 417 4220 Namque
440 4149 553 4204 fabulas
576 4149 695 4220 epinicia
721 4149 863 4204 intexendi
889 4152 918 4203 et
936 4149 1033 4205 heroes
1053 4150 1179 4205 civitatis
1197 4149 1331 4219 cuiusque
1350 4149 1486 4205 laudandi
1506 4168 1562 4205 mo·

290 4240 348 4277 rem
371 4240 427 4276 non
452 4221 611 4276 universum
629 4220 819 4292 vituperatum
843 4237 904 4275 esse
941 4238 973 4275 ex
997 4222 1045 4288 iis,
1069 4240 1141 4290 quae
1159 4222 1217 4276 iam
1236 4225 1401 4290 sequuntur,
1425 4221 1495 4276 satis
1514 4240 1562 4292 ap·

288 4296 377 4365 paret.
424 4291 563 4346 Nimirum
595 4309 651 4346 non
683 4292 781 4347 statim
812 4295 878 4362 post
908 4265 961 4346 lroc
993 4293 1132 4348 emblema
1159 4297 1259 4361 (ιε-ιε)
1288 4294 1324 4347 ad
1352 4293 1564 4347 'limasarchum

290 4365 405 4434 eiusque
424 4366 537 4433 gentem
555 4363 637 4431 redit,
656 4381 746 4432 neque
764 4380 837 4434 quae
856 4363 891 4418 do
910 4363 1016 4418 Teucro
1029 4364 1139 4419 Achille
1159 4363 1343 4435 Neoptolemo
1361 4363 1445 4419 Peleo
1464 4367 1563 4432 (ιο-οε)

289 4435 428 4502 narrarit,
451 4433 543 4504 magis
566 4452 651 4503 quam
674 4453 746 4504 quae
770 4438 855 4489 antea
876 4437 977 4505 (ιι-οι)
1000 4435 1035 4489 de
1054 4436 1205 4490 Telamone
1229 4438 1405 4503 narraverat,
1425 4435 1461 4489 ad
1481 4435 1562 4506 Aegi·

288 4509 370 4562 netas
397 4509 426 4560 et
450 4505 585 4560 victorem
609 4506 777 4575 Aeginetam
805 4504 953 4576 pertinent.
991 4507 1107 4575 Verum,
1136 4510 1168 4560 ut
1193 4506 1264 4575 dixi,
1293 4524 1349 4561 non
1377 4506 1563 4577 digressiones

289 4579 367 4649 ipsae
391 4581 421 4632 et
444 4576 659 4632 domesticorum
684 4576 800 4632 heroum
825 4576 923 4631 laudes
949 4577 1070 4633 Pindaro
1095 4578 1165 4633 vitio
1191 4578 1384 4646 vertebantur,
1414 4578 1462 4632 sed
1490 4594 1563 4631 com-

290 4649 426 4721 pendiosa
444 4648 581 4718 brevitas,
608 4648 760 4703 Simonidis
777 4648 886 4718 prolixo
905 4649 1013 4704 flumini
1032 4650 1061 4703 in
1079 4648 1184 4705 sabulis
1203 4649 1350 4703 narrandis
1369 4649 1511 4704 contraria
1531 4681 1562 4689 -

291 4728 332 4778 35.
353 4720 439 4791 ἴυγγι·
459 4737 567 4775 summo
586 4719 738 4789 desiderio,
761 4720 927 4792 metaphora
946 4722 981 4774 ab
1001 4721 1103 4775 amoris
1123 4722 1200 4789 lusu,
1220 4721 1327 4789 dequo
1347 4721 1375 4774 P.
1395 4739 1423 4773 rr
1442 4738 1480 4775 ιιι
1500 4737 1563 4775 con·

291 4794 362 4849 serre
380 4793 472 4863 iuvat,
492 4794 529 4847 ad
549 4791 620 4846 alias
639 4808 682 4845 res
702 4791 841 4847 translata
859 4824 894 4832 —
914 4791 1063 4868 νεομηνία·
1089 4791 1245 4859 novilunio,
1267 4810 1322 4859 quo
1341 4808 1420 4846 sacro
1440 4796 1564 4862 ternpore
