3406 5378
802 1388 1011 1443 'OATMss.sss

547 1573 827 1657 APHEIA,
863 1568 1278 1653 ΣΤΡΑΚΟΣΙΩι

833 1766 982 1816 AHHNHa

820 2064 998 2135 Strophae.

794 3812 1035 3894 Argumentum.

366 3960 493 4039 Agesias
517 3958 645 4021 Sostrati
669 3958 750 4019 filius
769 3960 974 4035 Syracusanus
993 3979 1027 4017 ex
1047 3958 1232 4019 nobilissima
1250 3960 1338 4035 gente
1360 3955 1553 4031 Iamidarum,

277 4050 362 4109 cuius
395 4069 430 4109 ex
462 4050 625 4110 maiembus
657 4068 735 4107 unus
767 4068 836 4108 cum
865 4048 976 4106 Archia
1008 4047 1163 4107 Corinthio
1195 4047 1359 4123 Syracusas
1388 4045 1554 4105 condidisse

277 4139 373 4197 fertur
396 4130 437 4217 (v.
457 4131 498 4217 6),
521 4138 612 4197 rheda
636 4138 744 4196 mulari
769 4136 814 4195 01.
836 4139 875 4196 78
896 4137 976 4197 vicit.
1014 4136 1201 4213 Quamquam
1226 4135 1304 4193 enim
1330 4136 1472 4194 memoria
1495 4134 1554 4193 vic·

278 4228 373 4287 toriae
410 4227 470 4286 iam
508 4227 689 4286 scholiorum
721 4225 906 4302 temporibus
938 4226 1112 4285 oblitterata
1143 4224 1215 4301 fuit,
1253 4230 1353 4283 lamen
1385 4223 1554 4283 Boockhius

280 4314 452 4391 Olympiadi
478 4317 517 4373 78
542 4333 609 4374 eam
632 4318 711 4375 cento
736 4314 871 4374 acumine
895 4315 1074 4393 adsignavit,
1098 4314 1178 4391 quod
1202 4317 1267 4371 tum
1291 4314 1433 4389 temporis
1457 4312 1555 4369 Aetna

279 4404 350 4462 urbs
370 4404 430 4463 iam
449 4402 568 4463 condita
588 4396 627 4482 (v.
649 4395 698 4483 96)
718 4410 749 4463 et
767 4404 914 4463 Pindarus
933 4424 967 4461 en
992 4404 1095 4462 Sicilia
1118 4402 1234 4462 Thebas
1257 4402 1350 4462 redux
1373 4402 1471 4459 factus
1490 4403 1555 4458 erat

280 4498 321 4571 (v.
341 4484 399 4573 86),
423 4492 591 4568 nequedum
616 4493 706 4551 Hiero
729 4513 779 4552 rex
803 4493 866 4551 vila
890 4493 1048 4551 defunctus
1072 4495 1144 4551 orat.
1183 4491 1323 4567 lumidus,
1346 4492 1433 4550 cuius
1455 4489 1553 4568 gentis

281 4586 387 4639 auctor
410 4582 510 4640 lamus
533 4580 571 4640 ab
595 4581 734 4659 Apolline
761 4585 846 4658 patre
874 4581 1057 4640 vaticinandi
1085 4584 1148 4640 arte
1179 4584 1286 4640 auctus
1309 4598 1372 4639 esso
1397 4579 1555 4655 terebatur,

281 4689 348 4730 cum
368 4671 397 4729 in
418 4670 486 4729 aliis
505 4670 628 4730 urbibus
647 4674 712 4729 tum
732 4670 888 4746 Olympiae
908 4671 938 4728 in
958 4688 1011 4729 ara
1028 4670 1108 4730 Iovis
1127 4691 1162 4730 ex
1181 4669 1311 4729 victimis
1331 4662 1386 4749 (δι’
1406 4666 1555 4746 ἐμπύρων,

281 4781 308 4820 v.
332 4760 421 4821 schol.
445 4761 483 4819 ad
508 4771 522 4819 7
546 4763 577 4819 et
602 4752 667 4840 ιιι)
695 4758 838 4819 vaticinia
867 4758 1002 4819 edebant.
1048 4759 1174 4839 Ageeias
1204 4759 1280 4836 ipse,
1309 4778 1379 4817 cum
1409 4758 1555 4834 Hieronis,
