<?xml version="1.0" encoding="UTF-8"?>
<!DOCTYPE html PUBLIC "-//W3C//DTD XHTML 1.0 Transitional//EN"
    "http://www.w3.org/TR/xhtml1/DTD/xhtml1-transitional.dtd">
<html xmlns="http://www.w3.org/1999/xhtml" xml:lang="en" lang="en">
 <head>
  <title>
</title>
<meta http-equiv="Content-Type" content="text/html;charset=utf-8" />
  <meta name='ocr-system' content='tesseract 3.04.00' />
  <meta name='ocr-capabilities' content='ocr_page ocr_carea ocr_par ocr_line ocrx_word'/>
</head>
<body>
  <div class='ocr_page' id='page_1' title='image "./pindaricarminap00pindgoog_0174.png"; bbox 0 0 3406 5378; ppageno 0'>
   <div class='ocr_carea' id='block_1_1' title="bbox 722 386 932 438">
    <p class='ocr_par' dir='ltr' id='par_1_1' title="bbox 722 386 932 438">
     <span class='ocr_line' id='line_1_1' title="bbox 722 386 932 438; baseline 0.014 -4"><span class='ocrx_word' id='word_1_1' title='bbox 722 386 878 436; x_wconf 79' lang='lat' dir='ltr'>OLYMPIA</span> <span class='ocrx_word' id='word_1_2' title='bbox 899 387 932 438; x_wconf 88' lang='lat' dir='ltr'><strong>Il.</strong></span> 
     </span>
    </p>
   </div>
   <div class='ocr_carea' id='block_1_2' title="bbox 255 529 1109 851">
    <p class='ocr_par' dir='ltr' id='par_1_2' title="bbox 255 529 1109 851">
     <span class='ocr_line' id='line_1_2' title="bbox 346 529 1109 633; baseline 0 -22"><span class='ocrx_word' id='word_1_3' title='bbox 346 547 464 622; x_wconf 88' lang='grc' dir='ltr'><em>ποτνάς</em></span> <span class='ocrx_word' id='word_1_4' title='bbox 487 549 613 623; x_wconf 78' lang='grc' dir='ltr'><em>ἔτισαν,</em></span> <span class='ocrx_word' id='word_1_5' title='bbox 639 529 676 608; x_wconf 82' lang='grc' dir='ltr'><strong>τά</strong></span> <span class='ocrx_word' id='word_1_6' title='bbox 700 544 729 608; x_wconf 90' lang='grc' dir='ltr'><strong>δ’</strong></span> <span class='ocrx_word' id='word_1_7' title='bbox 758 545 794 609; x_wconf 79' lang='grc' dir='ltr'><strong>ἐν</strong></span> <span class='ocrx_word' id='word_1_8' title='bbox 816 547 894 632; x_wconf 84' lang='grc' dir='ltr'><em>τᾷδε</em></span> <span class='ocrx_word' id='word_1_9' title='bbox 919 546 1002 622; x_wconf 87' lang='grc' dir='ltr'><em>Διὸς</em></span> <span class='ocrx_word' id='word_1_10' title='bbox 1025 546 1109 633; x_wconf 84' lang='grc' dir='ltr'><em>ἀρχᾷ</em></span> 
     </span>
     <span class='ocr_line' id='line_1_3' title="bbox 268 652 1000 737; baseline -0.001 -20"><span class='ocrx_word' id='word_1_11' title='bbox 268 672 301 717; x_wconf 77' lang='lat' dir='ltr'><strong>eo</strong></span> <span class='ocrx_word' id='word_1_12' title='bbox 349 654 465 737; x_wconf 90' lang='grc' dir='ltr'><em>ἀλιτρά</em></span> <span class='ocrx_word' id='word_1_13' title='bbox 489 654 570 716; x_wconf 83' lang='grc' dir='ltr'><em>κατά</em></span> <span class='ocrx_word' id='word_1_14' title='bbox 594 661 654 734; x_wconf 82' lang='grc' dir='ltr'><em>γᾶς</em></span> <span class='ocrx_word' id='word_1_15' title='bbox 677 653 797 731; x_wconf 77' lang='grc' dir='ltr'><em>δικάζει</em></span> <span class='ocrx_word' id='word_1_16' title='bbox 823 677 872 728; x_wconf 94' lang='grc' dir='ltr'><strong>τις</strong></span> <span class='ocrx_word' id='word_1_17' title='bbox 895 652 1000 736; x_wconf 78' lang='grc' dir='ltr'><em>ἐχθρᾷ</em></span> 
     </span>
     <span class='ocr_line' id='line_1_4' title="bbox 255 757 844 851; baseline 0.007 -31"><span class='ocrx_word' id='word_1_18' title='bbox 255 772 311 835; x_wconf 77' lang='grc' dir='ltr'><em>(σο)</em></span> <span class='ocrx_word' id='word_1_19' title='bbox 349 763 449 843; x_wconf 85' lang='grc' dir='ltr'><em>λόγον</em></span> <span class='ocrx_word' id='word_1_20' title='bbox 473 759 618 851; x_wconf 82' lang='grc' dir='ltr'><em>φράσαις</em></span> <span class='ocrx_word' id='word_1_21' title='bbox 640 757 775 845; x_wconf 81' lang='grc' dir='ltr'><em>ἀνάγκᾳ.</em></span> <span class='ocrx_word' id='word_1_22' title='bbox 841 832 844 841; x_wconf 60' lang='lat'><strong>,</strong></span> 
     </span>
    </p>
   </div>
   <div class='ocr_carea' id='block_1_3' title="bbox 213 888 1432 1838">
    <p class='ocr_par' dir='ltr' id='par_1_3' title="bbox 213 888 1376 1520">
     <span class='ocr_line' id='line_1_5' title="bbox 350 888 1295 987; baseline 0 -21"><span class='ocrx_word' id='word_1_23' title='bbox 350 901 391 967; x_wconf 82' lang='grc' dir='ltr'><em>ίσ’</em></span> <span class='ocrx_word' id='word_1_24' title='bbox 419 901 456 966; x_wconf 82' lang='grc' dir='ltr'><strong>ἐν</strong></span> <span class='ocrx_word' id='word_1_25' title='bbox 479 898 515 965; x_wconf 77' lang='grc' dir='ltr'><strong>δὲ</strong></span> <span class='ocrx_word' id='word_1_26' title='bbox 539 901 715 965; x_wconf 82' lang='grc' dir='ltr'><em>νύκτεσσιν</em></span> <span class='ocrx_word' id='word_1_27' title='bbox 738 903 816 985; x_wconf 80' lang='grc' dir='ltr'><em>αίεί,</em></span> <span class='ocrx_word' id='word_1_28' title='bbox 1095 888 1099 897; x_wconf 54' lang='grc'>’</span> <span class='ocrx_word' id='word_1_29' title='bbox 1148 908 1228 987; x_wconf 88' lang='grc' dir='ltr'><em>Στρ.</em></span> <span class='ocrx_word' id='word_1_30' title='bbox 1253 902 1295 966; x_wconf 87' lang='grc' dir='ltr'><strong>δ’.</strong></span> 
     </span>
     <span class='ocr_line' id='line_1_6' title="bbox 349 990 1376 1094; baseline -0.002 -21"><span class='ocrx_word' id='word_1_31' title='bbox 349 1015 403 1074; x_wconf 82' lang='lat' dir='ltr'><strong>loa</strong></span> <span class='ocrx_word' id='word_1_32' title='bbox 427 1006 457 1072; x_wconf 86' lang='grc' dir='ltr'><strong>δ’</strong></span> <span class='ocrx_word' id='word_1_33' title='bbox 485 1007 522 1072; x_wconf 81' lang='grc' dir='ltr'><strong>ἐν</strong></span> <span class='ocrx_word' id='word_1_34' title='bbox 545 1006 681 1091; x_wconf 78' lang='grc' dir='ltr'><em>ἁμέραις</em></span> <span class='ocrx_word' id='word_1_35' title='bbox 705 1006 818 1094; x_wconf 62' lang='grc' dir='ltr'><em>ἀέλιον</em></span> <span class='ocrx_word' id='word_1_36' title='bbox 841 1012 970 1093; x_wconf 77' lang='grc' dir='ltr'><em>ἔχοντες</em></span> <span class='ocrx_word' id='word_1_37' title='bbox 993 1008 1213 1094; x_wconf 81' lang='grc' dir='ltr'><em>ἀπονέστερον</em></span> <span class='ocrx_word' id='word_1_38' title='bbox 1316 990 1376 1073; x_wconf 83' lang='grc' dir='ltr'><strong>Ι110</strong></span> 
     </span>
     <span class='ocr_line' id='line_1_7' title="bbox 331 1098 1103 1200; baseline -0.001 -20"><span class='ocrx_word' id='word_1_39' title='bbox 331 1098 436 1180; x_wconf 45' lang='grc' dir='ltr'><em>’ἐσλοὶ</em></span> <span class='ocrx_word' id='word_1_40' title='bbox 460 1113 613 1177; x_wconf 82' lang='grc' dir='ltr'><em>δέκονται</em></span> <span class='ocrx_word' id='word_1_41' title='bbox 636 1116 765 1196; x_wconf 84' lang='grc' dir='ltr'><em>βίοτον,</em></span> <span class='ocrx_word' id='word_1_42' title='bbox 789 1115 829 1179; x_wconf 93' lang='grc' dir='ltr'><strong>ού</strong></span> <span class='ocrx_word' id='word_1_43' title='bbox 852 1118 961 1198; x_wconf 77' lang='grc' dir='ltr'><em>χθόνα</em></span> <span class='ocrx_word' id='word_1_44' title='bbox 984 1116 1103 1200; x_wconf 91' lang='grc' dir='ltr'><em>ταράσ-</em></span> 
     </span>
     <span class='ocr_line' id='line_1_8' title="bbox 400 1218 801 1307; baseline 0 -23"><span class='ocrx_word' id='word_1_45' title='bbox 400 1236 514 1294; x_wconf 83' lang='grc' dir='ltr'><em>σοντες</em></span> <span class='ocrx_word' id='word_1_46' title='bbox 538 1218 573 1283; x_wconf 77' lang='grc' dir='ltr'><strong>ἑν</strong></span> <span class='ocrx_word' id='word_1_47' title='bbox 596 1221 691 1303; x_wconf 78' lang='grc' dir='ltr'><em>χερὸς</em></span> <span class='ocrx_word' id='word_1_48' title='bbox 715 1220 801 1307; x_wconf 87' lang='grc' dir='ltr'><em>ἀκμᾷ</em></span> 
     </span>
     <span class='ocr_line' id='line_1_9' title="bbox 270 1324 702 1410; baseline -0.005 -17"><span class='ocrx_word' id='word_1_49' title='bbox 270 1346 302 1393; x_wconf 79' lang='grc' dir='ltr'><strong>7ο</strong></span> <span class='ocrx_word' id='word_1_50' title='bbox 348 1324 426 1392; x_wconf 71' lang='grc' dir='ltr'><em>οὐδὲ</em></span> <span class='ocrx_word' id='word_1_51' title='bbox 450 1330 588 1391; x_wconf 87' lang='grc' dir='ltr'><em>πόντιον</em></span> <span class='ocrx_word' id='word_1_52' title='bbox 610 1326 702 1410; x_wconf 81' lang='grc' dir='ltr'><em>ὕδωρ</em></span> 
     </span>
     <span class='ocr_line' id='line_1_10' title="bbox 213 1432 1192 1520; baseline 0.004 -25"><span class='ocrx_word' id='word_1_53' title='bbox 213 1484 217 1490; x_wconf 92' lang='grc'>.</span> <span class='ocrx_word' id='word_1_54' title='bbox 257 1445 312 1510; x_wconf 78' lang='lat' dir='ltr'><strong>(ot)</strong></span> <span class='ocrx_word' id='word_1_55' title='bbox 349 1435 463 1499; x_wconf 84' lang='grc' dir='ltr'><em>κεινὰν</em></span> <span class='ocrx_word' id='word_1_56' title='bbox 485 1435 573 1520; x_wconf 84' lang='grc' dir='ltr'><em>παρὰ</em></span> <span class='ocrx_word' id='word_1_57' title='bbox 602 1436 747 1498; x_wconf 79' lang='grc' dir='ltr'><em>δίαιταν</em></span> <span class='ocrx_word' id='word_1_58' title='bbox 772 1433 855 1499; x_wconf 89' lang='grc' dir='ltr'><strong>ἀλλά</strong></span> <span class='ocrx_word' id='word_1_59' title='bbox 877 1438 965 1519; x_wconf 90' lang='grc' dir='ltr'><strong>παρά</strong></span> <span class='ocrx_word' id='word_1_60' title='bbox 989 1432 1049 1519; x_wconf 73' lang='grc' dir='ltr'><strong>μὲν</strong></span> <span class='ocrx_word' id='word_1_61' title='bbox 1072 1439 1192 1520; x_wconf 81' lang='grc' dir='ltr'><em>τιμίοις</em></span> 
     </span>
    </p>

    <p class='ocr_par' dir='ltr' id='par_1_4' title="bbox 262 1541 1432 1838">
     <span class='ocr_line' id='line_1_11' title="bbox 262 1541 926 1627; baseline 0 -21"><span class='ocrx_word' id='word_1_62' title='bbox 262 1543 267 1552; x_wconf 91' lang='grc'><strong><em>’</em></strong></span> <span class='ocrx_word' id='word_1_63' title='bbox 346 1548 437 1607; x_wconf 78' lang='grc' dir='ltr'><em>θεῶν</em></span> <span class='ocrx_word' id='word_1_64' title='bbox 461 1543 581 1617; x_wconf 82' lang='grc' dir='ltr'><em>οἵτινες</em></span> <span class='ocrx_word' id='word_1_65' title='bbox 604 1544 737 1627; x_wconf 82' lang='grc' dir='ltr'><em>ἔχαιρον</em></span> <span class='ocrx_word' id='word_1_66' title='bbox 760 1541 926 1627; x_wconf 83' lang='grc' dir='ltr'><em>εὐορκίαις</em></span> 
     </span>
     <span class='ocr_line' id='line_1_12' title="bbox 347 1647 1377 1733; baseline -0.004 -20"><span class='ocrx_word' id='word_1_67' title='bbox 347 1650 498 1733; x_wconf 76' lang='grc' dir='ltr'><em>ἄδακρυν</em></span> <span class='ocrx_word' id='word_1_68' title='bbox 520 1647 675 1733; x_wconf 80' lang='grc' dir='ltr'><em>νέμονται</em></span> <span class='ocrx_word' id='word_1_69' title='bbox 1167 1702 1174 1713; x_wconf 91' lang='grc'><strong>.</strong></span> <span class='ocrx_word' id='word_1_70' title='bbox 1327 1665 1377 1711; x_wconf 75' lang='lat'><strong>120</strong></span> 
     </span>
     <span class='ocr_line' id='line_1_13' title="bbox 348 1732 1432 1838; baseline -0.002 -18"><span class='ocrx_word' id='word_1_71' title='bbox 348 1758 465 1820; x_wconf 85' lang='grc' dir='ltr'><em>αι’ῶνα·</em></span> <span class='ocrx_word' id='word_1_72' title='bbox 490 1753 541 1819; x_wconf 84' lang='lat' dir='ltr'><strong>rol</strong></span> <span class='ocrx_word' id='word_1_73' title='bbox 565 1754 594 1818; x_wconf 90' lang='grc' dir='ltr'><strong>δ’</strong></span> <span class='ocrx_word' id='word_1_74' title='bbox 622 1754 852 1838; x_wconf 81' lang='grc' dir='ltr'><em>ἀπροσόρατον</em></span> <span class='ocrx_word' id='word_1_75' title='bbox 875 1753 1022 1838; x_wconf 80' lang='grc' dir='ltr'><em>ὀκχέοντι</em></span> <span class='ocrx_word' id='word_1_76' title='bbox 1045 1758 1159 1820; x_wconf 88' lang='grc' dir='ltr'><em>πόνον.</em></span> <span class='ocrx_word' id='word_1_77' title='bbox 1427 1732 1432 1745; x_wconf 40' lang='grc'>’</span> 
     </span>
    </p>
   </div>
   <div class='ocr_carea' id='block_1_4' title="bbox 139 1908 1467 2544">
    <p class='ocr_par' dir='ltr' id='par_1_5' title="bbox 139 1908 1467 2544">
     <span class='ocr_line' id='line_1_14' title="bbox 259 1908 1465 2001; baseline -0.002 -36"><span class='ocrx_word' id='word_1_78' title='bbox 259 1919 299 1966; x_wconf 82' lang='grc'><strong>64.</strong></span> <span class='ocrx_word' id='word_1_79' title='bbox 317 1917 352 1986; x_wconf 87' lang='grc' dir='ltr'><strong>τᾷ</strong></span> <span class='ocrx_word' id='word_1_80' title='bbox 370 1914 430 1975; x_wconf 88' lang='grc' dir='ltr'><em>διὸς</em></span> <span class='ocrx_word' id='word_1_81' title='bbox 449 1913 472 1967; x_wconf 82' lang='lat' dir='ltr'><em>G</em></span> <span class='ocrx_word' id='word_1_82' title='bbox 488 1945 518 1952; x_wconf 91' lang='lat'><em>-</em></span> <span class='ocrx_word' id='word_1_83' title='bbox 538 1918 579 1966; x_wconf 85' lang='grc'><strong>66.</strong></span> <span class='ocrx_word' id='word_1_84' title='bbox 599 1911 688 2001; x_wconf 50' lang='grc' dir='ltr'><em>ἐχθρὰ</em></span> <span class='ocrx_word' id='word_1_85' title='bbox 707 1912 764 1966; x_wconf 67' lang='lat'><strong>14⁸⁰</strong></span> <span class='ocrx_word' id='word_1_86' title='bbox 783 1944 814 1951; x_wconf 85' lang='lat'><em>-</em></span> <span class='ocrx_word' id='word_1_87' title='bbox 833 1912 944 1982; x_wconf 79' lang='grc' dir='ltr'><em>ἀνάγκα</em></span> <span class='ocrx_word' id='word_1_88' title='bbox 964 1914 988 1967; x_wconf 79' lang='lat' dir='ltr'><strong><em>A</em></strong></span> <span class='ocrx_word' id='word_1_89' title='bbox 1006 1914 1035 1966; x_wconf 86' lang='lat' dir='ltr'><strong>et</strong></span> <span class='ocrx_word' id='word_1_90' title='bbox 1051 1911 1136 1966; x_wconf 82' lang='lat' dir='ltr'><strong>schol.</strong></span> <span class='ocrx_word' id='word_1_91' title='bbox 1156 1944 1187 1951; x_wconf 90' lang='lat'>—</span> <span class='ocrx_word' id='word_1_92' title='bbox 1206 1917 1248 1965; x_wconf 82' lang='grc'><strong>67.</strong></span> <span class='ocrx_word' id='word_1_93' title='bbox 1264 1908 1377 1972; x_wconf 77' lang='grc' dir='ltr'><em>ίσαιςδὲ</em></span> <span class='ocrx_word' id='word_1_94' title='bbox 1389 1909 1465 1964; x_wconf 88' lang='grc' dir='ltr'><em>νύκτ.</em></span> 
     </span>
     <span class='ocr_line' id='line_1_15' title="bbox 139 1980 1465 2052; baseline -0.002 -13"><span class='ocrx_word' id='word_1_95' title='bbox 139 2041 150 2052; x_wconf 58' lang='grc'>,</span> <span class='ocrx_word' id='word_1_96' title='bbox 188 1984 272 2047; x_wconf 79' lang='grc' dir='ltr'><em>(ἴσαις</em></span> <span class='ocrx_word' id='word_1_97' title='bbox 291 1983 321 2037; x_wconf 76' lang='grc' dir='ltr'><strong>δὲ</strong></span> <span class='ocrx_word' id='word_1_98' title='bbox 343 1980 374 2038; x_wconf 70' lang='lat' dir='ltr'><strong>lv</strong></span> <span class='ocrx_word' id='word_1_99' title='bbox 392 2004 460 2038; x_wconf 86' lang='grc' dir='ltr'><em>ννκτ</em></span> <span class='ocrx_word' id='word_1_100' title='bbox 489 1985 527 2037; x_wconf 78' lang='lat' dir='ltr'><strong>Bt</strong></span> <span class='ocrx_word' id='word_1_101' title='bbox 544 1998 673 2046; x_wconf 83' lang='grc' dir='ltr'><em>...ισαις</em></span> <span class='ocrx_word' id='word_1_102' title='bbox 692 1981 720 2036; x_wconf 87' lang='grc' dir='ltr'><strong>δ’</strong></span> <span class='ocrx_word' id='word_1_103' title='bbox 742 1983 771 2036; x_wconf 77' lang='grc' dir='ltr'><strong>ἐν</strong></span> <span class='ocrx_word' id='word_1_104' title='bbox 790 1983 835 2050; x_wconf 87' lang='grc' dir='ltr'><strong>ἀμ.</strong></span> <span class='ocrx_word' id='word_1_105' title='bbox 856 1984 936 2039; x_wconf 89' lang='lat' dir='ltr'><strong>codd.</strong></span> <span class='ocrx_word' id='word_1_106' title='bbox 954 1988 1021 2039; x_wconf 81' lang='lat' dir='ltr'><strong>vett.</strong></span> <span class='ocrx_word' id='word_1_107' title='bbox 1042 1988 1070 2037; x_wconf 90' lang='lat' dir='ltr'><strong>et</strong></span> <span class='ocrx_word' id='word_1_108' title='bbox 1089 1983 1184 2050; x_wconf 84' lang='lat' dir='ltr'><strong>schol,</strong></span> <span class='ocrx_word' id='word_1_109' title='bbox 1203 1981 1310 2036; x_wconf 72' lang='grc' dir='ltr'><em>ἀσονδὲ</em></span> <span class='ocrx_word' id='word_1_110' title='bbox 1331 2002 1398 2035; x_wconf 91' lang='grc' dir='ltr'><em>ννκτ</em></span> <span class='ocrx_word' id='word_1_111' title='bbox 1415 2024 1420 2034; x_wconf 92' lang='grc'><em>.</em></span> <span class='ocrx_word' id='word_1_112' title='bbox 1438 2025 1465 2036; x_wconf 94' lang='grc'><strong>..</strong></span> 
     </span>
     <span class='ocr_line' id='line_1_16' title="bbox 188 2051 1467 2124; baseline -0.002 -15"><span class='ocrx_word' id='word_1_113' title='bbox 188 2055 234 2109; x_wconf 82' lang='lat' dir='ltr'><strong>lou</strong></span> <span class='ocrx_word' id='word_1_114' title='bbox 250 2053 278 2109; x_wconf 82' lang='grc' dir='ltr'><strong>δ’</strong></span> <span class='ocrx_word' id='word_1_115' title='bbox 296 2055 326 2109; x_wconf 79' lang='grc' dir='ltr'><strong>ἐν</strong></span> <span class='ocrx_word' id='word_1_116' title='bbox 344 2055 436 2123; x_wconf 66' lang='lat' dir='ltr'><strong>diuet,</strong></span> <span class='ocrx_word' id='word_1_117' title='bbox 456 2054 494 2108; x_wconf 88' lang='grc' dir='ltr'><em>ίσ’</em></span> <span class='ocrx_word' id='word_1_118' title='bbox 513 2054 542 2108; x_wconf 78' lang='grc' dir='ltr'><strong>ἐν</strong></span> <span class='ocrx_word' id='word_1_119' title='bbox 561 2053 592 2108; x_wconf 76' lang='grc' dir='ltr'><strong>δὲ</strong></span> <span class='ocrx_word' id='word_1_120' title='bbox 614 2098 662 2109; x_wconf 90' lang='grc'><strong>...</strong></span> <span class='ocrx_word' id='word_1_121' title='bbox 683 2054 729 2108; x_wconf 75' lang='lat' dir='ltr'><strong>trs</strong></span> <span class='ocrx_word' id='word_1_122' title='bbox 749 2053 777 2107; x_wconf 87' lang='grc' dir='ltr'><strong>δ”</strong></span> <span class='ocrx_word' id='word_1_123' title='bbox 799 2055 829 2108; x_wconf 78' lang='grc' dir='ltr'><strong>ἐν</strong></span> <span class='ocrx_word' id='word_1_124' title='bbox 848 2055 886 2124; x_wconf 84' lang='grc' dir='ltr'><strong>ἀμ</strong></span> <span class='ocrx_word' id='word_1_125' title='bbox 915 2055 984 2109; x_wconf 89' lang='lat' dir='ltr'><strong>coni.</strong></span> <span class='ocrx_word' id='word_1_126' title='bbox 1005 2055 1184 2122; x_wconf 82' lang='lat' dir='ltr'><strong>Sehwickert,</strong></span> <span class='ocrx_word' id='word_1_127' title='bbox 1204 2054 1265 2107; x_wconf 81' lang='grc' dir='ltr'><em>ἴσον</em></span> <span class='ocrx_word' id='word_1_128' title='bbox 1284 2051 1315 2107; x_wconf 74' lang='lat' dir='ltr'><strong>ol</strong></span> <span class='ocrx_word' id='word_1_129' title='bbox 1336 2095 1385 2107; x_wconf 91' lang='lat'><strong>...</strong></span> <span class='ocrx_word' id='word_1_130' title='bbox 1406 2053 1467 2106; x_wconf 78' lang='grc' dir='ltr'><em>ἴσον</em></span> 
     </span>
     <span class='ocr_line' id='line_1_17' title="bbox 190 2124 1466 2196; baseline -0.003 -16"><span class='ocrx_word' id='word_1_131' title='bbox 190 2127 219 2181; x_wconf 78' lang='grc' dir='ltr'><strong>ἐν</strong></span> <span class='ocrx_word' id='word_1_132' title='bbox 242 2127 289 2196; x_wconf 82' lang='grc' dir='ltr'><strong>ἀμ.</strong></span> <span class='ocrx_word' id='word_1_133' title='bbox 314 2127 438 2193; x_wconf 87' lang='lat' dir='ltr'><strong>Boeekh,</strong></span> <span class='ocrx_word' id='word_1_134' title='bbox 463 2125 536 2188; x_wconf 86' lang='grc' dir='ltr'><em>ίσαις</em></span> <span class='ocrx_word' id='word_1_135' title='bbox 559 2124 589 2178; x_wconf 76' lang='grc' dir='ltr'><strong>δὲ</strong></span> <span class='ocrx_word' id='word_1_136' title='bbox 611 2125 754 2189; x_wconf 82' lang='grc' dir='ltr'><em>...ἴσαις</em></span> <span class='ocrx_word' id='word_1_137' title='bbox 777 2125 805 2179; x_wconf 88' lang='grc' dir='ltr'><strong>δ’</strong></span> <span class='ocrx_word' id='word_1_138' title='bbox 826 2126 873 2195; x_wconf 81' lang='grc' dir='ltr'><strong>ἀμ.</strong></span> <span class='ocrx_word' id='word_1_139' title='bbox 897 2132 1060 2180; x_wconf 86' lang='lat' dir='ltr'>Mommsen.</span> <span class='ocrx_word' id='word_1_140' title='bbox 1087 2158 1118 2165; x_wconf 91' lang='lat'><strong>--</strong></span> <span class='ocrx_word' id='word_1_141' title='bbox 1143 2133 1185 2179; x_wconf 72' lang='lat'><strong>68.</strong></span> <span class='ocrx_word' id='word_1_142' title='bbox 1214 2124 1295 2179; x_wconf 78' lang='grc' dir='ltr'><em>ἅλιον</em></span> <span class='ocrx_word' id='word_1_143' title='bbox 1323 2124 1402 2177; x_wconf 89' lang='lat' dir='ltr'><strong>codd.</strong></span> <span class='ocrx_word' id='word_1_144' title='bbox 1431 2156 1466 2164; x_wconf 95' lang='lat'>—</span> 
     </span>
     <span class='ocr_line' id='line_1_18' title="bbox 188 2194 1465 2268; baseline -0.003 -17"><span class='ocrx_word' id='word_1_145' title='bbox 188 2204 231 2252; x_wconf 80' lang='lat'><strong>69.</strong></span> <span class='ocrx_word' id='word_1_146' title='bbox 251 2198 380 2252; x_wconf 79' lang='grc' dir='ltr'><em>δέκονται</em></span> <span class='ocrx_word' id='word_1_147' title='bbox 397 2200 435 2251; x_wconf 86' lang='lat' dir='ltr'><strong>A:</strong></span> <span class='ocrx_word' id='word_1_148' title='bbox 451 2197 596 2264; x_wconf 66' lang='grc' dir='ltr'><em>δέρκονται</em></span> <span class='ocrx_word' id='word_1_149' title='bbox 617 2197 715 2263; x_wconf 84' lang='lat' dir='ltr'><strong>BCD,</strong></span> <span class='ocrx_word' id='word_1_150' title='bbox 735 2196 867 2266; x_wconf 68' lang='grc' dir='ltr'><em>νέμονται</em></span> <span class='ocrx_word' id='word_1_151' title='bbox 881 2199 959 2268; x_wconf 60' lang='lat' dir='ltr'><strong>Byr,</strong></span> <span class='ocrx_word' id='word_1_152' title='bbox 975 2196 1126 2264; x_wconf 77' lang='grc' dir='ltr'><em>δρίπονται</em></span> <span class='ocrx_word' id='word_1_153' title='bbox 1140 2197 1210 2250; x_wconf 83' lang='lat' dir='ltr'><strong>coni.</strong></span> <span class='ocrx_word' id='word_1_154' title='bbox 1223 2195 1299 2250; x_wconf 84' lang='lat' dir='ltr'><strong>Geel.</strong></span> <span class='ocrx_word' id='word_1_155' title='bbox 1316 2228 1348 2235; x_wconf 77' lang='lat'>-</span> <span class='ocrx_word' id='word_1_156' title='bbox 1364 2194 1465 2264; x_wconf 81' lang='grc' dir='ltr'><em>χαράσ-</em></span> 
     </span>
     <span class='ocr_line' id='line_1_19' title="bbox 189 2267 1465 2340; baseline -0.004 -17"><span class='ocrx_word' id='word_1_157' title='bbox 189 2288 283 2332; x_wconf 82' lang='grc' dir='ltr'><em>σοντες</em></span> <span class='ocrx_word' id='word_1_158' title='bbox 304 2269 374 2323; x_wconf 86' lang='lat' dir='ltr'><strong>coni.</strong></span> <span class='ocrx_word' id='word_1_159' title='bbox 392 2268 488 2321; x_wconf 84' lang='lat' dir='ltr'><strong>Naber</strong></span> <span class='ocrx_word' id='word_1_160' title='bbox 509 2300 541 2322; x_wconf 87' lang='grc'><strong>-,</strong></span> <span class='ocrx_word' id='word_1_161' title='bbox 566 2267 596 2320; x_wconf 76' lang='grc' dir='ltr'><strong>ἐν</strong></span> <span class='ocrx_word' id='word_1_162' title='bbox 617 2268 697 2337; x_wconf 82' lang='grc' dir='ltr'><em>χερὸς</em></span> <span class='ocrx_word' id='word_1_163' title='bbox 717 2268 793 2340; x_wconf 90' lang='grc' dir='ltr'><em>ἀκμᾷ</em></span> <span class='ocrx_word' id='word_1_164' title='bbox 812 2269 902 2322; x_wconf 82' lang='lat' dir='ltr'><strong>AGD</strong></span> <span class='ocrx_word' id='word_1_165' title='bbox 920 2272 949 2322; x_wconf 91' lang='lat' dir='ltr'><strong>et</strong></span> <span class='ocrx_word' id='word_1_166' title='bbox 968 2268 1066 2324; x_wconf 81' lang='lat' dir='ltr'><strong>schol:</strong></span> <span class='ocrx_word' id='word_1_167' title='bbox 1087 2269 1117 2322; x_wconf 77' lang='grc' dir='ltr'><strong>ἐν</strong></span> <span class='ocrx_word' id='word_1_168' title='bbox 1137 2268 1216 2337; x_wconf 79' lang='grc' dir='ltr'><em>χερὸς</em></span> <span class='ocrx_word' id='word_1_169' title='bbox 1239 2268 1311 2340; x_wconf 86' lang='grc' dir='ltr'><em>ἀλκᾷ</em></span> <span class='ocrx_word' id='word_1_170' title='bbox 1335 2269 1369 2332; x_wconf 86' lang='grc' dir='ltr'><strong>Β,</strong></span> <span class='ocrx_word' id='word_1_171' title='bbox 1393 2268 1465 2339; x_wconf 81' lang='grc' dir='ltr'><em>ἀλκᾷ</em></span> 
     </span>
     <span class='ocr_line' id='line_1_20' title="bbox 189 2335 1465 2411; baseline -0.002 -17"><span class='ocrx_word' id='word_1_172' title='bbox 189 2349 278 2411; x_wconf 83' lang='grc' dir='ltr'><em>χερῶν</em></span> <span class='ocrx_word' id='word_1_173' title='bbox 297 2340 401 2394; x_wconf 89' lang='lat' dir='ltr'><strong>Moseh.</strong></span> <span class='ocrx_word' id='word_1_174' title='bbox 423 2372 455 2380; x_wconf 94' lang='lat'><em>-</em></span> <span class='ocrx_word' id='word_1_175' title='bbox 477 2345 518 2393; x_wconf 79' lang='lat'><strong>71.</strong></span> <span class='ocrx_word' id='word_1_176' title='bbox 538 2338 636 2393; x_wconf 85' lang='grc' dir='ltr'><em>κεινάυ</em></span> <span class='ocrx_word' id='word_1_177' title='bbox 655 2338 774 2393; x_wconf 70' lang='lat' dir='ltr'><strong>Mosen:</strong></span> <span class='ocrx_word' id='word_1_178' title='bbox 794 2339 896 2393; x_wconf 78' lang='grc' dir='ltr'><em>κενεὰν</em></span> <span class='ocrx_word' id='word_1_179' title='bbox 914 2341 972 2393; x_wconf 86' lang='lat' dir='ltr'><strong>AB</strong></span> <span class='ocrx_word' id='word_1_180' title='bbox 980 2340 1048 2404; x_wconf 79' lang='lat'><strong>01),</strong></span> <span class='ocrx_word' id='word_1_181' title='bbox 1068 2338 1165 2393; x_wconf 89' lang='grc' dir='ltr'><em>κείναν</em></span> <span class='ocrx_word' id='word_1_182' title='bbox 1184 2338 1300 2406; x_wconf 83' lang='lat' dir='ltr'><strong>Madvig</strong></span> <span class='ocrx_word' id='word_1_183' title='bbox 1315 2338 1384 2391; x_wconf 81' lang='lat' dir='ltr'><strong>Adv.</strong></span> <span class='ocrx_word' id='word_1_184' title='bbox 1405 2335 1465 2392; x_wconf 88' lang='lat' dir='ltr'><strong>crit.</strong></span> 
     </span>
     <span class='ocr_line' id='line_1_21' title="bbox 189 2407 1465 2480; baseline -0.002 -17"><span class='ocrx_word' id='word_1_185' title='bbox 189 2427 251 2466; x_wconf 62' lang='lat'><strong>11⁸6</strong></span> <span class='ocrx_word' id='word_1_186' title='bbox 268 2444 297 2451; x_wconf 94' lang='lat'><strong>—</strong></span> <span class='ocrx_word' id='word_1_187' title='bbox 314 2409 423 2480; x_wconf 85' lang='grc' dir='ltr'><em>ταμίοις</em></span> <span class='ocrx_word' id='word_1_188' title='bbox 436 2411 472 2476; x_wconf 87' lang='grc' dir='ltr'><strong>Β,</strong></span> <span class='ocrx_word' id='word_1_189' title='bbox 488 2409 573 2479; x_wconf 81' lang='grc' dir='ltr'><em>τίμιοι</em></span> <span class='ocrx_word' id='word_1_190' title='bbox 588 2409 659 2464; x_wconf 85' lang='lat' dir='ltr'><strong>coni.</strong></span> <span class='ocrx_word' id='word_1_191' title='bbox 675 2408 821 2476; x_wconf 82' lang='lat' dir='ltr'><strong>Thiersch3</strong></span> <span class='ocrx_word' id='word_1_192' title='bbox 840 2409 919 2475; x_wconf 79' lang='grc' dir='ltr'><em>παρὰ</em></span> <span class='ocrx_word' id='word_1_193' title='bbox 933 2409 1074 2480; x_wconf 87' lang='grc' dir='ltr'><em>τιμαόροις</em></span> <span class='ocrx_word' id='word_1_194' title='bbox 1092 2411 1223 2480; x_wconf 80' lang='lat' dir='ltr'><strong>Hertung</strong></span> <span class='ocrx_word' id='word_1_195' title='bbox 1243 2442 1273 2449; x_wconf 89' lang='lat'><em>-</em></span> <span class='ocrx_word' id='word_1_196' title='bbox 1296 2415 1337 2462; x_wconf 78' lang='lat'><strong>72.</strong></span> <span class='ocrx_word' id='word_1_197' title='bbox 1358 2407 1465 2475; x_wconf 78' lang='grc' dir='ltr'><em>εὐορκί-</em></span> 
     </span>
     <span class='ocr_line' id='line_1_22' title="bbox 189 2479 1038 2544; baseline -0.002 -8"><span class='ocrx_word' id='word_1_198' title='bbox 189 2501 264 2537; x_wconf 90' lang='grc' dir='ltr'><em>αισιν</em></span> <span class='ocrx_word' id='word_1_199' title='bbox 282 2484 312 2538; x_wconf 90' lang='lat' dir='ltr'><strong><em>D</em></strong></span> <span class='ocrx_word' id='word_1_200' title='bbox 333 2516 362 2521; x_wconf 94' lang='lat'><strong>--</strong></span> <span class='ocrx_word' id='word_1_201' title='bbox 385 2488 425 2536; x_wconf 78' lang='lat'><strong>74.</strong></span> <span class='ocrx_word' id='word_1_202' title='bbox 445 2490 502 2544; x_wconf 79' lang='grc' dir='ltr'><em>τοῖς</em></span> <span class='ocrx_word' id='word_1_203' title='bbox 521 2480 550 2534; x_wconf 81' lang='grc' dir='ltr'><strong>δ’</strong></span> <span class='ocrx_word' id='word_1_204' title='bbox 572 2480 680 2534; x_wconf 81' lang='lat' dir='ltr'><strong>scholia</strong></span> <span class='ocrx_word' id='word_1_205' title='bbox 699 2498 761 2534; x_wconf 87' lang='lat' dir='ltr'><strong>cum</strong></span> <span class='ocrx_word' id='word_1_206' title='bbox 780 2479 912 2535; x_wconf 87' lang='lat' dir='ltr'><strong>lemmate</strong></span> <span class='ocrx_word' id='word_1_207' title='bbox 931 2481 991 2535; x_wconf 92' lang='lat' dir='ltr'><strong>cod.</strong></span> <span class='ocrx_word' id='word_1_208' title='bbox 1013 2484 1038 2535; x_wconf 86' lang='grc' dir='ltr'><strong><em>Α</em></strong></span> 
     </span>
    </p>
   </div>
   <div class='ocr_carea' id='block_1_5' title="bbox 187 2619 1467 4902">
    <p class='ocr_par' dir='ltr' id='par_1_6' title="bbox 187 2619 1467 4902">
     <span class='ocr_line' id='line_1_23' title="bbox 188 2619 1466 2696; baseline -0.002 -17"><span class='ocrx_word' id='word_1_209' title='bbox 188 2630 217 2679; x_wconf 88' lang='lat' dir='ltr'><strong>et-</strong></span> <span class='ocrx_word' id='word_1_210' title='bbox 226 2624 432 2696; x_wconf 81' lang='lat' dir='ltr'><strong>pertinacitotis</strong></span> <span class='ocrx_word' id='word_1_211' title='bbox 442 2619 552 2678; x_wconf 86' lang='lat' dir='ltr'><strong>levibus</strong></span> <span class='ocrx_word' id='word_1_212' title='bbox 563 2622 640 2676; x_wconf 83' lang='lat' dir='ltr'><strong>vitiis</strong></span> <span class='ocrx_word' id='word_1_213' title='bbox 651 2622 808 2676; x_wconf 73' lang='lat' dir='ltr'><strong>maculetur</strong></span> <span class='ocrx_word' id='word_1_214' title='bbox 824 2623 1021 2694; x_wconf 79' lang='lat' dir='ltr'>intellegamus</span> <span class='ocrx_word' id='word_1_215' title='bbox 1036 2623 1195 2693; x_wconf 82' lang='lat' dir='ltr'><strong>(Luebbert,</strong></span> <span class='ocrx_word' id='word_1_216' title='bbox 1210 2623 1245 2676; x_wconf 91' lang='lat' dir='ltr'><strong>de</strong></span> <span class='ocrx_word' id='word_1_217' title='bbox 1260 2622 1382 2676; x_wconf 77' lang='lat' dir='ltr'><strong>Pindaro</strong></span> <span class='ocrx_word' id='word_1_218' title='bbox 1397 2623 1466 2693; x_wconf 88' lang='lat' dir='ltr'><strong>dog·</strong></span> 
     </span>
     <span class='ocr_line' id='line_1_24' title="bbox 189 2693 1467 2766; baseline -0.002 -16"><span class='ocrx_word' id='word_1_219' title='bbox 189 2696 272 2751; x_wconf 83' lang='lat' dir='ltr'><strong>metis</strong></span> <span class='ocrx_word' id='word_1_220' title='bbox 287 2696 322 2751; x_wconf 91' lang='lat' dir='ltr'><strong>de</strong></span> <span class='ocrx_word' id='word_1_221' title='bbox 335 2695 504 2766; x_wconf 75' lang='lat' dir='ltr'><strong>migratione</strong></span> <span class='ocrx_word' id='word_1_222' title='bbox 519 2694 676 2748; x_wconf 77' lang='lat' dir='ltr'><strong>animarum</strong></span> <span class='ocrx_word' id='word_1_223' title='bbox 693 2694 798 2748; x_wconf 89' lang='lat' dir='ltr'><strong>cultore</strong></span> <span class='ocrx_word' id='word_1_224' title='bbox 813 2714 839 2764; x_wconf 89' lang='lat' dir='ltr'><strong>p.</strong></span> <span class='ocrx_word' id='word_1_225' title='bbox 853 2700 917 2748; x_wconf 59' lang='lat' dir='ltr'><strong>mxl.</strong></span> <span class='ocrx_word' id='word_1_226' title='bbox 942 2695 1018 2749; x_wconf 79' lang='lat' dir='ltr'><strong>Haec</strong></span> <span class='ocrx_word' id='word_1_227' title='bbox 1033 2695 1120 2764; x_wconf 82' lang='lat' dir='ltr'><strong>igitur</strong></span> <span class='ocrx_word' id='word_1_228' title='bbox 1133 2694 1188 2747; x_wconf 91' lang='lat' dir='ltr'><strong>duo</strong></span> <span class='ocrx_word' id='word_1_229' title='bbox 1204 2694 1245 2747; x_wconf 85' lang='lat' dir='ltr'><strong>ait</strong></span> <span class='ocrx_word' id='word_1_230' title='bbox 1260 2696 1345 2762; x_wconf 83' lang='lat' dir='ltr'><strong>poeta</strong></span> <span class='ocrx_word' id='word_1_231' title='bbox 1359 2693 1467 2748; x_wconf 92' lang='lat' dir='ltr'><strong>homini</strong></span> 
     </span>
     <span class='ocr_line' id='line_1_25' title="bbox 187 2764 1465 2838; baseline -0.002 -18"><span class='ocrx_word' id='word_1_232' title='bbox 187 2767 309 2838; x_wconf 75' lang='lat' dir='ltr'><strong>sapienti</strong></span> <span class='ocrx_word' id='word_1_233' title='bbox 323 2784 489 2838; x_wconf 83' lang='lat' dir='ltr'><strong>persuasum</strong></span> <span class='ocrx_word' id='word_1_234' title='bbox 506 2782 576 2832; x_wconf 88' lang='lat' dir='ltr'><strong>esse,</strong></span> <span class='ocrx_word' id='word_1_235' title='bbox 591 2770 621 2820; x_wconf 91' lang='lat' dir='ltr'><strong>et</strong></span> <span class='ocrx_word' id='word_1_236' title='bbox 635 2766 749 2833; x_wconf 82' lang='lat' dir='ltr'><strong>seelera,</strong></span> <span class='ocrx_word' id='word_1_237' title='bbox 769 2783 840 2833; x_wconf 85' lang='lat' dir='ltr'><strong>quae</strong></span> <span class='ocrx_word' id='word_1_238' title='bbox 861 2767 914 2820; x_wconf 87' lang='lat' dir='ltr'><strong>hae</strong></span> <span class='ocrx_word' id='word_1_239' title='bbox 932 2766 962 2819; x_wconf 91' lang='lat' dir='ltr'><strong>in</strong></span> <span class='ocrx_word' id='word_1_240' title='bbox 980 2770 1055 2820; x_wconf 75' lang='lat' dir='ltr'><strong>terre</strong></span> <span class='ocrx_word' id='word_1_241' title='bbox 1074 2765 1217 2832; x_wconf 79' lang='lat' dir='ltr'><strong>latuerint,</strong></span> <span class='ocrx_word' id='word_1_242' title='bbox 1232 2764 1307 2818; x_wconf 85' lang='lat' dir='ltr'><strong>infra</strong></span> <span class='ocrx_word' id='word_1_243' title='bbox 1325 2782 1343 2819; x_wconf 84' lang='lat' dir='ltr'><strong>e</strong></span> <span class='ocrx_word' id='word_1_244' title='bbox 1361 2766 1465 2819; x_wconf 86' lang='lat' dir='ltr'><strong>severis</strong></span> 
     </span>
     <span class='ocr_line' id='line_1_26' title="bbox 189 2834 1465 2918; baseline -0.002 -25"><span class='ocrx_word' id='word_1_245' title='bbox 189 2843 219 2893; x_wconf 91' lang='lat' dir='ltr'><strong>et</strong></span> <span class='ocrx_word' id='word_1_246' title='bbox 236 2856 306 2908; x_wconf 87' lang='lat' dir='ltr'><strong>quos</strong></span> <span class='ocrx_word' id='word_1_247' title='bbox 325 2856 405 2893; x_wconf 89' lang='lat' dir='ltr'><strong>nemo</strong></span> <span class='ocrx_word' id='word_1_248' title='bbox 424 2837 508 2891; x_wconf 80' lang='lat' dir='ltr'><strong>fallet</strong></span> <span class='ocrx_word' id='word_1_249' title='bbox 524 2836 665 2890; x_wconf 86' lang='lat' dir='ltr'><strong>iudicibus</strong></span> <span class='ocrx_word' id='word_1_250' title='bbox 680 2837 823 2918; x_wconf 80' lang='lat' dir='ltr'><strong>castigari,</strong></span> <span class='ocrx_word' id='word_1_251' title='bbox 839 2842 869 2891; x_wconf 91' lang='lat' dir='ltr'><strong>et</strong></span> <span class='ocrx_word' id='word_1_252' title='bbox 882 2837 992 2891; x_wconf 79' lang='lat' dir='ltr'><strong>animas</strong></span> <span class='ocrx_word' id='word_1_253' title='bbox 1006 2840 1179 2892; x_wconf 89' lang='lat' dir='ltr'><strong>mortuorum</strong></span> <span class='ocrx_word' id='word_1_254' title='bbox 1193 2834 1365 2905; x_wconf 77' lang='grc' dir='ltr'><em>(θανόντων)</em></span> <span class='ocrx_word' id='word_1_255' title='bbox 1380 2836 1465 2891; x_wconf 88' lang='lat' dir='ltr'><strong>male-</strong></span> 
     </span>
     <span class='ocr_line' id='line_1_27' title="bbox 188 2908 1466 2980; baseline -0.002 -16"><span class='ocrx_word' id='word_1_256' title='bbox 188 2911 258 2964; x_wconf 86' lang='lat' dir='ltr'><strong>ficiis</strong></span> <span class='ocrx_word' id='word_1_257' title='bbox 277 2909 400 2980; x_wconf 80' lang='lat' dir='ltr'><strong>pollutas</strong></span> <span class='ocrx_word' id='word_1_258' title='bbox 419 2909 511 2962; x_wconf 90' lang='lat' dir='ltr'><strong>denuo</strong></span> <span class='ocrx_word' id='word_1_259' title='bbox 530 2908 560 2961; x_wconf 90' lang='lat' dir='ltr'><strong>in</strong></span> <span class='ocrx_word' id='word_1_260' title='bbox 579 2911 684 2962; x_wconf 86' lang='lat' dir='ltr'><strong>terram</strong></span> <span class='ocrx_word' id='word_1_261' title='bbox 697 2908 812 2975; x_wconf 87' lang='lat' dir='ltr'><strong>remrtti,</strong></span> <span class='ocrx_word' id='word_1_262' title='bbox 827 2911 859 2961; x_wconf 93' lang='lat' dir='ltr'><strong>ut</strong></span> <span class='ocrx_word' id='word_1_263' title='bbox 871 2909 948 2979; x_wconf 89' lang='lat' dir='ltr'><strong>turpi</strong></span> <span class='ocrx_word' id='word_1_264' title='bbox 962 2908 1085 2979; x_wconf 88' lang='lat' dir='ltr'><strong>eorporis</strong></span> <span class='ocrx_word' id='word_1_265' title='bbox 1101 2909 1206 2962; x_wconf 82' lang='lat' dir='ltr'><strong>formae</strong></span> <span class='ocrx_word' id='word_1_266' title='bbox 1220 2908 1346 2961; x_wconf 81' lang='lat' dir='ltr'><strong>inclusae</strong></span> <span class='ocrx_word' id='word_1_267' title='bbox 1360 2924 1466 2977; x_wconf 84' lang='lat' dir='ltr'><strong>poenas</strong></span> 
     </span>
     <span class='ocr_line' id='line_1_28' title="bbox 188 2978 1465 3061; baseline -0.001 -26"><span class='ocrx_word' id='word_1_268' title='bbox 188 2981 342 3052; x_wconf 80' lang='lat' dir='ltr'><strong>impietatis</strong></span> <span class='ocrx_word' id='word_1_269' title='bbox 360 2979 584 3049; x_wconf 77' lang='lat' dir='ltr'><strong>malignitatisre</strong></span> <span class='ocrx_word' id='word_1_270' title='bbox 603 2979 684 3033; x_wconf 86' lang='lat' dir='ltr'><strong>luent</strong></span> <span class='ocrx_word' id='word_1_271' title='bbox 707 3012 740 3019; x_wconf 81' lang='lat'><em>-</em></span> <span class='ocrx_word' id='word_1_272' title='bbox 765 2979 872 3035; x_wconf 83' lang='grc' dir='ltr'><em>ἔτισαν·</em></span> <span class='ocrx_word' id='word_1_273' title='bbox 902 2997 959 3034; x_wconf 80' lang='lat' dir='ltr'><strong>eor.</strong></span> <span class='ocrx_word' id='word_1_274' title='bbox 988 2998 1094 3061; x_wconf 83' lang='lat' dir='ltr'><strong>gnom,</strong></span> <span class='ocrx_word' id='word_1_275' title='bbox 1123 2979 1158 3033; x_wconf 88' lang='lat' dir='ltr'><strong>de</strong></span> <span class='ocrx_word' id='word_1_276' title='bbox 1185 2996 1240 3047; x_wconf 89' lang='lat' dir='ltr'><strong>quo</strong></span> <span class='ocrx_word' id='word_1_277' title='bbox 1268 2978 1347 3032; x_wconf 87' lang='lat' dir='ltr'><strong>inxto</strong></span> <span class='ocrx_word' id='word_1_278' title='bbox 1375 2995 1465 3048; x_wconf 83' lang='lat' dir='ltr'><strong>prees.</strong></span> 
     </span>
     <span class='ocr_line' id='line_1_29' title="bbox 188 3050 1467 3122; baseline -0.002 -16"><span class='ocrx_word' id='word_1_279' title='bbox 188 3071 239 3106; x_wconf 91' lang='lat' dir='ltr'><strong>usu</strong></span> <span class='ocrx_word' id='word_1_280' title='bbox 275 3057 323 3107; x_wconf 86' lang='lat' dir='ltr'><strong>eto</strong></span> <span class='ocrx_word' id='word_1_281' title='bbox 346 3051 380 3107; x_wconf 85' lang='lat' dir='ltr'><strong>cf.</strong></span> <span class='ocrx_word' id='word_1_282' title='bbox 396 3052 430 3105; x_wconf 80' lang='lat' dir='ltr'><strong>N.</strong></span> <span class='ocrx_word' id='word_1_283' title='bbox 445 3070 476 3103; x_wconf 92' lang='grc' dir='ltr'><strong>ιιι</strong></span> <span class='ocrx_word' id='word_1_284' title='bbox 490 3068 517 3104; x_wconf 84' lang='grc' dir='ltr'><strong>ιο</strong></span> <span class='ocrx_word' id='word_1_285' title='bbox 537 3083 569 3091; x_wconf 89' lang='grc'>-</span> <span class='ocrx_word' id='word_1_286' title='bbox 590 3056 623 3104; x_wconf 75' lang='lat'><strong>67</strong></span> <span class='ocrx_word' id='word_1_287' title='bbox 697 3055 730 3104; x_wconf 74' lang='lat'><strong>74</strong></span> <span class='ocrx_word' id='word_1_288' title='bbox 755 3068 810 3119; x_wconf 91' lang='lat' dir='ltr'><strong>quo</strong></span> <span class='ocrx_word' id='word_1_289' title='bbox 836 3052 919 3106; x_wconf 91' lang='lat' dir='ltr'><strong>modo</strong></span> <span class='ocrx_word' id='word_1_290' title='bbox 943 3051 1048 3105; x_wconf 73' lang='lat' dir='ltr'><strong>iudicio</strong></span> <span class='ocrx_word' id='word_1_291' title='bbox 1067 3052 1143 3122; x_wconf 85' lang='lat' dir='ltr'><strong>apud</strong></span> <span class='ocrx_word' id='word_1_292' title='bbox 1161 3050 1265 3104; x_wconf 77' lang='lat' dir='ltr'><strong>inferos</strong></span> <span class='ocrx_word' id='word_1_293' title='bbox 1284 3053 1467 3104; x_wconf 78' lang='lat' dir='ltr'><strong>exerceantur</strong></span> 
     </span>
     <span class='ocr_line' id='line_1_30' title="bbox 188 3121 1465 3193; baseline -0.002 -15"><span class='ocrx_word' id='word_1_294' title='bbox 188 3128 218 3178; x_wconf 91' lang='lat' dir='ltr'><strong>et</strong></span> <span class='ocrx_word' id='word_1_295' title='bbox 265 3124 371 3178; x_wconf 78' lang='lat' dir='ltr'><strong>ebitum</strong></span> <span class='ocrx_word' id='word_1_296' title='bbox 395 3122 513 3192; x_wconf 88' lang='lat' dir='ltr'><strong>quisque</strong></span> <span class='ocrx_word' id='word_1_297' title='bbox 538 3123 641 3176; x_wconf 89' lang='lat' dir='ltr'><strong>sortem</strong></span> <span class='ocrx_word' id='word_1_298' title='bbox 666 3121 846 3176; x_wconf 81' lang='lat' dir='ltr'><strong>nanciscetur</strong></span> <span class='ocrx_word' id='word_1_299' title='bbox 872 3127 956 3193; x_wconf 85' lang='lat' dir='ltr'><strong>poeto</strong></span> <span class='ocrx_word' id='word_1_300' title='bbox 984 3124 1111 3193; x_wconf 76' lang='lat' dir='ltr'><strong>exponit,</strong></span> <span class='ocrx_word' id='word_1_301' title='bbox 1134 3122 1259 3176; x_wconf 75' lang='lat' dir='ltr'><strong>alteram</strong></span> <span class='ocrx_word' id='word_1_302' title='bbox 1287 3122 1465 3191; x_wconf 80' lang='lat' dir='ltr'><strong>sententiam,</strong></span> 
     </span>
     <span class='ocr_line' id='line_1_31' title="bbox 189 3191 1466 3277; baseline -0.002 -27"><span class='ocrx_word' id='word_1_303' title='bbox 189 3194 383 3266; x_wconf 80' lang='lat' dir='ltr'><strong>praecedentis</strong></span> <span class='ocrx_word' id='word_1_304' title='bbox 408 3193 554 3263; x_wconf 81' lang='lat' dir='ltr'><strong>strophae,</strong></span> <span class='ocrx_word' id='word_1_305' title='bbox 577 3192 612 3245; x_wconf 83' lang='grc' dir='ltr'><strong>τὰ</strong></span> <span class='ocrx_word' id='word_1_306' title='bbox 635 3191 663 3246; x_wconf 83' lang='grc' dir='ltr'><strong>δ’</strong></span> <span class='ocrx_word' id='word_1_307' title='bbox 685 3193 715 3246; x_wconf 77' lang='grc' dir='ltr'><strong>ἐν</strong></span> <span class='ocrx_word' id='word_1_308' title='bbox 733 3196 801 3247; x_wconf 81' lang='grc' dir='ltr'><em>τάδε</em></span> <span class='ocrx_word' id='word_1_309' title='bbox 821 3194 1014 3268; x_wconf 50' lang='lat' dir='ltr'><strong>...testeum</strong></span> <span class='ocrx_word' id='word_1_310' title='bbox 1038 3194 1149 3277; x_wconf 83' lang='lat' dir='ltr'><strong>longius</strong></span> <span class='ocrx_word' id='word_1_311' title='bbox 1173 3210 1350 3264; x_wconf 86' lang='lat' dir='ltr'><strong>persequens.</strong></span> <span class='ocrx_word' id='word_1_312' title='bbox 1389 3194 1466 3248; x_wconf 83' lang='lat' dir='ltr'><strong>Haec</strong></span> 
     </span>
     <span class='ocr_line' id='line_1_32' title="bbox 189 3247 1465 3348; baseline -0.002 -27"><span class='ocrx_word' id='word_1_313' title='bbox 189 3266 263 3321; x_wconf 89' lang='lat' dir='ltr'><strong>enim</strong></span> <span class='ocrx_word' id='word_1_314' title='bbox 290 3269 375 3336; x_wconf 85' lang='lat' dir='ltr'><strong>poete</strong></span> <span class='ocrx_word' id='word_1_315' title='bbox 403 3265 534 3331; x_wconf 84' lang='lat' dir='ltr'><strong>obseura,</strong></span> <span class='ocrx_word' id='word_1_316' title='bbox 563 3266 661 3332; x_wconf 88' lang='lat' dir='ltr'><strong>utpote</strong></span> <span class='ocrx_word' id='word_1_317' title='bbox 688 3247 823 3331; x_wconf 79' lang='lat' dir='ltr'><strong>mystice,</strong></span> <span class='ocrx_word' id='word_1_318' title='bbox 851 3265 985 3336; x_wconf 74' lang='lat' dir='ltr'><strong>dogmate</strong></span> <span class='ocrx_word' id='word_1_319' title='bbox 1010 3266 1192 3348; x_wconf 79' lang='lat' dir='ltr'><strong>Orphrcorum</strong></span> <span class='ocrx_word' id='word_1_320' title='bbox 1224 3268 1335 3318; x_wconf 84' lang='lat' dir='ltr'><strong>secutus</strong></span> <span class='ocrx_word' id='word_1_321' title='bbox 1366 3264 1465 3319; x_wconf 86' lang='lat' dir='ltr'><strong>docere</strong></span> 
     </span>
     <span class='ocr_line' id='line_1_33' title="bbox 189 3335 1465 3406; baseline -0.002 -14"><span class='ocrx_word' id='word_1_322' title='bbox 189 3338 312 3392; x_wconf 79' lang='lat' dir='ltr'><strong>voluisse</strong></span> <span class='ocrx_word' id='word_1_323' title='bbox 331 3337 456 3392; x_wconf 86' lang='lat' dir='ltr'><strong>videtur:</strong></span> <span class='ocrx_word' id='word_1_324' title='bbox 476 3335 597 3406; x_wconf 89' lang='lat' dir='ltr'><strong>primum</strong></span> <span class='ocrx_word' id='word_1_325' title='bbox 615 3337 787 3388; x_wconf 89' lang='lat' dir='ltr'><strong>mortuorum</strong></span> <span class='ocrx_word' id='word_1_326' title='bbox 806 3335 841 3389; x_wconf 89' lang='lat' dir='ltr'><strong>de</strong></span> <span class='ocrx_word' id='word_1_327' title='bbox 860 3336 943 3391; x_wconf 84' lang='lat' dir='ltr'><strong>foetis</strong></span> <span class='ocrx_word' id='word_1_328' title='bbox 963 3354 981 3390; x_wconf 83' lang='lat' dir='ltr'><strong>o</strong></span> <span class='ocrx_word' id='word_1_329' title='bbox 1000 3337 1140 3391; x_wconf 87' lang='lat' dir='ltr'><strong>iudreibus</strong></span> <span class='ocrx_word' id='word_1_330' title='bbox 1160 3336 1224 3390; x_wconf 78' lang='lat' dir='ltr'><strong>Orci</strong></span> <span class='ocrx_word' id='word_1_331' title='bbox 1243 3336 1378 3389; x_wconf 89' lang='lat' dir='ltr'><strong>iudicium</strong></span> <span class='ocrx_word' id='word_1_332' title='bbox 1397 3337 1465 3404; x_wconf 86' lang='lat' dir='ltr'><strong>fieri,</strong></span> 
     </span>
     <span class='ocr_line' id='line_1_34' title="bbox 190 3405 1465 3478; baseline -0.001 -17"><span class='ocrx_word' id='word_1_333' title='bbox 190 3408 291 3464; x_wconf 87' lang='lat' dir='ltr'><strong>deinde</strong></span> <span class='ocrx_word' id='word_1_334' title='bbox 329 3408 412 3463; x_wconf 89' lang='lat' dir='ltr'><strong>robes</strong></span> <span class='ocrx_word' id='word_1_335' title='bbox 431 3407 461 3460; x_wconf 92' lang='lat' dir='ltr'><strong>in</strong></span> <span class='ocrx_word' id='word_1_336' title='bbox 480 3405 711 3476; x_wconf 79' lang='lat' dir='ltr'><strong>redemptorum,</strong></span> <span class='ocrx_word' id='word_1_337' title='bbox 730 3406 871 3476; x_wconf 89' lang='lat' dir='ltr'><strong>improbos</strong></span> <span class='ocrx_word' id='word_1_338' title='bbox 890 3407 920 3461; x_wconf 91' lang='lat' dir='ltr'><strong>in</strong></span> <span class='ocrx_word' id='word_1_339' title='bbox 939 3408 1033 3462; x_wconf 88' lang='lat' dir='ltr'><strong>sedem</strong></span> <span class='ocrx_word' id='word_1_340' title='bbox 1053 3408 1201 3478; x_wconf 88' lang='lat' dir='ltr'><strong>impiorum</strong></span> <span class='ocrx_word' id='word_1_341' title='bbox 1215 3407 1299 3473; x_wconf 90' lang='lat' dir='ltr'><strong>mitti,</strong></span> <span class='ocrx_word' id='word_1_342' title='bbox 1314 3410 1374 3460; x_wconf 89' lang='lat' dir='ltr'><strong>tum</strong></span> <span class='ocrx_word' id='word_1_343' title='bbox 1389 3410 1465 3477; x_wconf 90' lang='lat' dir='ltr'><strong>post-</strong></span> 
     </span>
     <span class='ocr_line' id='line_1_35' title="bbox 188 3428 1465 3548; baseline -0.002 -14"><span class='ocrx_word' id='word_1_344' title='bbox 188 3497 273 3548; x_wconf 82' lang='lat' dir='ltr'><strong>quem</strong></span> <span class='ocrx_word' id='word_1_345' title='bbox 291 3428 348 3533; x_wconf 73' lang='lat' dir='ltr'><strong>iliis</strong></span> <span class='ocrx_word' id='word_1_346' title='bbox 367 3479 396 3533; x_wconf 92' lang='lat' dir='ltr'><strong>in</strong></span> <span class='ocrx_word' id='word_1_347' title='bbox 415 3478 529 3533; x_wconf 88' lang='lat' dir='ltr'><strong>sedibus</strong></span> <span class='ocrx_word' id='word_1_348' title='bbox 547 3493 598 3547; x_wconf 90' lang='lat' dir='ltr'><strong>per</strong></span> <span class='ocrx_word' id='word_1_349' title='bbox 616 3476 726 3545; x_wconf 81' lang='lat' dir='ltr'><strong>aliquot</strong></span> <span class='ocrx_word' id='word_1_350' title='bbox 743 3495 831 3532; x_wconf 86' lang='lat' dir='ltr'><strong>unnos</strong></span> <span class='ocrx_word' id='word_1_351' title='bbox 850 3479 961 3533; x_wconf 82' lang='lat' dir='ltr'><strong>animae</strong></span> <span class='ocrx_word' id='word_1_352' title='bbox 976 3482 1165 3534; x_wconf 77' lang='lat' dir='ltr'><strong>commoratae</strong></span> <span class='ocrx_word' id='word_1_353' title='bbox 1179 3478 1292 3544; x_wconf 83' lang='lat' dir='ltr'><strong>fuerint,</strong></span> <span class='ocrx_word' id='word_1_354' title='bbox 1306 3495 1402 3531; x_wconf 89' lang='lat' dir='ltr'><strong>rursus</strong></span> <span class='ocrx_word' id='word_1_355' title='bbox 1417 3496 1465 3532; x_wconf 86' lang='lat' dir='ltr'><strong>ees</strong></span> 
     </span>
     <span class='ocr_line' id='line_1_36' title="bbox 188 3548 1466 3620; baseline 0 -16"><span class='ocrx_word' id='word_1_356' title='bbox 188 3551 218 3604; x_wconf 93' lang='lat' dir='ltr'><strong>in</strong></span> <span class='ocrx_word' id='word_1_357' title='bbox 236 3552 339 3604; x_wconf 83' lang='lat' dir='ltr'><strong>terrem</strong></span> <span class='ocrx_word' id='word_1_358' title='bbox 359 3549 465 3604; x_wconf 83' lang='lat' dir='ltr'><strong>remitti</strong></span> <span class='ocrx_word' id='word_1_359' title='bbox 484 3553 513 3603; x_wconf 89' lang='lat' dir='ltr'><strong>et</strong></span> <span class='ocrx_word' id='word_1_360' title='bbox 531 3548 640 3618; x_wconf 83' lang='lat' dir='ltr'><strong>corpori</strong></span> <span class='ocrx_word' id='word_1_361' title='bbox 659 3548 746 3618; x_wconf 90' lang='lat' dir='ltr'><strong>iungi,</strong></span> <span class='ocrx_word' id='word_1_362' title='bbox 766 3551 798 3602; x_wconf 92' lang='lat' dir='ltr'><strong>ut</strong></span> <span class='ocrx_word' id='word_1_363' title='bbox 816 3549 890 3603; x_wconf 84' lang='lat' dir='ltr'><strong>aliae</strong></span> <span class='ocrx_word' id='word_1_364' title='bbox 910 3568 988 3620; x_wconf 86' lang='lat' dir='ltr'><strong>reges</strong></span> <span class='ocrx_word' id='word_1_365' title='bbox 1008 3555 1037 3604; x_wconf 87' lang='lat' dir='ltr'><strong>et</strong></span> <span class='ocrx_word' id='word_1_366' title='bbox 1055 3552 1153 3605; x_wconf 92' lang='lat' dir='ltr'><strong>heroes</strong></span> <span class='ocrx_word' id='word_1_367' title='bbox 1171 3551 1249 3618; x_wconf 83' lang='lat' dir='ltr'><strong>fiant,</strong></span> <span class='ocrx_word' id='word_1_368' title='bbox 1269 3548 1344 3603; x_wconf 73' lang='lat' dir='ltr'><strong>eliae</strong></span> <span class='ocrx_word' id='word_1_369' title='bbox 1358 3567 1421 3603; x_wconf 89' lang='lat' dir='ltr'><strong>sues</strong></span> <span class='ocrx_word' id='word_1_370' title='bbox 1437 3554 1466 3604; x_wconf 88' lang='lat' dir='ltr'><strong>et</strong></span> 
     </span>
     <span class='ocr_line' id='line_1_37' title="bbox 189 3618 1466 3691; baseline 0 -16"><span class='ocrx_word' id='word_1_371' title='bbox 189 3623 266 3677; x_wconf 78' lang='lat' dir='ltr'><strong>ferse</strong></span> <span class='ocrx_word' id='word_1_372' title='bbox 284 3621 328 3691; x_wconf 83' lang='lat' dir='ltr'><strong>(fr.</strong></span> <span class='ocrx_word' id='word_1_373' title='bbox 344 3625 405 3689; x_wconf 80' lang='lat' dir='ltr'><strong>res),</strong></span> <span class='ocrx_word' id='word_1_374' title='bbox 434 3637 516 3691; x_wconf 90' lang='lat' dir='ltr'><strong>porro</strong></span> <span class='ocrx_word' id='word_1_375' title='bbox 536 3619 600 3674; x_wconf 88' lang='lat' dir='ltr'><strong>illos</strong></span> <span class='ocrx_word' id='word_1_376' title='bbox 619 3623 743 3674; x_wconf 90' lang='lat' dir='ltr'><strong>mortuos</strong></span> <span class='ocrx_word' id='word_1_377' title='bbox 762 3618 863 3674; x_wconf 87' lang='lat' dir='ltr'><strong>iterum</strong></span> <span class='ocrx_word' id='word_1_378' title='bbox 883 3638 981 3675; x_wconf 81' lang='lat' dir='ltr'><strong>severs</strong></span> <span class='ocrx_word' id='word_1_379' title='bbox 1000 3622 1105 3676; x_wconf 86' lang='lat' dir='ltr'><strong>iudicio</strong></span> <span class='ocrx_word' id='word_1_380' title='bbox 1125 3621 1233 3689; x_wconf 86' lang='lat' dir='ltr'><strong>subire,</strong></span> <span class='ocrx_word' id='word_1_381' title='bbox 1262 3638 1317 3689; x_wconf 87' lang='lat' dir='ltr'><strong>quo</strong></span> <span class='ocrx_word' id='word_1_382' title='bbox 1337 3621 1404 3675; x_wconf 90' lang='lat' dir='ltr'><strong>orbe</strong></span> <span class='ocrx_word' id='word_1_383' title='bbox 1423 3624 1466 3675; x_wconf 89' lang='lat' dir='ltr'><strong>ter</strong></span> 
     </span>
     <span class='ocr_line' id='line_1_38' title="bbox 188 3691 1465 3763; baseline -0.001 -15"><span class='ocrx_word' id='word_1_384' title='bbox 188 3709 317 3763; x_wconf 88' lang='lat' dir='ltr'><strong>percurso</strong></span> <span class='ocrx_word' id='word_1_385' title='bbox 328 3693 443 3747; x_wconf 74' lang='lat' dir='ltr'><strong>tandem</strong></span> <span class='ocrx_word' id='word_1_386' title='bbox 454 3691 502 3761; x_wconf 85' lang='lat' dir='ltr'><strong>qui</strong></span> <span class='ocrx_word' id='word_1_387' title='bbox 512 3691 586 3745; x_wconf 82' lang='lat' dir='ltr'><strong>infre</strong></span> <span class='ocrx_word' id='word_1_388' title='bbox 596 3693 624 3744; x_wconf 87' lang='lat' dir='ltr'><strong>et</strong></span> <span class='ocrx_word' id='word_1_389' title='bbox 634 3708 718 3761; x_wconf 85' lang='lat' dir='ltr'><strong>supro</strong></span> <span class='ocrx_word' id='word_1_390' title='bbox 728 3694 772 3744; x_wconf 88' lang='lat' dir='ltr'><strong>ter</strong></span> <span class='ocrx_word' id='word_1_391' title='bbox 782 3691 894 3760; x_wconf 84' lang='lat' dir='ltr'><strong>probuti</strong></span> <span class='ocrx_word' id='word_1_392' title='bbox 905 3693 1009 3747; x_wconf 87' lang='lat' dir='ltr'><strong>fuerint</strong></span> <span class='ocrx_word' id='word_1_393' title='bbox 1023 3694 1059 3746; x_wconf 84' lang='lat' dir='ltr'><strong>ad</strong></span> <span class='ocrx_word' id='word_1_394' title='bbox 1072 3693 1179 3747; x_wconf 79' lang='lat' dir='ltr'><strong>insulas</strong></span> <span class='ocrx_word' id='word_1_395' title='bbox 1193 3693 1293 3746; x_wconf 80' lang='lat' dir='ltr'><strong>beatas</strong></span> <span class='ocrx_word' id='word_1_396' title='bbox 1304 3691 1393 3761; x_wconf 79' lang='lat' dir='ltr'><strong>Elysii</strong></span> <span class='ocrx_word' id='word_1_397' title='bbox 1403 3710 1465 3763; x_wconf 91' lang='lat' dir='ltr'><strong>per·</strong></span> 
     </span>
     <span class='ocr_line' id='line_1_39' title="bbox 189 3762 1465 3834; baseline -0.002 -15"><span class='ocrx_word' id='word_1_398' title='bbox 189 3764 282 3819; x_wconf 86' lang='lat' dir='ltr'><strong>venire</strong></span> <span class='ocrx_word' id='word_1_399' title='bbox 296 3797 329 3805; x_wconf 92' lang='lat'><strong>—</strong></span> <span class='ocrx_word' id='word_1_400' title='bbox 346 3769 387 3818; x_wconf 80' lang='grc'><strong>67.</strong></span> <span class='ocrx_word' id='word_1_401' title='bbox 403 3763 449 3818; x_wconf 80' lang='lat' dir='ltr'><strong>lea</strong></span> <span class='ocrx_word' id='word_1_402' title='bbox 460 3807 466 3817; x_wconf 93' lang='lat'>.</span> <span class='ocrx_word' id='word_1_403' title='bbox 478 3806 484 3817; x_wconf 89' lang='lat'><strong>.</strong></span> <span class='ocrx_word' id='word_1_404' title='bbox 495 3806 502 3818; x_wconf 88' lang='lat'><strong>.</strong></span> <span class='ocrx_word' id='word_1_405' title='bbox 513 3762 567 3829; x_wconf 81' lang='grc' dir='ltr'><em>ἴσα,</em></span> <span class='ocrx_word' id='word_1_406' title='bbox 599 3762 685 3817; x_wconf 80' lang='lat' dir='ltr'><strong>ariter</strong></span> <span class='ocrx_word' id='word_1_407' title='bbox 696 3767 779 3816; x_wconf 85' lang='lat' dir='ltr'><strong>noctu</strong></span> <span class='ocrx_word' id='word_1_408' title='bbox 790 3767 876 3831; x_wconf 84' lang='lat' dir='ltr'><strong>etque</strong></span> <span class='ocrx_word' id='word_1_409' title='bbox 886 3763 1017 3831; x_wconf 86' lang='lat' dir='ltr'><strong>interdiu,</strong></span> <span class='ocrx_word' id='word_1_410' title='bbox 1032 3768 1063 3817; x_wconf 86' lang='lat' dir='ltr'><strong>ut</strong></span> <span class='ocrx_word' id='word_1_411' title='bbox 1077 3767 1214 3834; x_wconf 83' lang='lat' dir='ltr'><strong>perpetue</strong></span> <span class='ocrx_word' id='word_1_412' title='bbox 1229 3763 1364 3818; x_wconf 72' lang='lat' dir='ltr'><strong>serenitas</strong></span> <span class='ocrx_word' id='word_1_413' title='bbox 1379 3764 1465 3834; x_wconf 84' lang='lat' dir='ltr'><strong>signi·</strong></span> 
     </span>
     <span class='ocr_line' id='line_1_40' title="bbox 189 3781 1465 3905; baseline 0 -15"><span class='ocrx_word' id='word_1_414' title='bbox 189 3837 297 3895; x_wconf 68' lang='lat' dir='ltr'><strong>ficetum</strong></span> <span class='ocrx_word' id='word_1_415' title='bbox 327 3836 361 3890; x_wconf 86' lang='lat' dir='ltr'><strong>cf.</strong></span> <span class='ocrx_word' id='word_1_416' title='bbox 382 3833 468 3905; x_wconf 81' lang='lat' dir='ltr'><strong>epigr.</strong></span> <span class='ocrx_word' id='word_1_417' title='bbox 488 3833 550 3888; x_wconf 88' lang='lat' dir='ltr'><strong>coll.</strong></span> <span class='ocrx_word' id='word_1_418' title='bbox 575 3781 686 3887; x_wconf 68' lang='lat' dir='ltr'><strong>iiailreli</strong></span> <span class='ocrx_word' id='word_1_419' title='bbox 712 3852 738 3887; x_wconf 91' lang='lat' dir='ltr'><strong>n.</strong></span> <span class='ocrx_word' id='word_1_420' title='bbox 758 3851 824 3890; x_wconf 73' lang='lat' dir='ltr'><strong>erse:</strong></span> <span class='ocrx_word' id='word_1_421' title='bbox 850 3833 1017 3904; x_wconf 74' lang='grc' dir='ltr'><em>Λητογενίς,</em></span> <span class='ocrx_word' id='word_1_422' title='bbox 1044 3837 1077 3889; x_wconf 86' lang='grc' dir='ltr'><em>σὺ</em></span> <span class='ocrx_word' id='word_1_423' title='bbox 1103 3835 1133 3889; x_wconf 74' lang='grc' dir='ltr'><strong>δὲ</strong></span> <span class='ocrx_word' id='word_1_424' title='bbox 1159 3839 1265 3898; x_wconf 74' lang='grc' dir='ltr'><em>παῖδας</em></span> <span class='ocrx_word' id='word_1_425' title='bbox 1291 3835 1322 3888; x_wconf 76' lang='grc' dir='ltr'><strong>ἐν</strong></span> <span class='ocrx_word' id='word_1_426' title='bbox 1351 3836 1465 3903; x_wconf 82' lang='grc' dir='ltr'><em>ἡρώεσσι</em></span> 
     </span>
     <span class='ocr_line' id='line_1_41' title="bbox 189 3902 1465 3977; baseline 0.001 -17"><span class='ocrx_word' id='word_1_427' title='bbox 189 3906 349 3975; x_wconf 75' lang='grc' dir='ltr'><em>φυλάσσοις,</em></span> <span class='ocrx_word' id='word_1_428' title='bbox 369 3903 504 3977; x_wconf 76' lang='grc' dir='ltr'><em>εὐσεβέων</em></span> <span class='ocrx_word' id='word_1_429' title='bbox 518 3904 575 3959; x_wconf 81' lang='grc' dir='ltr'><em>αἰεὶ</em></span> <span class='ocrx_word' id='word_1_430' title='bbox 589 3914 678 3975; x_wconf 80' lang='grc' dir='ltr'><em>χῶρον</em></span> <span class='ocrx_word' id='word_1_431' title='bbox 699 3902 889 3975; x_wconf 78' lang='grc' dir='ltr'><em>ἐπερχόμενος.</em></span> <span class='ocrx_word' id='word_1_432' title='bbox 921 3906 1023 3961; x_wconf 76' lang='lat' dir='ltr'><strong>Contra</strong></span> <span class='ocrx_word' id='word_1_433' title='bbox 1043 3906 1140 3960; x_wconf 84' lang='lat' dir='ltr'><strong>schol:</strong></span> <span class='ocrx_word' id='word_1_434' title='bbox 1161 3907 1222 3961; x_wconf 79' lang='grc' dir='ltr'><em>ἴσον</em></span> <span class='ocrx_word' id='word_1_435' title='bbox 1242 3908 1307 3974; x_wconf 79' lang='grc' dir='ltr'><em>ἡμῖν</em></span> <span class='ocrx_word' id='word_1_436' title='bbox 1325 3916 1383 3969; x_wconf 82' lang='grc' dir='ltr'><em>τοῖς</em></span> <span class='ocrx_word' id='word_1_437' title='bbox 1402 3910 1465 3972; x_wconf 81' lang='grc' dir='ltr'><em>ζῶσι</em></span> 
     </span>
     <span class='ocr_line' id='line_1_42' title="bbox 190 3973 1465 4050; baseline -0.001 -18"><span class='ocrx_word' id='word_1_438' title='bbox 190 3977 291 4046; x_wconf 78' lang='grc' dir='ltr'><em>χρόνον</em></span> <span class='ocrx_word' id='word_1_439' title='bbox 303 3977 444 4049; x_wconf 72' lang='grc' dir='ltr'><em>ἐπιβάλλει</em></span> <span class='ocrx_word' id='word_1_440' title='bbox 454 3975 469 4030; x_wconf 87' lang='grc' dir='ltr'><em>δ</em></span> <span class='ocrx_word' id='word_1_441' title='bbox 479 3974 556 4045; x_wconf 76' lang='grc' dir='ltr'><em>ἥλιος</em></span> <span class='ocrx_word' id='word_1_442' title='bbox 566 3978 613 4030; x_wconf 81' lang='grc' dir='ltr'><strong>καλ</strong></span> <span class='ocrx_word' id='word_1_443' title='bbox 624 3985 681 4038; x_wconf 80' lang='grc' dir='ltr'><em>τοῖς</em></span> <span class='ocrx_word' id='word_1_444' title='bbox 692 3975 722 4031; x_wconf 75' lang='grc' dir='ltr'><strong>ἐν</strong></span> <span class='ocrx_word' id='word_1_445' title='bbox 732 3973 804 4050; x_wconf 82' lang='grc' dir='ltr'><em>ᾅδου</em></span> <span class='ocrx_word' id='word_1_446' title='bbox 819 3980 948 4044; x_wconf 88' lang='grc' dir='ltr'><em>δικαίοις,</em></span> <span class='ocrx_word' id='word_1_447' title='bbox 963 3996 1035 4047; x_wconf 84' lang='lat' dir='ltr'><strong>quae</strong></span> <span class='ocrx_word' id='word_1_448' title='bbox 1050 3977 1246 4048; x_wconf 81' lang='lat' dir='ltr'><strong>interpretatio</strong></span> <span class='ocrx_word' id='word_1_449' title='bbox 1260 3995 1359 4047; x_wconf 84' lang='lat' dir='ltr'><strong>parum</strong></span> <span class='ocrx_word' id='word_1_450' title='bbox 1374 3979 1465 4047; x_wconf 88' lang='lat' dir='ltr'><strong>splen-</strong></span> 
     </span>
     <span class='ocr_line' id='line_1_43' title="bbox 190 4048 1464 4117; baseline 0.002 -16"><span class='ocrx_word' id='word_1_451' title='bbox 190 4048 266 4102; x_wconf 89' lang='lat' dir='ltr'><strong>doris</strong></span> <span class='ocrx_word' id='word_1_452' title='bbox 283 4049 359 4102; x_wconf 82' lang='lat' dir='ltr'><strong>ritae</strong></span> <span class='ocrx_word' id='word_1_453' title='bbox 374 4050 518 4102; x_wconf 88' lang='lat' dir='ltr'><strong>beatorum</strong></span> <span class='ocrx_word' id='word_1_454' title='bbox 534 4048 646 4101; x_wconf 82' lang='lat' dir='ltr'><strong>offerret</strong></span> <span class='ocrx_word' id='word_1_455' title='bbox 665 4077 697 4086; x_wconf 75' lang='lat'>—</span> <span class='ocrx_word' id='word_1_456' title='bbox 718 4053 759 4102; x_wconf 73' lang='lat' dir='ltr'><strong>tu.</strong></span> <span class='ocrx_word' id='word_1_457' title='bbox 780 4049 976 4117; x_wconf 77' lang='grc' dir='ltr'><em>ἀπονέστερον,</em></span> <span class='ocrx_word' id='word_1_458' title='bbox 995 4050 1086 4103; x_wconf 89' lang='lat' dir='ltr'><strong>minus</strong></span> <span class='ocrx_word' id='word_1_459' title='bbox 1106 4048 1254 4103; x_wconf 81' lang='lat' dir='ltr'><strong>molestam</strong></span> <span class='ocrx_word' id='word_1_460' title='bbox 1273 4048 1359 4101; x_wconf 81' lang='lat' dir='ltr'><strong>vitem</strong></span> <span class='ocrx_word' id='word_1_461' title='bbox 1380 4066 1464 4117; x_wconf 83' lang='lat' dir='ltr'><strong>quem</strong></span> 
     </span>
     <span class='ocr_line' id='line_1_44' title="bbox 190 4118 1465 4192; baseline 0.002 -21"><span class='ocrx_word' id='word_1_462' title='bbox 190 4137 262 4187; x_wconf 84' lang='lat' dir='ltr'><strong>quoe</strong></span> <span class='ocrx_word' id='word_1_463' title='bbox 277 4119 320 4188; x_wconf 88' lang='lat' dir='ltr'><strong>iis,</strong></span> <span class='ocrx_word' id='word_1_464' title='bbox 335 4119 402 4172; x_wconf 89' lang='lat' dir='ltr'><strong>dum</strong></span> <span class='ocrx_word' id='word_1_465' title='bbox 415 4119 445 4172; x_wconf 90' lang='lat' dir='ltr'><strong>in</strong></span> <span class='ocrx_word' id='word_1_466' title='bbox 458 4118 512 4172; x_wconf 86' lang='lat' dir='ltr'><strong>hae</strong></span> <span class='ocrx_word' id='word_1_467' title='bbox 524 4122 599 4172; x_wconf 81' lang='lat' dir='ltr'><strong>terro</strong></span> <span class='ocrx_word' id='word_1_468' title='bbox 610 4118 723 4187; x_wconf 85' lang='lat' dir='ltr'><strong>degunt,</strong></span> <span class='ocrx_word' id='word_1_469' title='bbox 735 4119 847 4190; x_wconf 89' lang='lat' dir='ltr'><strong>obtigit.</strong></span> <span class='ocrx_word' id='word_1_470' title='bbox 866 4120 1062 4189; x_wconf 78' lang='lat' dir='ltr'><strong>Agriculturae</strong></span> <span class='ocrx_word' id='word_1_471' title='bbox 1073 4125 1102 4175; x_wconf 87' lang='lat' dir='ltr'><strong>ot</strong></span> <span class='ocrx_word' id='word_1_472' title='bbox 1110 4119 1301 4192; x_wconf 75' lang='lat' dir='ltr'><strong>navigationis</strong></span> <span class='ocrx_word' id='word_1_473' title='bbox 1311 4120 1465 4189; x_wconf 83' lang='lat' dir='ltr'><strong>laboribus,</strong></span> 
     </span>
     <span class='ocr_line' id='line_1_45' title="bbox 190 4189 1465 4262; baseline 0.002 -18"><span class='ocrx_word' id='word_1_474' title='bbox 190 4208 259 4258; x_wconf 84' lang='lat' dir='ltr'><strong>quos</strong></span> <span class='ocrx_word' id='word_1_475' title='bbox 271 4189 320 4244; x_wconf 82' lang='lat' dir='ltr'><strong>elii</strong></span> <span class='ocrx_word' id='word_1_476' title='bbox 335 4190 370 4243; x_wconf 92' lang='lat' dir='ltr'><strong>ob</strong></span> <span class='ocrx_word' id='word_1_477' title='bbox 380 4207 472 4245; x_wconf 89' lang='lat' dir='ltr'><strong>rerum</strong></span> <span class='ocrx_word' id='word_1_478' title='bbox 485 4189 632 4260; x_wconf 80' lang='lat' dir='ltr'><strong>penuriam</strong></span> <span class='ocrx_word' id='word_1_479' title='bbox 642 4189 750 4258; x_wconf 79' lang='grc' dir='ltr'><em>(κεινὰν</em></span> <span class='ocrx_word' id='word_1_480' title='bbox 764 4190 842 4258; x_wconf 85' lang='grc' dir='ltr'><em>παρὰ</em></span> <span class='ocrx_word' id='word_1_481' title='bbox 853 4190 965 4247; x_wconf 82' lang='grc' dir='ltr'><em>δίαιταν</em></span> <span class='ocrx_word' id='word_1_482' title='bbox 976 4211 1000 4247; x_wconf 89' lang='lat' dir='ltr'><strong>v.</strong></span> <span class='ocrx_word' id='word_1_483' title='bbox 1012 4196 1047 4260; x_wconf 86' lang='grc' dir='ltr'><strong>τι)</strong></span> <span class='ocrx_word' id='word_1_484' title='bbox 1062 4192 1202 4262; x_wconf 86' lang='lat' dir='ltr'><strong>suscipere</strong></span> <span class='ocrx_word' id='word_1_485' title='bbox 1217 4194 1361 4259; x_wconf 82' lang='lat' dir='ltr'><strong>coguntur,</strong></span> <span class='ocrx_word' id='word_1_486' title='bbox 1376 4191 1465 4247; x_wconf 84' lang='lat' dir='ltr'><strong>iustos</strong></span> 
     </span>
     <span class='ocr_line' id='line_1_46' title="bbox 191 4260 1464 4334; baseline 0.004 -21"><span class='ocrx_word' id='word_1_487' title='bbox 191 4262 218 4314; x_wconf 86' lang='lat' dir='ltr'><strong>in</strong></span> <span class='ocrx_word' id='word_1_488' title='bbox 234 4260 305 4315; x_wconf 83' lang='lat' dir='ltr'><strong>Orco</strong></span> <span class='ocrx_word' id='word_1_489' title='bbox 325 4278 424 4315; x_wconf 83' lang='lat' dir='ltr'><strong>vacere</strong></span> <span class='ocrx_word' id='word_1_490' title='bbox 440 4260 578 4314; x_wconf 84' lang='lat' dir='ltr'><strong>Pindarus</strong></span> <span class='ocrx_word' id='word_1_491' title='bbox 594 4261 631 4314; x_wconf 85' lang='lat' dir='ltr'><strong>nd</strong></span> <span class='ocrx_word' id='word_1_492' title='bbox 645 4260 803 4331; x_wconf 82' lang='lat' dir='ltr'><strong>exemplum</strong></span> <span class='ocrx_word' id='word_1_493' title='bbox 818 4262 934 4316; x_wconf 89' lang='lat' dir='ltr'><strong>Hesiodi</strong></span> <span class='ocrx_word' id='word_1_494' title='bbox 952 4280 1015 4333; x_wconf 90' lang='lat' dir='ltr'><strong>opp.</strong></span> <span class='ocrx_word' id='word_1_495' title='bbox 1031 4281 1069 4317; x_wconf 76' lang='lat' dir='ltr'><strong>rer</strong></span> <span class='ocrx_word' id='word_1_496' title='bbox 1085 4263 1206 4334; x_wconf 83' lang='lat' dir='ltr'><strong>exponit.</strong></span> <span class='ocrx_word' id='word_1_497' title='bbox 1240 4262 1355 4316; x_wconf 77' lang='lat' dir='ltr'><strong>Pindari</strong></span> <span class='ocrx_word' id='word_1_498' title='bbox 1369 4281 1464 4318; x_wconf 86' lang='lat' dir='ltr'><strong>versus</strong></span> 
     </span>
     <span class='ocr_line' id='line_1_47' title="bbox 189 4332 1465 4404; baseline 0.002 -17"><span class='ocrx_word' id='word_1_499' title='bbox 189 4336 255 4387; x_wconf 84' lang='lat' dir='ltr'><strong>ente</strong></span> <span class='ocrx_word' id='word_1_500' title='bbox 275 4332 370 4386; x_wconf 86' lang='lat' dir='ltr'><strong>oculos</strong></span> <span class='ocrx_word' id='word_1_501' title='bbox 384 4332 485 4385; x_wconf 80' lang='lat' dir='ltr'><strong>habuit</strong></span> <span class='ocrx_word' id='word_1_502' title='bbox 499 4332 649 4402; x_wconf 80' lang='lat' dir='ltr'><strong>Gregorius</strong></span> <span class='ocrx_word' id='word_1_503' title='bbox 664 4332 742 4401; x_wconf 78' lang='lat' dir='ltr'><strong>Nor,</strong></span> <span class='ocrx_word' id='word_1_504' title='bbox 761 4333 795 4386; x_wconf 92' lang='lat' dir='ltr'><strong>de</strong></span> <span class='ocrx_word' id='word_1_505' title='bbox 816 4333 962 4403; x_wconf 86' lang='lat' dir='ltr'><strong>spiritibus</strong></span> <span class='ocrx_word' id='word_1_506' title='bbox 982 4334 1149 4388; x_wconf 86' lang='lat' dir='ltr'><strong>coelestibus</strong></span> <span class='ocrx_word' id='word_1_507' title='bbox 1168 4338 1188 4389; x_wconf 92' lang='lat' dir='ltr'><strong>t.</strong></span> <span class='ocrx_word' id='word_1_508' title='bbox 1204 4353 1224 4386; x_wconf 91' lang='lat'><strong>11</strong></span> <span class='ocrx_word' id='word_1_509' title='bbox 1243 4354 1269 4404; x_wconf 91' lang='lat' dir='ltr'><strong>p.</strong></span> <span class='ocrx_word' id='word_1_510' title='bbox 1283 4351 1310 4388; x_wconf 81' lang='grc' dir='ltr'><strong>τι</strong></span> <span class='ocrx_word' id='word_1_511' title='bbox 1325 4351 1342 4387; x_wconf 83' lang='lat' dir='ltr'><strong>e</strong></span> <span class='ocrx_word' id='word_1_512' title='bbox 1356 4335 1465 4390; x_wconf 83' lang='lat' dir='ltr'><strong>Teselio</strong></span> 
     </span>
     <span class='ocr_line' id='line_1_48' title="bbox 189 4402 1465 4476; baseline 0.003 -20"><span class='ocrx_word' id='word_1_513' title='bbox 189 4403 334 4458; x_wconf 75' lang='lat' dir='ltr'><strong>laudatus:</strong></span> <span class='ocrx_word' id='word_1_514' title='bbox 355 4403 387 4457; x_wconf 87' lang='grc' dir='ltr'><strong>ού</strong></span> <span class='ocrx_word' id='word_1_515' title='bbox 406 4408 524 4466; x_wconf 83' lang='grc' dir='ltr'><em>πλοῦτος</em></span> <span class='ocrx_word' id='word_1_516' title='bbox 547 4402 681 4458; x_wconf 81' lang='grc' dir='ltr'><em>κείνοισιν</em></span> <span class='ocrx_word' id='word_1_517' title='bbox 705 4403 834 4473; x_wconf 78' lang='grc' dir='ltr'><em>ἐράσμιος</em></span> <span class='ocrx_word' id='word_1_518' title='bbox 857 4404 920 4458; x_wconf 76' lang='grc' dir='ltr'><em>οὐδ’</em></span> <span class='ocrx_word' id='word_1_519' title='bbox 942 4404 992 4459; x_wconf 81' lang='grc' dir='ltr'><strong>ὅσα</strong></span> <span class='ocrx_word' id='word_1_520' title='bbox 1015 4410 1152 4475; x_wconf 77' lang='grc' dir='ltr'><em>δνητοῑςΙ</em></span> <span class='ocrx_word' id='word_1_521' title='bbox 1173 4410 1244 4460; x_wconf 82' lang='grc' dir='ltr'><em>Γαῖα</em></span> <span class='ocrx_word' id='word_1_522' title='bbox 1268 4404 1348 4474; x_wconf 80' lang='grc' dir='ltr'><em>φέρει</em></span> <span class='ocrx_word' id='word_1_523' title='bbox 1367 4405 1465 4476; x_wconf 77' lang='grc' dir='ltr'><em>κακίης</em></span> 
     </span>
     <span class='ocr_line' id='line_1_49' title="bbox 189 4473 1464 4547; baseline 0.002 -18"><span class='ocrx_word' id='word_1_524' title='bbox 189 4474 377 4545; x_wconf 70' lang='grc' dir='ltr'><em>μελεδήματα·</em></span> <span class='ocrx_word' id='word_1_525' title='bbox 403 4475 454 4529; x_wconf 90' lang='grc' dir='ltr'><em>ούκ</em></span> <span class='ocrx_word' id='word_1_526' title='bbox 477 4473 619 4542; x_wconf 81' lang='grc' dir='ltr'><em>ἀρύουσιν,</em></span> <span class='ocrx_word' id='word_1_527' title='bbox 641 4480 644 4543; x_wconf 76' lang='lat' dir='ltr'><strong>l</strong></span> <span class='ocrx_word' id='word_1_528' title='bbox 666 4477 699 4529; x_wconf 82' lang='grc' dir='ltr'><strong>ού</strong></span> <span class='ocrx_word' id='word_1_529' title='bbox 723 4475 828 4544; x_wconf 74' lang='grc' dir='ltr'><em>πελάγη</em></span> <span class='ocrx_word' id='word_1_530' title='bbox 853 4479 991 4530; x_wconf 80' lang='grc' dir='ltr'><em>πλώουσιν</em></span> <span class='ocrx_word' id='word_1_531' title='bbox 1014 4476 1138 4545; x_wconf 83' lang='grc' dir='ltr'><em>ἀτειρέυς</em></span> <span class='ocrx_word' id='word_1_532' title='bbox 1161 4475 1264 4531; x_wconf 79' lang='grc' dir='ltr'><em>ούνεκα</em></span> <span class='ocrx_word' id='word_1_533' title='bbox 1288 4477 1411 4547; x_wconf 75' lang='grc' dir='ltr'><em>γαστρός.</em></span> <span class='ocrx_word' id='word_1_534' title='bbox 1433 4511 1464 4519; x_wconf 91' lang='grc'><strong>--</strong></span> 
     </span>
     <span class='ocr_line' id='line_1_50' title="bbox 190 4544 1464 4618; baseline 0.002 -19"><span class='ocrx_word' id='word_1_535' title='bbox 190 4553 231 4602; x_wconf 80' lang='lat'><strong>71.</strong></span> <span class='ocrx_word' id='word_1_536' title='bbox 256 4567 279 4600; x_wconf 90' lang='grc' dir='ltr'><strong>τι</strong></span> <span class='ocrx_word' id='word_1_537' title='bbox 304 4544 356 4609; x_wconf 86' lang='grc' dir='ltr'><em>ἰοις</em></span> <span class='ocrx_word' id='word_1_538' title='bbox 373 4550 462 4600; x_wconf 79' lang='grc' dir='ltr'><em>θεῶν·</em></span> <span class='ocrx_word' id='word_1_539' title='bbox 489 4546 588 4602; x_wconf 81' lang='lat' dir='ltr'><strong>schol:</strong></span> <span class='ocrx_word' id='word_1_540' title='bbox 614 4552 652 4618; x_wconf 81' lang='grc' dir='ltr'><strong>τῷ</strong></span> <span class='ocrx_word' id='word_1_541' title='bbox 671 4547 815 4601; x_wconf 84' lang='grc' dir='ltr'><em>Πλούτωνι</em></span> <span class='ocrx_word' id='word_1_542' title='bbox 835 4549 882 4600; x_wconf 83' lang='grc' dir='ltr'><strong>καλ</strong></span> <span class='ocrx_word' id='word_1_543' title='bbox 902 4557 934 4618; x_wconf 79' lang='grc' dir='ltr'><strong>τᾷ</strong></span> <span class='ocrx_word' id='word_1_544' title='bbox 953 4547 1127 4618; x_wconf 80' lang='grc' dir='ltr'><em>Περσεφόνη.</em></span> <span class='ocrx_word' id='word_1_545' title='bbox 1165 4547 1250 4618; x_wconf 85' lang='grc' dir='ltr'><em>τίμιοι</em></span> <span class='ocrx_word' id='word_1_546' title='bbox 1270 4548 1312 4602; x_wconf 88' lang='lat' dir='ltr'><strong>illi</strong></span> <span class='ocrx_word' id='word_1_547' title='bbox 1332 4566 1387 4602; x_wconf 88' lang='lat' dir='ltr'><strong>non</strong></span> <span class='ocrx_word' id='word_1_548' title='bbox 1406 4553 1464 4602; x_wconf 78' lang='lat' dir='ltr'><strong>tum</strong></span> 
     </span>
     <span class='ocr_line' id='line_1_51' title="bbox 190 4568 1465 4689; baseline 0.002 -18"><span class='ocrx_word' id='word_1_549' title='bbox 190 4619 264 4687; x_wconf 87' lang='lat' dir='ltr'><strong>quod</strong></span> <span class='ocrx_word' id='word_1_550' title='bbox 283 4568 415 4672; x_wconf 75' lang='lat' dir='ltr'><strong>iionoreti</strong></span> <span class='ocrx_word' id='word_1_551' title='bbox 435 4617 507 4671; x_wconf 90' lang='lat' dir='ltr'><strong>inter</strong></span> <span class='ocrx_word' id='word_1_552' title='bbox 527 4617 593 4671; x_wconf 89' lang='lat' dir='ltr'><strong>dcos</strong></span> <span class='ocrx_word' id='word_1_553' title='bbox 612 4620 678 4672; x_wconf 87' lang='lat' dir='ltr'><strong>sunt</strong></span> <span class='ocrx_word' id='word_1_554' title='bbox 696 4616 883 4688; x_wconf 81' lang='lat' dir='ltr'><strong>appellentur,</strong></span> <span class='ocrx_word' id='word_1_555' title='bbox 899 4619 947 4672; x_wconf 89' lang='lat' dir='ltr'><strong>sed</strong></span> <span class='ocrx_word' id='word_1_556' title='bbox 962 4619 1097 4689; x_wconf 78' lang='lat' dir='ltr'><strong>peculiari</strong></span> <span class='ocrx_word' id='word_1_557' title='bbox 1104 4606 1164 4673; x_wconf 74' lang='lat' dir='ltr'><strong>&#39;usu</strong></span> <span class='ocrx_word' id='word_1_558' title='bbox 1179 4620 1253 4687; x_wconf 87' lang='lat' dir='ltr'><strong>quod</strong></span> <span class='ocrx_word' id='word_1_559' title='bbox 1268 4620 1348 4689; x_wconf 84' lang='grc' dir='ltr'><em>τιμὰς</em></span> <span class='ocrx_word' id='word_1_560' title='bbox 1363 4620 1465 4674; x_wconf 74' lang='grc' dir='ltr'><em>ἀπονί-</em></span> 
     </span>
     <span class='ocr_line' id='line_1_52' title="bbox 189 4687 1465 4759; baseline 0.001 -16"><span class='ocrx_word' id='word_1_561' title='bbox 189 4708 271 4757; x_wconf 89' lang='grc' dir='ltr'><em>μουσι</em></span> <span class='ocrx_word' id='word_1_562' title='bbox 285 4698 342 4753; x_wconf 76' lang='grc' dir='ltr'><em>τοῖς</em></span> <span class='ocrx_word' id='word_1_563' title='bbox 355 4692 497 4742; x_wconf 74' lang='grc' dir='ltr'><em>θανοῦσιν</em></span> <span class='ocrx_word' id='word_1_564' title='bbox 508 4720 540 4727; x_wconf 86' lang='lat'>—</span> <span class='ocrx_word' id='word_1_565' title='bbox 553 4694 593 4742; x_wconf 76' lang='lat'><strong>72.</strong></span> <span class='ocrx_word' id='word_1_566' title='bbox 605 4687 705 4752; x_wconf 80' lang='grc' dir='ltr'><em>οῗιινες</em></span> <span class='ocrx_word' id='word_1_567' title='bbox 720 4689 832 4759; x_wconf 83' lang='grc' dir='ltr'><em>ἔχαιρον</em></span> <span class='ocrx_word' id='word_1_568' title='bbox 847 4688 988 4756; x_wconf 83' lang='grc' dir='ltr'><em>εὐορκίαις</em></span> <span class='ocrx_word' id='word_1_569' title='bbox 1002 4691 1090 4744; x_wconf 88' lang='lat' dir='ltr'><strong>vicem</strong></span> <span class='ocrx_word' id='word_1_570' title='bbox 1105 4690 1225 4744; x_wconf 89' lang='lat' dir='ltr'><strong>subiecti</strong></span> <span class='ocrx_word' id='word_1_571' title='bbox 1240 4691 1319 4744; x_wconf 83' lang='lat' dir='ltr'><strong>verbi</strong></span> <span class='ocrx_word' id='word_1_572' title='bbox 1334 4690 1465 4759; x_wconf 84' lang='grc' dir='ltr'><em>νίμυνται</em></span> 
     </span>
     <span class='ocr_line' id='line_1_53' title="bbox 189 4758 1465 4831; baseline 0.001 -17"><span class='ocrx_word' id='word_1_573' title='bbox 189 4760 326 4815; x_wconf 88' lang='lat' dir='ltr'><strong>obtinent.</strong></span> <span class='ocrx_word' id='word_1_574' title='bbox 364 4758 518 4824; x_wconf 85' lang='lat' dir='ltr'><strong>Quominus</strong></span> <span class='ocrx_word' id='word_1_575' title='bbox 541 4776 576 4813; x_wconf 84' lang='lat' dir='ltr'><strong>ee</strong></span> <span class='ocrx_word' id='word_1_576' title='bbox 599 4777 662 4813; x_wconf 90' lang='lat' dir='ltr'><strong>cum</strong></span> <span class='ocrx_word' id='word_1_577' title='bbox 680 4761 916 4815; x_wconf 85' lang='lat' dir='ltr'><strong>Ruuchensteinio</strong></span> <span class='ocrx_word' id='word_1_578' title='bbox 935 4763 971 4814; x_wconf 83' lang='lat' dir='ltr'><strong>ad</strong></span> <span class='ocrx_word' id='word_1_579' title='bbox 991 4760 1090 4831; x_wconf 82' lang='grc' dir='ltr'><em>τιμίοις</em></span> <span class='ocrx_word' id='word_1_580' title='bbox 1109 4767 1186 4816; x_wconf 83' lang='grc' dir='ltr'><em>θεῶν</em></span> <span class='ocrx_word' id='word_1_581' title='bbox 1204 4763 1321 4829; x_wconf 71' lang='grc' dir='ltr'><em>τοίοισι,</em></span> <span class='ocrx_word' id='word_1_582' title='bbox 1341 4761 1403 4831; x_wconf 74' lang='lat' dir='ltr'><strong>ipse</strong></span> <span class='ocrx_word' id='word_1_583' title='bbox 1422 4763 1465 4815; x_wconf 81' lang='lat' dir='ltr'><strong>vis</strong></span> 
     </span>
     <span class='ocr_line' id='line_1_54' title="bbox 190 4829 1464 4902; baseline 0 -16"><span class='ocrx_word' id='word_1_584' title='bbox 190 4830 363 4901; x_wconf 91' lang='lat' dir='ltr'><strong>pronominis</strong></span> <span class='ocrx_word' id='word_1_585' title='bbox 383 4829 484 4892; x_wconf 79' lang='grc' dir='ltr'><em>οἵτινες</em></span> <span class='ocrx_word' id='word_1_586' title='bbox 502 4831 598 4884; x_wconf 74' lang='lat' dir='ltr'><strong>obstet</strong></span> <span class='ocrx_word' id='word_1_587' title='bbox 618 4863 650 4871; x_wconf 87' lang='lat'>-</span> <span class='ocrx_word' id='word_1_588' title='bbox 671 4836 713 4886; x_wconf 79' lang='grc'><strong>74.</strong></span> <span class='ocrx_word' id='word_1_589' title='bbox 733 4831 880 4900; x_wconf 90' lang='lat' dir='ltr'><strong>impiorum</strong></span> <span class='ocrx_word' id='word_1_590' title='bbox 899 4833 929 4885; x_wconf 91' lang='lat' dir='ltr'><strong>in</strong></span> <span class='ocrx_word' id='word_1_591' title='bbox 949 4834 1020 4888; x_wconf 89' lang='lat' dir='ltr'><strong>Orco</strong></span> <span class='ocrx_word' id='word_1_592' title='bbox 1038 4833 1127 4887; x_wconf 81' lang='lat' dir='ltr'><strong>vitem</strong></span> <span class='ocrx_word' id='word_1_593' title='bbox 1147 4833 1222 4902; x_wconf 91' lang='lat' dir='ltr'><strong>quod</strong></span> <span class='ocrx_word' id='word_1_594' title='bbox 1240 4851 1295 4887; x_wconf 91' lang='lat' dir='ltr'><strong>nno</strong></span> <span class='ocrx_word' id='word_1_595' title='bbox 1314 4850 1395 4887; x_wconf 79' lang='lat' dir='ltr'><strong>versu</strong></span> <span class='ocrx_word' id='word_1_596' title='bbox 1416 4832 1464 4886; x_wconf 81' lang='lat' dir='ltr'><strong>ab·</strong></span> 
     </span>
    </p>
   </div>
   <div class='ocr_carea' id='block_1_6' title="bbox 0 0 1709 5378">
    <p class='ocr_par' dir='ltr' id='par_1_7' title="bbox 0 0 1709 5378">
     <span class='ocr_line' id='line_1_55' title="bbox 0 0 1709 5378; baseline 0 0"><span class='ocrx_word' id='word_1_597' title='bbox 0 0 1709 5378; x_wconf 95' lang='lat' dir='ltr'><strong> </strong></span> 
     </span>
    </p>
   </div>
  </div>
 </body>
</html>
