3406 5378
550 389 598 439 Ill.
624 386 674 435 DE
693 387 802 437 Ll'lllb'
822 389 867 436 ET
887 388 1063 442 EPlNlCIIb'.
1326 387 1452 442 LXXXV

168 548 287 632 quertii
316 554 509 632 certaretur,
537 549 599 612 hoc
628 569 740 612 vereor
767 552 805 612 ut
832 548 995 632 probabili
1019 547 1287 632 interpretatione
1311 550 1373 615 loci
1398 552 1453 615 ob-

168 654 254 720 scuri
284 653 412 718 Pindari
440 654 482 719 N.
507 672 556 718 vn
581 657 622 720 72
652 655 835 719 confirmari
863 655 975 740 possit.
1027 654 1178 738 Namque
1205 679 1359 721 numerus
1388 680 1453 722 cer-

169 760 309 825 tantium
336 760 398 826 hoc
428 784 554 847 quoque
583 761 685 826 minui
714 762 835 846 potuit,
863 763 950 846 quod
979 762 1034 848 qui
1062 767 1176 828 contra
1198 764 1328 849 regulas
1352 770 1453 829 certa-

168 866 265 931 minis
288 873 514 953 peccaverant,
537 891 555 932 a
578 867 713 953 reliquis
736 868 886 953 partibus
910 869 1110 953 quinquertii
1134 871 1394 936 excludebantur.

602 1063 804 1129 Indiculus
833 1065 1019 1129 ludorum.

258 1185 304 1252 Ut
326 1186 424 1252 titulo
447 1186 543 1251 huius
568 1186 683 1272 capitis
707 1187 935 1273 indicavimus,
958 1189 1096 1254 indicem
1122 1191 1272 1256 ludorum
1297 1194 1452 1275 omnium,

169 1295 223 1380 qui
247 1294 281 1359 in
304 1292 436 1358 Pindari
461 1292 657 1357 carminibus
681 1316 857 1380 eorumque
877 1296 1009 1360 scholiis
1029 1297 1249 1362 veteribus-
1270 1301 1452 1366 recentiora

169 1402 250 1467 nihil
279 1423 422 1467 curo-
449 1406 759 1487 commemorantur,
791 1403 853 1467 hoc
885 1403 957 1467 loco
991 1425 1183 1488 componere
1215 1407 1453 1493 constituimus,

169 1532 233 1596 quo
260 1509 295 1573 in
322 1508 428 1574 indice
457 1507 612 1592 quidquid
639 1509 678 1571 de
707 1508 845 1595 singulis
868 1509 967 1595 ludis,
994 1533 1105 1574 eorum
1130 1511 1269 1597 origine,
1297 1519 1452 1601 tempore,

167 1616 311 1704 praemio
328 1615 553 1700 comperimus,
572 1615 715 1680 breviter
729 1637 935 1700 exponemus.
971 1616 1156 1701 Digerendo
1172 1623 1280 1684 autem
1294 1620 1329 1684 in
1343 1621 1448 1688 indice

169 1722 409 1809 alphabeticum
433 1721 578 1786 ordinem
602 1721 799 1806 civitatium,
824 1722 859 1785 in
883 1710 1000 1807 quibus
1025 1723 1144 1809 singuli
1170 1724 1237 1790 ludi
1260 1729 1449 1813 agebantur,

169 1835 299 1896 secutus
320 1853 403 1914 sum,
421 1829 469 1893 ita
488 1834 605 1911 tamen,
625 1833 660 1893 ut
680 1830 773 1893 ludos
794 1833 933 1914 quatuor
951 1830 1142 1915 praecipuos
1158 1834 1332 1897 secuudum
1347 1834 1449 1920 digni-

169 1943 271 2003 tatem
295 1942 328 2002 et
352 1936 498 2000 ordinem
521 1935 679 1999 librorum
699 1936 830 2000 Pindari
850 1936 995 2022 digestos
1019 1937 1249 2021 praemiserim.
1288 1939 1448 2026 Olympici

169 2045 256 2110 enim
279 2043 391 2129 Pythii
415 2043 569 2107 Nemeaei
593 2042 741 2107 Isthmiei
770 2043 836 2106 ludi
865 2049 990 2107 mature
1014 2045 1172 2109 coeteris
1200 2045 1284 2110 ludis
1308 2050 1449 2133 separati

168 2157 201 2217 et
227 2151 358 2237 proprio
387 2149 518 2214 nomine
546 2148 686 2232 clystrae
710 2152 809 2235 ἱερῶν
832 2151 881 2214 vel
907 2150 1046 2232 ἀγώνων
1065 2149 1266 2235 Ἑλληνικῶν
1291 2154 1449 2240 distingui

168 2258 273 2343 coepti
305 2262 389 2322 sunt.
440 2256 585 2332 Quorum
614 2257 783 2321 nominum
813 2256 903 2341 prius
934 2257 999 2321 iarn
1027 2256 1160 2322 Pindari
1190 2264 1296 2324 aetate
1326 2261 1360 2324 in
1388 2286 1448 2326 usu

167 2365 267 2430 fnisse
299 2366 493 2429 documento
521 2368 597 2426 sunt
626 2363 689 2428 loci
719 2363 849 2427 Pindari
874 2362 908 2427 Ο.
928 2382 991 2427 vin
1011 2366 1062 2428 64.
1096 2383 1157 2427 xnl
1182 2366 1229 2429 15.
1263 2366 1303 2431 N.
1323 2370 1388 2432 114
1416 2373 1449 2432 et

167 2472 337 2557 praecipue
356 2471 397 2535 N.
412 2489 448 2534 V1
463 2471 503 2534 67
525 2465 632 2552 ‘eriges
652 2468 792 2551 ἀγώνων
811 2471 885 2550 ἄπο,
909 2472 988 2546 τοὺς
1006 2468 1172 2535 ἐνέποισιν
1192 2471 1321 2556 ίερούς’.
1359 2472 1449 2539 Sacri

167 2579 214 2644 illi
244 2579 447 2661 dicebantur,
475 2577 560 2660 quod
590 2599 662 2639 curn
691 2576 791 2640 sacris
821 2581 853 2639 et
881 2575 970 2640 feriis
999 2576 1131 2641 deorum
1160 2578 1324 2643 coniuncti
1348 2587 1450 2667 erant,

166 2690 366 2751 nontamen
389 2683 482 2767 quasi
507 2683 605 2747 ceteri
630 2682 710 2766 ludi,
734 2687 771 2745 ut
795 2681 1026 2747 Panathenaici
1048 2683 1144 2747 lolaii
1166 2683 1298 2770 Aeacei,
1321 2689 1449 2772 profani

167 2792 302 2876 fuerint,
335 2791 391 2856 sed
421 2791 507 2874 quod
539 2794 669 2874 praeter
702 2788 782 2853 alios
815 2789 945 2854 nomine
979 2812 1144 2854 sacrorum
1176 2789 1326 2857 ludorum
1358 2794 1448 2880 digni

167 2898 344 2965 existimati
368 2896 486 2983 sunt.¹)
529 2896 670 2961 Eosdem
694 2917 769 2961 vero
794 2901 934 2980 quatuor
957 2896 1050 2961 ludos
1075 2896 1173 2961 etiam
1197 2898 1327 2962 nomine
1352 2898 1449 2964 Grae-

167 3028 279 3071 corum
306 3004 457 3069 ludorum
481 3027 500 3067 a
523 3002 638 3068 ceteris
667 3002 751 3066 ludis
777 3002 843 3065 iam
866 3002 998 3067 Pindari
1022 3007 1128 3067 aetate
1152 3003 1309 3087 distingui
1333 3007 1448 3072 solitos

167 3134 237 3178 esse
270 3111 427 3177 concludo
456 3133 494 3174 ex
525 3110 605 3174 l.1n
626 3111 677 3173 67.
715 3108 792 3172 ux
815 3110 862 3174 19.
897 3110 1003 3174 n150.
1036 3128 1085 3172 xn
1106 3113 1135 3174 6.
1172 3110 1212 3174 N.
1233 3129 1254 3174 x
1275 3114 1326 3178 25.
1377 3113 1448 3179 Hoc

168 3225 276 3285 autem
298 3218 428 3283 nomine
452 3239 507 3281 eos
532 3241 551 3281 a
574 3215 754 3280 minoribns
781 3221 814 3279 et
837 3216 930 3300 quasi
954 3217 1140 3281 domesticis
1164 3217 1262 3303 ludis,
1294 3243 1375 3303 quos
1403 3221 1449 3284 in-

168 3327 256 3391 colae
285 3325 442 3409 civitatiS,
469 3325 503 3387 in
532 3346 596 3409 qna
624 3323 743 3407 quique
772 3323 980 3407 habitabant,
1009 3330 1066 3389 aut
1094 3323 1156 3387 soli
1180 3331 1237 3389 aut
1263 3348 1364 3409 paene
1389 3327 1450 3391 soli

168 3433 317 3516 obibant,
349 3431 521 3496 distinctos
554 3452 624 3495 esse
658 3430 882 3494 demonstrant
915 3431 1073 3495 voeabula
1108 3429 1194 3494 inter
1228 3453 1262 3494 se
1299 3433 1449 3516 opposita

167 3540 368 3624 παναγύρεις
391 3535 487 3616 ξυναὶ
509 3536 653 3602 [1114ss
678 3542 711 3601 et
730 3536 822 3618 ἀγὼν
845 3535 1020 3623 ἐπιχώριος
1042 3536 1076 3600 Ρ.
1091 3555 1152 3599 νυ]
1172 3538 1223 3621 79,
1246 3538 1285 3601 τὰ
1309 3536 1341 3602 d’
1363 3546 1449 3604 οἴκοι

167 3649 272 3712 ἄεθλα
295 3645 337 3710 Ν.
357 3646 452 3721 1123,
478 3643 691 3728 quibuscum
715 3643 795 3707 locis
820 3644 966 3708 conferas
989 3643 1097 3708 locum
1117 3642 1347 3708 Demosthenis
1367 3644 1449 3708 Phil.

167 3772 205 3818 111
229 3756 271 3820 32
300 3756 414 3835 τίθησι
442 3750 638 3837 (Φίλιππος)
667 3752 727 3815 τὸν
756 3751 870 3814 κοινὸν
902 3761 968 3815 τῶν
991 3748 1159 3832 Ἑλλήνων
1189 3750 1301 3831 ἀγῶνα
1328 3757 1362 3815 et
1389 3752 1450 3816 ori-

111 3853 113 3856 *
168 3861 276 3947 ginem
305 3859 471 3943 antiquam
499 3859 641 3923 nominis
663 3856 921 3940 Ἑλλανοδικῶν,
949 3879 1013 3942 quo
1037 3861 1179 3921 rectores
1203 3861 1236 3920 et
1258 3858 1380 3923 iiulioes
1403 3858 1449 3922 lu-

168 3968 283 4032 dorum
307 3966 551 4051 Olympicorum
576 3966 838 4051 designabantur.

257 4073 309 4139 Ad
327 4073 467 4138 minores
487 4074 580 4136 ludos
601 4072 729 4136 Pindari
749 4071 850 4153 locos,
870 4071 987 4156 quibus
1008 4071 1127 4155 quique
1147 4077 1451 4157 commemorantur,

168 4181 265 4246 attuli
287 4203 413 4264 omues3
436 4179 520 4245 sacri
538 4178 605 4242 ludi
626 4184 693 4242 tani
713 4178 799 4242 clara
818 4178 890 4243 luce
909 4178 1044 4262 fulgent,
1068 4182 1104 4241 ut
1123 4177 1208 4241 nube
1228 4177 1448 4262 exemplorum

168 4310 234 4352 non
257 4286 442 4374 indigeant·
475 4285 697 4350 Certaminum
721 4290 830 4349 autern
854 4306 973 4369 genera
995 4307 1061 4348 uon
1084 4283 1236 4349 adnotavi
1255 4284 1319 4348 nisi
1338 4285 1366 4349 si
1386 4309 1450 4369 qua

169 4393 347 4479 singularia
366 4397 399 4457 et
416 4396 533 4457 notatu
551 4392 650 4476 digna
669 4414 738 4456 esse
753 4391 956 4476 videbantur,
974 4391 1063 4456 velut
1078 4391 1105 4456 si
1121 4391 1284 4455 minorum
1298 4392 1448 4457 ludorum

170 4500 333 4585 equestria
356 4498 533 4564 certamina
555 4503 684 4584 praeter
708 4499 860 4583 gymnica
883 4521 903 4562 a
921 4497 1061 4563 Pindaro
1086 4504 1339 4563 commemorata
1363 4504 1448 4564 sunt.

171 4627 225 4636 ,-.-
239 4628 266 4632 -
283 4626 382 4633 ———

262 4697 287 4763 1)
306 4693 407 4747 Aetate
429 4691 628 4762 imperatorum
646 4693 835 4746 Romanorum
857 4708 988 4746 numerus
1007 4692 1125 4760 ἀγώνων
1143 4691 1226 4761 ἱερῶν
1246 4691 1328 4745 valde
1349 4695 1448 4746 auctus

171 4767 228 4827 est;
255 4764 295 4818 sie
318 4763 347 4817 in
370 4762 465 4833 lapide
488 4762 677 4832 Neapolitano
700 4763 777 4818 lGSl.
795 4770 844 4818 739
867 4762 997 4817 undecim
1020 4762 1094 4818 sacri
1117 4780 1221 4834 agones
1241 4765 1448 4832 enumerantur,

172 4854 291 4905 quorum
310 4835 414 4906 primus
434 4833 596 4904 Olympicus
615 4838 665 4890 est.
