3406 5378
274 319 334 375 ΟΝ
777 315 1053 368 PROLEGOMENA.

274 500 357 569 φασι
381 481 436 547 καλ
462 482 657 566 Σιμωνίδου
680 480 811 562 ἤκουσε,
834 479 992 561 νεώτερος
1014 474 1075 562 μὲν
1098 476 1226 543 ἐκείνου
1250 479 1312 558 ῶν,
1334 479 1556 565 πρεσβύτερος

274 588 309 656 δέ
339 590 559 674 Βακχυλίδου.
611 591 715 653 εἰπεῖν
747 582 783 650 δὲ
816 594 914 650 τοῦτο
946 583 1000 649 καλ
1033 586 1140 662 άλλως
1168 587 1251 650 κατά
1278 589 1357 663 τοὺς
1383 587 1554 669 παλαιούς,

275 696 409 781 ἐπέβαλε
443 696 615 782 Πίνδαρος
650 706 720 770 τοῖς
756 696 888 777 χρόνοις
921 694 1129 777 Σιμωνίδου,
1166 686 1187 780 ᾗ
1221 693 1380 778 νεώτερος
1411 697 1553 777 πρεσβυ-

274 780 381 891 τέρου.
426 815 493 868 τῶν
521 804 632 868 αὐτῶν
661 809 744 884 γοῦν
771 797 953 884 μέμνηνται
980 797 1161 887 άμφότεροι
1188 800 1348 887 πράξεων.
1394 799 1476 864 άλλά
1498 798 1554 865 καὶ

167 890 170 899 ¹
241 911 364 997 οπαρά
388 909 515 997 Ἱέρωνι
542 919 588 998 τῶ
612 910 855 995 Συρακουσίων
882 906 1036 993 τυράννῳ
1064 908 1163 992 άμφω
1192 906 1358 991 ἐγένοντο,
1386 906 1554 992 άποδημήε

274 1035 390 1094 σαντες
413 1018 541 1101 δηλαδὴ
559 1014 639 1081 καθ’
661 1013 792 1099 ἑτέρους
810 1011 865 1078 καί
884 1011 980 1078 αὐτοὶ
999 1017 1127 1099 σοφοὺς
1145 1017 1192 1091 είς
1210 1016 1272 1099 την
1291 1019 1459 1081 Σικελίαν.
1499 1015 1555 1081 καλ

274 1128 340 1211 μην
367 1126 450 1212 πρὸς
476 1126 513 1190 τὸ
538 1125 717 1208 ἱστορηθὲν
740 1131 839 1186 τοῦτο
863 1119 1084 1207 διαφέρεσθαι
1107 1122 1201 1187 δοκεῖ
1221 1123 1257 1186 τὸ
1280 1126 1554 1208 περιφερόμενον·

275 1231 401 1316 λέγεται
429 1232 491 1318 γάρ
521 1232 570 1297 ὅτι
600 1231 771 1316 Πίνδαρος
799 1227 992 1315 ἐρωτηθείς,
1023 1229 1079 1293 διά
1106 1232 1141 1293 τί
1166 1230 1358 1313 Σιμωνίδης
1385 1226 1446 1314 μὶν
1472 1232 1556 1316 πρὸς

275 1342 353 1415 τοὺς
375 1338 561 1423 τυράννους
584 1337 793 1419 ἀπεδήμησεν
815 1338 862 1411 είς
882 1338 1050 1418 Σικελίαν,
1073 1335 1172 1412 αὐτὸς
1196 1333 1232 1401 δέ
1256 1336 1317 1402 οὐκ
1336 1336 1453 1421 ἐθέλει,
1477 1340 1555 1423 ἔφη·

224 1463 255 1511 10
275 1447 379 1511 διότι
402 1437 596 1528 βούλομαί
619 1442 769 1530 ε’μαυτιβ
794 1446 874 1525 ζῆν,
897 1441 966 1506 οὐκ
989 1442 1099 1530 άλλῳ.

365 1549 479 1638 ᾅδεται
501 1548 539 1615 δὲ
561 1547 616 1614 καὶ
640 1551 684 1627 ὡς
707 1550 843 1633 εὐσεβὴς
867 1543 918 1632 ἦν,
942 1559 1046 1633 τιμῶν
1065 1554 1163 1615 Πᾶνα
1187 1548 1241 1616 καὶ
1261 1548 1353 1616 Ῥέαν
1370 1549 1426 1616 καλ
1444 1555 1555 1618 Απόλ-

276 1665 380 1739 λωνα,
408 1655 463 1722 καλ
492 1658 541 1724 ὅτι
569 1658 651 1721 κατὰ
679 1659 739 1740 τὴν
767 1665 826 1721 τοῦ
851 1653 976 1742 Ξέρξου
1005 1656 1161 1741 διάβασιν
1188 1660 1306 1742 ἤκμαζε
1330 1660 1391 1743 τὴν
1413 1658 1555 1742 ἡλικίαν.

276 1768 332 1831 διά
364 1762 400 1830 δὲ
432 1766 469 1830 τὸ
502 1767 664 1849 θεοφιλὴς
696 1764 788 1841 δόξαι
817 1761 872 1828 καλ
899 1773 994 1847 τιμῆς
1021 1767 1148 1849 πολλὴν
1175 1769 1371 1852 περιουσίαν
1397 1769 1492 1851 έσχεν
1520 1766 1556 1832 έν

268 1871 433 1955 Ἓλλησιν.
476 1869 645 1936 Ἀπόλλων
672 1881 756 1955 γοῦν
779 1871 865 1936 οὕτω
889 1868 994 1954 φασὶν
1017 1872 1121 1937 αὐτὸν
1144 1871 1264 1957 ἐφίλει,
1292 1874 1337 1951 ὡς
1359 1871 1415 1938 καλ
1437 1876 1558 1959 μερίδα

223 2000 254 2045 15
275 1978 456 2062 λαμβάνειν
479 1977 515 2042 ἐκ
538 1989 605 2043 τῶν
627 1976 806 2062 θυομένων
829 1975 958 2064 έκείνςο,
986 1975 1041 2041 καλ
1064 1980 1123 2043 τὸν
1147 1979 1235 2063 ἱερέα
1259 1976 1295 2044 δὲ
1318 1983 1403 2064 βοᾶν
1425 1979 1462 2045 έν
1484 1994 1557 2059 ταῖς

273 2089 424 2162 θυσίαις·
449 2086 652 2171 Πίνδαρος
676 2082 737 2171 έτάλ
760 2086 801 2149 τὸ
826 2085 989 2148 δεῖπνον
1011 2094 1061 2172 τῷ
1085 2091 1177 2170 θεῷ·
1201 2083 1295 2168 ἢκαλ
1314 2088 1434 2164 άλλως
1458 2092 1556 2153 Πίν-

244 2242 248 2255 .
275 2194 395 2277 δαρος
424 2197 490 2256 ίτω
520 2190 581 2257 εἰτλ
605 2193 646 2256 τὸ
671 2193 836 2257 δεῖπνον
859 2199 927 2255 τοῦ
951 2197 1058 2256 θεοῦ.
1103 2193 1185 2257 κατὰ
1209 2189 1245 2257 δὲ
1268 2194 1390 2272 άλλονς
1413 2193 1449 2260 έν
1471 2184 1568 2261 Λελ-Ι

275 2312 353 2385 φοῖς
384 2301 506 2364 κλείειν
538 2298 555 2365 6
584 2301 747 2385 νεωκόρος
774 2297 904 2383 μέλλων
930 2299 989 2363 τὸν
1015 2300 1102 2365 νεὼν
1128 2301 1286 2386 κηρύσσει
1313 2299 1393 2366 καθ’
1418 2301 1557 2389 ἡμέραν·

276 2407 479 2493 Πίνδαρος
510 2407 528 2473 6
561 2407 801 2491 μουσοποιὸς
831 2409 980 2490 παρίτω
1008 2409 1105 2492 πρὸς
1131 2409 1173 2473 τὸ
1202 2409 1364 2474 δεῖπνον
1391 2419 1441 2497 τῷ
1468 2416 1558 2497 θεῷ.

222 2533 256 2581 20
275 2513 331 2579 καὶ
358 2515 421 2600 γὰρ
449 2513 486 2578 έν
513 2524 553 2599 τη
580 2525 648 2579 τῶν
676 2518 822 2579 Πυθίων
849 2511 945 2599 ἑορτῇ
973 2511 1152 2598 ἐγεννήθη,
1181 2515 1226 2591 ῶς
1253 2516 1352 2598 δηλοῖ
1375 2514 1431 2580 καλ
1458 2517 1560 2594 αὐτὸς

276 2622 391 2686 εἰπών·
421 2619 686 2706 Πενταετηρλς
718 2618 832 2703 ἑορτά
865 2624 1106 2705 βουπομπός,
1141 2621 1182 2687 έν
1212 2615 1234 2708 ᾗ
1261 2633 1417 2708 πρῶτον
1444 2622 1559 2687 εὐνά-

277 2735 379 2811 σθην
406 2727 603 2810 άγαπατὸς
627 2727 668 2791 έν
690 2727 940 2813 σπαργάνοις.
988 2728 1021 2811 [6¹
1045 2727 1134 2794 ἐστιν
1158 2727 1314 2814 ἐλέχθην,
1342 2729 1387 2806 ῶς
1409 2728 1474 2795 άπὸ
1498 2738 1560 2795 τοῦ

182 2902 191 2925 .
276 2835 377 2921 βάζω,
400 2834 420 2918 ἢ
444 2833 499 2899 καὶ
523 2837 641 2910 ι’ίλλως·
667 2833 831 2917 εὐάσθην,
854 2834 1070 2918 εὐφημήθην,
1093 2835 1139 2912 ῶς
1162 2834 1226 2900 άπὸ
1249 2845 1309 2902 τοῦ
1333 2836 1460 2922 εὐάζω]

367 2941 492 3024 λέγεται
526 2938 561 3005 δὲ
593 2939 649 3005 καλ
682 2941 731 3006 ὅτι
760 2941 778 3005 6
807 2942 883 3005 Πάν
915 2940 1034 3025 μεταξὺ
1063 2946 1278 3029 Κιθαιρῶνος
1304 2942 1360 3009 καλ
1384 2942 1561 3022 Ἑλικῶνος

224 3069 259 3116 *ιε
278 3052 379 3133 ῶφθη
404 3048 496 3135 ᾅδων
518 3057 642 3112 παιᾶνα
667 3048 850 3134 Πινδάρου.
895 3049 948 3113 διὸ
971 3046 1027 3113 καλ
1050 3048 1150 3126 αὐτὸς
1173 3044 1262 3137 ᾆσμα
1286 3050 1448 3135 ἐποίησεν,
1472 3044 1561 3138 ένμλ

278 3157 376 3240 χάριν
407 3155 496 3242 αὐτῷ
529 3163 586 3237 τῆς
618 3162 712 3237 τιμῆς
745 3154 1036 3241 άνθομολογεῖται,
1073 3152 1114 3222 οὗ
1147 3157 1242 3244 άρχη·
1272 3152 1311 3221 Ὦ
1345 3159 1431 3222 Πάν
1463 3158 1561 3241 Πάν,
1616 3212 1621 3221 .

276 3261 480 3348 Ἀρκαδίας
507 3259 656 3345 μεδέων
682 3259 746 3325 καλ
770 3272 923 3345 σεμνῶν
946 3261 1101 3329 άδύτων
1124 3263 1259 3347 φύλαξ.
1305 3276 1344 3351 τῇ
1369 3266 1498 3353 ίστορίμ
1522 3261 1560 3331 δὲ

280 3370 382 3455 ταύτη
405 3380 568 3454 μαρτυρεῖ
587 3366 642 3433 καλ
666 3367 851 3467 έπίγραμμα
874 3371 1017 3434 παλαιὸν
1040 3369 1158 3435 έκεῖνο·

371 3516 577 3597 Νεβρείων
600 3511 745 3578 ὁπόσον
769 3512 933 3595 σάλπιγξ
958 3513 1169 3598 ὑπεριάχεν
1192 3514 1336 3597 αὐλῶν,

227 3637 261 3686 30
414 3622 555 3684 τόσσον
577 3616 673 3703 ὑπὲρ
696 3619 820 3697 πάσας
843 3624 980 3705 έκραγε
1004 3633 1085 3686 σεῖο
1109 3620 1238 3705 χέλυς,

369 3722 459 3790 οὐδὲ
483 3725 607 3810 μάτην
630 3726 794 3803 ἁπαλοῖς
817 3726 904 3814 περὶ
928 3732 1101 3813 χείλεσιν
1125 3726 1241 3813 ἑσμὸς
1264 3729 1415 3807 ἐκεῖνος

414 3836 555 3898 ἔπλασε
578 3835 807 3920 κηρόδετον,
832 3836 1021 3918 Πίνδαρε,
1045 3847 1127 3900 σεῖο
1151 3835 1247 3919 μέλι.

369 3940 517 4026 μάρτυς
539 3942 557 4008 6
582 3941 804 4017 Μαινάλιος
827 3945 978 4028 κερόεις
1002 3945 1093 4020 θεὸς
1117 3942 1242 4027 ὕμνον
1265 3942 1400 4021 άείσας

413 4049 481 4113 τὸν
504 4047 568 4114 σέο
591 4048 655 4114 καλ
677 4052 825 4134 νομίων
849 4051 1065 4135 λησάμενος
1088 4051 1276 4115 δονάκων.

229 4234 261 4278 35
282 4206 368 4289 λέγει
397 4207 432 4272 δὲ
461 4211 497 4274 τὸ
525 4208 711 4295 ἐπίγραμμα
738 4221 836 4295 Ιτοῦτο
865 4214 1035 4298 νεβρειόυς
1062 4208 1122 4294 μλν
1150 4212 1273 4287 αὐλοὺς
1300 4214 1379 4290 τοὺς
1407 4214 1451 4289 ὡς
1474 4216 1574 4292 είκὸς.

282 4312 314 4392 ἐξ
338 4314 462 4380 ὀστέων
486 4315 611 4401 έλάφου
637 4329 781 4401 νεογνης.
828 4321 931 4402 δῆλον
955 4319 1032 4402 γάρ,
1061 4318 1106 4394 ὡς
1128 4321 1246 4403 νεβρὸς
1268 4321 1305 4384 τὸ
1329 4322 1481 4402 νεογιλὸν
1504 4331 1563 4405 τῆς

282 4420 421 4503 ἐλάφου·
455 4423 499 4498 ὡς
531 4420 566 4486 δὲ
596 4423 659 4489 ιἰπὸ
687 4425 806 4490 δνείων
833 4426 955 4505 ὀστῶν,
988 4425 1074 4489 οὕτω
1103 4423 1158 4489 καλ
1186 4425 1249 4490 ἀπὸ
1277 4430 1437 4513 νεβρείων
1463 4426 1562 4493 αὐλοὶ

372 4639 414 4687 21.
439 4634 564 4706 ἐβιάσθην
584 4635 643 4690 οοδ.
669 4667 700 4675 -
725 4643 810 4705 wsq.
835 4636 849 4690 ὃ
874 4636 948 4690 ἐστιν
968 4681 973 4690 .
991 4679 1018 4690 ..
1040 4636 1127 4702 ελάζω
1151 4638 1290 4693 scholium
1314 4642 1357 4693 est
1375 4639 1411 4693 οδ
1432 4637 1562 4711 ἐβάσθην

282 4704 392 4829 ρὲἰμὲολ.
413 4706 548 4776 εὐάσθην.
573 4739 606 4748 -
630 4713 672 4762 31,
695 4708 802 4772 ἁπαλὸς
821 4708 881 4762 cod.
920 4707 1025 4772 ἐκεῖνος
1045 4709 1081 4763 acl
1100 4709 1228 4764 tabulam
1247 4711 1292 4766 vel
1312 4710 1423 4781 siguum
1442 4709 1560 4779 aliquod
