3406 5378
736 294 884 346 PlNDARI
903 293 1069 345 EPINICIA.

480 457 588 539 Ζηνὸς
611 454 740 539 τέχναις
762 455 931 520 ἀνάπωτιν
955 454 1112 539 ἐξαίφνας

480 565 602 629 άντλον
626 560 720 628 ἑλεῖν.
767 567 886 628 κείνων
910 562 939 628 δ’
967 565 1067 627 ἔσσαν

478 670 697 755 χαλκάσπιδες
718 669 871 753 ὑμέτεροι
894 673 1068 754 πρόγονοι,

479 777 627 862 ἀρχᾶθεν
646 775 880 853 Ἰαπετιονίδος
903 779 1030 861 φύτλας

477 893 594 968 κοῦροι
617 893 720 968 κορᾶν
743 881 798 947 καὶ
821 884 993 967 φερτάτων
1016 885 1202 969 Κρονιδᾶν,

524 990 676 1076 ἐγχώριοι
699 994 853 1074 βασιλῆες
876 992 953 1055 αίεί·

477 1167 558 1255 πρὶν
576 1168 752 1253 Ὀλύμπιος
775 1168 906 1253 ἁγεμὼν
1201 1174 1280 1252 Στρ.
1304 1168 1346 1250 γ’.
1384 1184 1418 1232 85

477 1275 617 1361 θύγατρ’
646 1275 709 1340 ἀπὸ
733 1286 793 1359 γᾶς
813 1274 916 1340 Ἐπει-

522 1395 570 1447 ῶν
589 1382 761 1470 Ὀπύςντος
784 1382 990 1468 ἀναρπάσαις
1012 1381 1127 1460 ἕκαλος

477 1494 581 1575 μίχθη
605 1494 848 1555 Μαιναλίαισιν
871 1489 909 1554 ἐν
932 1492 1057 1574 δειραῖς
1079 1488 1134 1554 καὶ
1158 1493 1282 1554 ἔνεικεν

409 1614 414 1629 ·
480 1602 614 1684 Λοκρῷ,
638 1599 681 1681 μὴ
705 1596 843 1662 καθίλοι
866 1621 921 1661 νιν
944 1597 1028 1662 αίὼν
1050 1599 1178 1682 πότμον
1201 1596 1344 1681 ἐφάψαις
1385 1614 1418 1660 oo

477 1704 629 1789 ὀρφανὸν
653 1713 774 1786 γενεᾶς.
821 1707 892 1787 ε”χεν
916 1700 952 1769 δὲ
976 1703 1103 1788 σπίρμα
1126 1703 1281 1788 μέγιστον

478 1813 610 1894 άλοχος,
634 1811 811 1896 εὐφράνθη
835 1834 869 1875 τε
891 1812 997 1875 ίιδὼν
1020 1812 1108 1896 ἥρως
1131 1813 1233 1876 θετὸν
1256 1812 1347 1891 υίόν,
1385 1827 1418 1874 95

478 1919 628 2003 μάτρωος
651 1916 681 1981 δ’
710 1916 864 1982 ἐκάλεσσέ
885 1942 940 1982 νιν

480 2025 649 2108 ἰσώνυμον
672 2027 786 2109 ἔμμεν,

477 2130 670 2217 ὑπέρφατον
693 2133 800 2215 ἄνδρα
822 2142 961 2219 μορ-φᾶ
983 2156 1017 2196 τε
1041 2130 1095 2196 καὶ

478 2242 616 2323 ἔργοισι·
640 2241 752 2303 πόλιν-
777 2237 806 2304 δ’
835 2240 966 2304 ὤπασεν
989 2241 1071 2303 λαόν
1094 2262 1127 2303 τε
1151 2239 1291 2303 διαιτᾶν.
1368 2255 1419 2303 100

478 2417 639 2502 ἀφίκοντο
663 2416 702 2482 δέ
722 2423 775 2482 fos
800 2417 886 2495 ξένοι
1209 2415 1292 2481 Ἀντ
1317 2416 1362 2499 γ’.

478 2528 513 2591 ἔκ
536 2524 565 2589 τ’
581 2523 720 2611 ’Ἄργεος
744 2529 779 2590 ἔκ
802 2549 835 2590 τε
862 2530 925 2608 Θη-

522 2637 601 2716 βᾶν,
625 2635 659 2698 oi
680 2631 712 2697 δ’
736 2632 902 2718 Ἀρκάδες,
927 2633 962 2697 oi
983 2628 1018 2696 δὲ
1042 2629 1097 2696 καὶ
1121 2635 1279 2695 Πισᾶται·

337 2832 379 2882 52.
404 2826 550 2882 ἀνάπωτιν
570 2826 668 2881 Trici:
694 2825 821 2895 άμπωτιν
839 2826 960 2881 ABOD
979 2857 1011 2865 -
1037 2830 1077 2879 53.
1103 2821 1242 2878 κάκείνων
1261 2825 1288 2879 Α
1308 2855 1339 2864 -
1361 2824 1444 2878 ἔσσαν
1462 2825 1546 2897 Rapa:

265 2897 332 2952 ἔσαν
352 2898 484 2963 ABCD,
510 2898 544 2966 δὴ
567 2896 631 2951 ’σαν
654 2896 747 2965 Bergk
771 2928 804 2935 -
829 2901 870 2950 55.
898 2897 1086 2959 λαπετιονιδος
1109 2896 1148 2950 E:
1174 2894 1369 2959 ἐαπετεονίδος
1392 2898 1487 2964 (-ιδεις
1506 2896 1545 2962 D)

265 2971 325 3024 AB
333 2970 388 3024 OD
414 3001 446 3008 -
473 2975 515 3023 56.
543 2977 631 3035 κορᾶν
659 2968 742 3038 Βμι.ι
772 2978 877 3035 κουρᾶν
905 2968 1039 3035 ΑΒΟΙ),
1067 2965 1159 3036 κόρων
1187 2967 1257 3021 coni.
1282 2967 1406 3021 Jurenka
1435 2998 1467 3007 —
1497 2969 1546 3021 καλ

265 3040 401 3094 ABOD:
431 3059 459 3093 τε
484 3039 588 3093 Mosch.
613 3070 648 3079 —
672 3037 817 3108 φερτάτων
841 3039 934 3094 codd:
963 3038 1103 3108 φερτάτου
1127 3039 1198 3094 coni.
1218 3039 1329 3092 Homan
1348 3071 1381 3078 -
1400 3040 1546 3106 Κρονιδᾶν

266 3111 346 3165 codd.
366 3113 396 3164 et
419 3110 517 3166 schol:
539 3109 665 3179 Λελέγων
690 3110 760 3165 coni.
784 3111 926 3164 Hermann
953 3128 1046 3180 opusc.
1061 3129 1110 3163 vni
1130 3128 1168 3165 ιιι
1194 3142 1227 3150 -
1254 3115 1297 3165 58.
1323 3108 1460 3180 θυγατέρ’
1482 3110 1544 3173 ΑΟ,

264 3181 317 3237 τὰν
330 3180 412 3236 παῖδ’
428 3181 511 3236 Tricl.
528 3215 560 3222 -
576 3181 641 3248 ἁρπ.
658 3184 684 3236 A
699 3213 734 3221 -
749 3188 790 3237 60.
807 3180 955 3253 καθέλοιμι
970 3182 1007 3236 αλ.
1019 3181 1122 3236 lemma
1134 3181 1164 3235 in
1174 3184 1201 3236 A
1216 3214 1249 3222 -
1265 3187 1306 3235 61.
1324 3179 1403 3253 ἔσχεν
1419 3182 1490 3253 (ἔσχε
1506 3182 1547 3252 D)

267 3255 322 3308 01)
341 3286 373 3293 —-
394 3259 436 3308 66.
457 3253 618 3323 ὑπέρφατον
637 3255 665 3307 Α
685 3286 717 3293 —-
738 3258 779 3308 68,
800 3255 847 3308 καὶ
867 3271 919 3309 om.
940 3254 969 3308 D
988 3286 1020 3294 -

336 3401 378 3450 53.
394 3393 506 3451 κείνων·
523 3395 631 3450 abillis
646 3395 765 3465 oriundi,
781 3396 912 3450 nimirum
926 3416 942 3451 a
957 3396 1127 3451 Deucalione
1143 3401 1171 3450 et
1185 3396 1293 3465 Pyrrha
1307 3428 1342 3436 -
1356 3402 1398 3449 55.
1412 3393 1545 3449 Ἰαπετιο-

266 3464 342 3531 νίδος
352 3468 458 3538 φύτλας
468 3467 606 3548 coniungo
614 3484 677 3521 cum
688 3476 789 3536 κορᾶν·
800 3469 891 3538 Iapeti
902 3469 974 3522 enim
985 3468 1059 3522 filius
1067 3469 1249 3522 Prometheus
1260 3471 1321 3521 erat
1332 3472 1368 3536 (v.
1377 3467 1440 3521 Hes.
1449 3467 1544 3536 theog.

264 3545 325 3607 oro),
344 3556 377 3593 ex
394 3556 449 3607 quo
464 3539 663 3594 Deucalionem
679 3543 848 3610 prognatum
866 3557 925 3594 esse
943 3538 1128 3609 Apollodorus
1142 3559 1152 3591 1
1166 3557 1192 3594 ιιι
1206 3539 1300 3608 refert,
1315 3556 1349 3593 ex
1363 3539 1416 3593 hoc
1431 3538 1440 3591 i
1461 3555 1500 3606 so,
1515 3537 1544 3591 ni

264 3610 358 3675 fallor,
375 3610 436 3664 loeo
455 3610 597 3692 profectus
616 3643 651 3650 -
670 3617 712 3666 56.
732 3620 821 3679 κορᾶν
840 3612 888 3665 καὶ
907 3609 1053 3679 φερτάτων
1072 3612 1228 3677 Κρονιδᾶν·
1250 3610 1404 3665 scholiasta
1423 3557 1545 3680 plurales

265 3699 316 3751 pro
332 3681 521 3752 singularibus
537 3686 685 3751 usurpatos
705 3699 766 3737 esse
786 3683 875 3746 dueit;
896 3699 992 3736 rerum
1005 3698 1061 3734 non
1077 3680 1166 3734 solum
1181 3682 1299 3735 Locrum
1313 3681 1434 3752 primum
1449 3697 1466 3733 a
1480 3681 1546 3734 lore

265 3770 298 3807 ex
318 3752 496 3823 Protogenia,
514 3753 694 3808 Deucalionis
708 3752 776 3822 filia,
792 3756 885 3807 satum
900 3769 959 3807 esse
974 3756 1058 3822 poeta
1074 3752 1150 3820 dicit,
1166 3753 1214 3806 sed
1231 3770 1326 3806 omnes
1341 3769 1421 3821 reges
1436 3755 1544 3806 veteres

264 3824 415 3879 Locrorum
434 3842 451 3879 a
470 3824 525 3879 diis
545 3829 573 3879 et
592 3825 713 3879 heroinis
737 3842 770 3878 ex
795 3824 882 3894 stirpe
906 3823 996 3894 Iapeti
1020 3823 1157 3893 originem
1176 3824 1295 3877 traxisse
1315 3821 1468 3893 significat,
1488 3840 1545 3891 qua

265 3896 294 3950 in
314 3913 343 3950 re
363 3896 435 3950 illud
454 3913 565 3965 quoque
591 3896 743 3951 tenendum
768 3899 827 3963 est,
854 3895 928 3964 quod
955 3895 1059 3949 Loerae
1084 3899 1182 3964 gentes
1202 3894 1311 3949 nobiles
1331 3912 1348 3948 a
1367 3897 1470 3963 matre,
1489 3911 1546 3947 non

264 3971 346 4039 patre
365 3967 547 4022 nobilitatem
566 3967 682 4054 originis
702 3966 878 4033 derivarunt3
898 3985 922 4020 v.
940 3967 976 4020 ad
995 3967 1150 4021 Ruso-
1169 3972 1211 4021 56.
1230 3964 1297 4035 πρίν
1316 3965 1388 4020 refer
1407 3966 1442 4019 ad
1464 3966 1545 4035 ἐγχώ-

265 4059 321 4109 ριοι
340 4059 365 4094 v.
380 4057 406 4093 oo
426 4072 460 4079 -
480 4045 521 4093 οἳ.
548 4037 679 4108 θύγατρ’.
718 4038 743 4092 ei
770 4055 870 4093 nomen
894 4037 1080 4107 Protogeniae
1105 4037 1191 4092 fuisse
1215 4037 1324 4092 scholia
1347 4038 1383 4091 ad
1404 4056 1428 4092 r.
1445 4054 1470 4091 ιιι
1489 4040 1545 4090 tra·

265 4111 344 4177 dunt,
360 4110 433 4164 unde
448 4110 584 4164 maiorem
599 4113 628 4163 et
642 4109 777 4164 minorem
791 4109 989 4178 Protogeniam
1005 4109 1161 4163 Boeckhius
1177 4109 1319 4176 distinxit3
1335 4113 1365 4162 at
1379 4107 1546 4162 Aristoteles

266 4181 363 4249 (schol.
383 4182 428 4235 ad.
450 4201 472 4235 v.
493 4199 519 4234 ιιι
547 4183 576 4235 et
603 4180 678 4237 Plut.
703 4183 810 4250 quaest.
831 4182 928 4235 Graec.
951 4183 984 4249 rs)
1013 4180 1168 4249 Cambysae
1195 4198 1298 4234 nomen
1326 4181 1352 4234 ei
1380 4179 1485 4233 indidit
1511 4212 1546 4219 —

266 4258 307 4306 58.
325 4251 446 4306 Ἐπειῶν
463 4250 620 4314 Ὀπόεντος·
641 4253 675 4306 de
695 4251 785 4306 Elidis
804 4252 908 4322 oppido
928 4252 1038 4321 Opunte
1052 4271 1078 4306 τ’.
1094 4252 1185 4307 Strab.
1200 4272 1228 4304 rx
1246 4272 1272 4322 p.
1288 4268 1336 4319 aaa,
1355 4251 1546 4318 Diod.x1v11‚

267 4324 363 4392 steph.
383 4323 448 4392 Byz.
469 4341 489 4376 s.
510 4342 534 4377 τ.
553 4320 667 4386 Όπόεις.
705 4323 843 4377 Fabulam
869 4325 942 4377 hano
966 4341 1029 4377 eum
1054 4326 1146 4378 vetere
1166 4323 1333 4377 commercio
1351 4322 1425 4377 inter
1443 4323 1546 4376 Locros

266 4394 405 4463 Opuntius
424 4399 453 4448 et
472 4393 583 4448 Elidem
602 4395 749 4448 cohaerere
768 4396 851 4449 doeet
869 4394 1018 4461 Luebbert‚
1040 4394 1081 4449 De
1100 4394 1221 4448 Pindaro
1240 4395 1389 4448 Locrorum
1410 4393 1545 4463 Opuntio-

265 4484 326 4519 rum
346 4464 437 4518 amico
456 4468 485 4518 et
503 4468 622 4534 patrono
636 4485 663 4535 p.
681 4484 716 4530 ιι;
738 4467 772 4520 ef.
788 4465 859 4520 Prol.
877 4486 938 4520 cxvi
959 4498 990 4505 -
1012 4472 1054 4519 63.
1074 4465 1212 4535 μάτρωος,
1232 4466 1360 4535 (biantis,
1380 4464 1428 4533 qui
1448 4464 1546 4518 matris

265 4539 346 4608 pater
372 4539 446 4601 erat3
473 4554 563 4605 neque
590 4537 664 4591 enirn
691 4538 791 4591 fratres
818 4537 916 4591 matria
943 4536 1008 4605 soli,
1036 4537 1084 4590 aed
1104 4536 1189 4591 etium
1209 4537 1295 4591 ceteri
1315 4536 1374 4590 eiua
1394 4535 1508 4607 cognati
1528 4554 1546 4589 a

265 4608 397 4676 Pindaro,
418 4611 448 4661 ut
467 4608 503 4661 ab
523 4608 652 4676 Homero,
671 4607 797 4678 μάτρωες
815 4608 995 4691 appellantur
1013 4640 1048 4647 -
1068 4613 1109 4662 67.
1130 4608 1545 4678 ‹·.‹mcurs11h0spitumexom-

266 4679 350 4734 nibus
370 4679 531 4750 regionibus
552 4682 692 4749 Opuntem
711 4681 911 4735 confluentium
934 4678 1054 4750 gloriam
1077 4679 1151 4751 regis
1171 4679 1291 4749 Opuntia
1311 4678 1443 4733 similiter
1460 4682 1547 4748 poeta

264 4751 390 4805 illustrat
409 4756 494 4820 atque
513 4750 600 4806 Aeaei
619 4752 694 4822 regis
713 4751 839 4822 Aeginae
859 4751 892 4807 N.
908 4770 956 4804 viu
974 4768 997 4805 ιι
1019 4784 1051 4791 -
