3406 5378
280 355 331 416 XX
779 364 1057 416 PROLEGOMENA.

280 525 343 589 nisi
367 526 454 590 vices
476 526 642 610 legitimae
667 526 731 590 alio
755 526 851 590 modo
875 525 1136 609 restituerentu13
1159 526 1221 591 hoc
1245 531 1354 591 autem
1373 548 1438 590 non
1458 547 1559 608 pausa

280 632 450 697 interiecta
477 633 561 716 fieri,
589 634 644 696 sed
672 633 771 718 longa
796 633 844 697 ita
866 637 1046 717 protracta,
1072 637 1110 696 ut
1133 633 1233 698 arsim
1256 634 1416 717 simulque
1439 632 1558 696 thesim

280 740 421 823 expleat,
444 739 477 802 in
502 739 607 823 capite
631 740 669 802 dc
693 738 835 803 numeris
860 762 1027 824 exponam.

368 845 458 910 Haec
482 846 545 910 duo
570 867 689 931 genera
711 869 862 911 versuum
888 851 923 910 ut
945 847 1132 912 nominibus
1156 848 1408 934 distinguamus
1432 846 1556 931 priores

280 959 387 1018 rectos
412 948 582 1038 (ὀρθούς),
606 952 726 1016 alteros
746 952 895 1037 obliquos
916 953 1102 1039 (ὃοχμίους,
1126 953 1277 1040 ὑπτίους)
1302 955 1453 1037 dicimus,
1476 976 1557 1037 quac

280 1060 410 1144 quidem
438 1059 571 1123 nomina
599 1080 795 1142 quamquam
822 1059 888 1123 iam
915 1059 950 1123 in
977 1060 1075 1124 simili
1104 1083 1164 1125 usu
1194 1062 1279 1144 apud
1305 1066 1430 1124 veteres
1454 1082 1558 1146 gram·

279 1166 416 1231 maticos
439 1166 543 1249 fuere,
565 1170 675 1230 tamen
698 1167 739 1232 ab
762 1167 818 1251 iis,
841 1189 915 1232 cum
937 1166 1021 1230 hanc
1043 1172 1171 1251 partem
1189 1167 1269 1230 artis
1289 1167 1441 1231 metricae
1459 1167 1556 1231 nimis

279 1274 503 1359 neglegerent,
535 1273 575 1337 ad
607 1273 687 1338 haec
717 1296 836 1360 genera
862 1296 1013 1339 versuum
1042 1274 1270 1358 distinguenda
1296 1274 1440 1338 nondum
1468 1296 1558 1338 usur-

279 1384 357 1463 pata
372 1385 464 1444 sunt.
501 1379 585 1444 Tota
608 1385 717 1444 autem
740 1380 820 1444 haec
844 1403 894 1444 res
919 1402 992 1444 cum
1015 1384 1133 1444 natura
1158 1380 1186 1443 si
1210 1380 1317 1444 miuus
1341 1381 1499 1464 omnium,
1524 1386 1558 1444 at

279 1490 389 1551 tamen
421 1487 648 1571 plerorumque
682 1510 832 1551 versuum
861 1486 1020 1552 cohaeret.
1068 1487 1161 1563 Quod
1189 1487 1275 1551 enim
1304 1510 1401 1570 supra
1428 1508 1556 1550 versum

280 1592 484 1657 definivimus
508 1592 653 1657 ordinem
676 1593 897 1676 rhythmicum
925 1593 1087 1658 continuis
1113 1594 1256 1658 numeris
1280 1594 1501 1658 decurrentem
1526 1598 1558 1655 et

280 1721 382 1782 pausa
403 1699 547 1783 finitum,
572 1698 634 1763 hoc
658 1699 803 1762 omnium
826 1722 976 1764 versuum
1000 1722 1170 1765 commune
1194 1705 1256 1784 est3
1279 1700 1423 1784 plerique
1448 1704 1556 1763 autem

280 1811 396 1891 poetae
429 1810 462 1870 ct
493 1806 633 1870 artifices
666 1807 804 1870 alterum
832 1807 968 1892 addunt,
1000 1830 1128 1871 versum
1161 1829 1200 1871 ex
1227 1807 1374 1891 pluribus
1402 1806 1556 1869 membris

280 1918 429 1977 constare
453 1917 486 1976 et
510 1935 580 1976 eam
605 1935 674 1977 esse
698 1935 810 1978 versus
833 1914 913 1998 vim,
942 1919 978 1978 ut
1006 1915 1100 1999 plura
1122 1913 1202 1978 haec
1225 1913 1371 1977 membra
1394 1912 1461 1976 sive
1485 1912 1558 1976 cola

281 2018 321 2082 ad
349 2018 509 2083 unitatem
536 2018 632 2082 unius
661 2020 805 2103 corporis
834 2020 1020 2106 coniungat.
1065 2021 1174 2103 Atque
1201 2019 1366 2084 notissimi
1392 2024 1425 2083 ct
1448 2018 1561 2083 crebro

282 2148 342 2191 usu
362 2125 455 2210 quasi
473 2126 590 2191 sanciti
610 2148 735 2210 versus,
757 2131 796 2190 ut
814 2126 994 2192 hexametri
1013 2127 1179 2212 dactylici,
1202 2127 1385 2191 tetrametri
1404 2125 1561 2191 trochaici

280 2238 313 2298 et
336 2233 548 2318 anapaestici,
571 2233 767 2316 pentametri
789 2233 938 2319 elegiaci,
961 2233 1180 2319 Asclepiadei,
1203 2231 1350 2318 Sotadei,
1376 2232 1561 2317 Galliambi,

280 2361 392 2404 omnes
415 2362 454 2404 ex
476 2338 562 2403 binis
587 2338 667 2403 colis
696 2345 861 2425 constant,
888 2345 926 2404 ut
955 2347 1071 2426 sponte
1095 2363 1129 2406 se
1154 2341 1269 2405 offerat
1292 2340 1453 2424 quaestiO,
1481 2362 1559 2403 num

280 2445 438 2512 Pindarus
462 2444 544 2509 alios
568 2467 666 2528 quam
690 2445 745 2529 qui
768 2469 807 2510 ex
826 2448 952 2512 duobus
971 2448 1159 2533 pluribusve
1179 2448 1258 2513 colis
1279 2452 1429 2512 constent
1448 2468 1560 2511 versus

280 2553 474 2638 probaverit.
521 2549 585 2617 Sed
612 2552 651 2617 de
679 2552 731 2616 his
764 2553 860 2617 rebus
889 2555 996 2638 aptius
1024 2554 1123 2638 infra,
1156 2555 1183 2619 si
1210 2555 1250 2618 ad
1274 2554 1499 2638 quaestionem
1522 2553 1560 2615 de

279 2659 502 2746 magnitudine
526 2681 639 2723 versus
662 2664 695 2723 et
719 2660 757 2724 de
781 2659 861 2724 colis
884 2683 1035 2725 versuum
1059 2661 1255 2744 venerimus,
1279 2661 1483 2724 disseremus.

370 2767 425 2830 De
448 2770 649 2831 structura
671 2787 856 2831 versuum.
893 2766 1026 2832 Iudiciis
1049 2767 1167 2851 quibus
1190 2790 1303 2832 versus
1327 2769 1407 2831 fines
1427 2767 1560 2831 circum-

281 2874 467 2939 scribantur
498 2873 655 2956 expositis
687 2873 726 2936 de
756 2875 863 2957 specie
890 2896 1002 2938 versus
1030 2874 1103 2959 ipsa
1128 2874 1224 2939 nobis
1252 2873 1474 2939 disserendum
1502 2878 1562 2956 est,

280 2986 318 3045 ut
346 2980 456 3066 quales
485 2979 613 3043 ordines
640 2979 818 3063 rhythmici
850 2980 980 3045 nomine
1013 3003 1125 3046 versus
1152 3004 1226 3046 rere
1254 2981 1344 3067 digni
1373 2981 1440 3046 sint
1468 2980 1560 3043 iutel-

280 3088 435 3173 legamus.
482 3086 590 3171 Atque
619 3091 695 3151 sunt
724 3087 856 3170 quidam
881 3086 1011 3153 ordines
1033 3087 1224 3172 rhythmici,
1251 3089 1369 3172 quibus
1392 3088 1465 3173 ipsa
1488 3110 1562 3152 con-

280 3194 464 3259 firmatione
488 3194 610 3257 ordinis
634 3194 728 3280 signa
750 3194 829 3258 iusti
853 3198 886 3258 et
908 3195 1044 3279 perfecti
1068 3217 1180 3259 versus
1202 3195 1362 3280 impressa
1385 3195 1459 3261 siut.
1507 3194 1559 3259 Sic

280 3322 392 3365 versus
415 3298 450 3364 P.
470 3319 508 3364 111
532 3305 587 3364 str.
607 3302 628 3365 5
651 3305 684 3365 et
707 3302 795 3385 ep.3

680 3417 1161 3458 Ao--=w-w--=ou

281 3537 355 3581 oum
388 3514 494 3579 media
520 3536 596 3598 pars
625 3512 785 3596 dactylica
812 3514 975 3597 utrimque
1003 3514 1144 3597 epitritis
1173 3513 1371 3579 circumdata
1400 3514 1457 3598 sit,
1487 3515 1559 3597 ipsa

282 3620 500 3687 concinnitate
529 3620 776 3705 compositionis
803 3621 966 3705 perlectus
990 3624 1023 3683 et
1044 3620 1080 3683 in
1103 3642 1137 3684 se
1160 3621 1319 3684 rotundus
1343 3642 1414 3685 esse
1437 3620 1559 3684 intelle-

281 3728 378 3813 gitur.
424 3727 514 3792 ldem
537 3728 624 3793 valet
647 3728 684 3792 de
708 3750 804 3794 versu
826 3729 851 3793 I.
870 3728 960 3794 vni)

449 3863 1376 3904 2-*ou-o-02ou-o-o{memoramur

282 3959 373 4024 cuius
401 3982 513 4025 versus
541 3960 646 4025 media
669 3982 745 4045 pars
769 3983 808 4024 ex
831 3961 937 4025 tribus
960 3959 1041 4025 colis
1064 3958 1263 4045 logaoedicis
1287 3959 1448 4025 similibus
1474 3982 1561 4024 conr·

280 4067 389 4152 posita
416 4067 564 4152 quamvis
590 4088 657 4130 non
685 4067 817 4149 paribus
844 4068 980 4152 pedibus
1005 4066 1169 4152 utrimque
1192 4066 1423 4153 circumdetur,
1450 4072 1560 4131 tamen

281 4173 403 4258 optime
436 4196 456 4236 a
488 4173 579 4258 gravi
612 4173 684 4238 basi
715 4174 889 4258 spondaica
915 4173 1081 4239 inducitur
1108 4178 1141 4237 et
1168 4173 1203 4236 in
1231 4173 1361 4238 sedatos
1389 4174 1559 4240 trochaeos

279 4301 451 4344 numerose
475 4280 623 4344 excurrit.

369 4386 475 4450 Multo
504 4386 632 4471 saepius
660 4409 771 4452 versus
800 4388 870 4453 solo
901 4388 989 4452 exitu
1018 4387 1171 4452 definitur
1196 4392 1230 4452 et
1253 4389 1293 4453 ad
1315 4388 1439 4452 iustum
1461 4388 1558 4451 finem

281 4493 457 4559 deducitur.
505 4495 612 4581 Atque
639 4495 702 4559 hoc
729 4494 870 4579 primum
898 4495 949 4577 fit,
977 4494 1004 4559 si
1032 4498 1108 4577 post
1135 4495 1215 4559 duas
1240 4495 1389 4580 pluresve
1413 4494 1558 4577 dipodius

313 4600 322 4615 ‘
368 4600 422 4665 dia
443 4600 553 4686 posita
575 4605 639 4685 est,
661 4601 751 4666 velut

441 4735 1190 4777 .ἴ.υ-υὺαυ-υ;“υ-υ.·.υυ1-,ἰν-υἱ)
1247 4702 1400 4794 (Ο-Ῑθ),

442 4843 923 4885 ἕ.ῦ.υιυυ-ῦ-ἑυυ-υ“-’
977 4812 1158 4905 (N.IV5),
