3406 5378
542 391 576 444 11.
606 393 655 441 DE
673 392 768 442 ARTE
786 393 947 445 Menalca
965 394 1122 447 PlNDARI.
1382 391 1473 446 XXIII

192 552 270 636 quid
297 552 557 618 dubitationibus
584 553 657 618 istis
686 555 881 639 respondeas
906 540 973 620 non
995 577 1128 640 prorsus
1152 555 1213 620 tibi
1238 556 1472 641 desperandum

192 666 255 744 est3
286 660 364 725 licet
392 660 478 726 enim
505 683 572 725 non
600 683 754 747 magnum
783 663 948 747 quiddam,
981 662 1104 747 aliquid
1136 667 1246 727 tamen
1276 663 1471 729 discriminis

190 767 364 833 intercedit
385 766 471 832 inter
495 768 623 832 ordines
648 767 728 833 duos
751 767 955 851 rhythmicos
979 773 1209 835 concatenatos

568 876 1091 927 ‡-o-ot.2o-oo-!ll

191 944 373 1011 etsolutos

506 1035 777 1086 L-o-o!ll
885 1035 1155 1089 sso-oo.ull.

279 1140 357 1206 Plus
379 1143 480 1206 habet
499 1141 700 1227 offensionis,
723 1142 751 1205 si
771 1142 834 1206 duo
852 1165 978 1226 versuo,
1001 1143 1086 1206 inter
1105 1163 1187 1225 quos
1206 1142 1288 1206 nihil
1306 1142 1470 1209 intervalli

190 1249 362 1315 intercedit
391 1255 424 1314 et
450 1271 571 1334 pausae
598 1250 704 1333 locus,
736 1248 763 1313 si
792 1249 963 1314 metricum
992 1249 1137 1314 ordinem
1166 1253 1307 1333 spectas,
1339 1249 1471 1316 relictus

192 1361 242 1421 est
263 1356 387 1437 nullus,
414 1358 448 1421 in
472 1356 568 1421 unius
592 1362 702 1422 tamen
724 1356 849 1441 periodi
873 1358 1063 1421 societatem
1087 1355 1377 1440 comprehendendi
1401 1379 1471 1422 esse

190 1461 348 1526 videntur.
373 1461 446 1527 Hoc
460 1467 571 1528 autem
585 1485 658 1528 cum
673 1462 785 1527 multis
800 1462 873 1527 aliis
887 1462 968 1528 locis
982 1463 1105 1527 factum
1120 1468 1171 1527 est
1184 1468 1254 1527 tum
1269 1462 1305 1528 Ο.
1320 1481 1370 1527 vn
1384 1465 1472 1529 2-4

190 1872 270 1948 Quis
293 1872 379 1937 enim
403 1873 513 1937 credat
536 1871 571 1934 in
595 1872 664 1936 odis
688 1871 1027 1957 dactylo-epitriticis,
1050 1894 1187 1956 quarum
1210 1873 1353 1958 gravitas
1374 1897 1471 1957 quam

189 1981 328 2044 maxime
352 2003 371 2044 a
393 1979 468 2044 lusu
490 1978 723 2043 versiculorum
746 1977 954 2043 Aeolicorum
978 1979 1145 2063 abhorret,
1167 1984 1298 2064 poetam
1322 1980 1378 2043 uni
1398 1981 1472 2063 pedi

184 2087 317 2172 epitrito
350 2086 416 2150 vim
448 2086 535 2170 pleni
573 2090 606 2150 et
637 2085 772 2171 perlecti
807 2108 919 2150 versus
952 2085 1129 2150 tribuisse?
1180 2085 1286 2150 Immo
1320 2090 1386 2151 tres
1421 2087 1471 2151 illi

187 2216 298 2260 versus
330 2193 474 2257 numeris
505 2193 679 2257 cohaerent
707 2199 740 2257 et
768 2198 877 2278 partes
905 2192 1001 2257 unius
1029 2214 1181 2277 procerae
1210 2190 1471 2280 (σχοινοτενοῦς)

186 2301 311 2386 periodi
343 2299 546 2384 rhythmicae
579 2304 664 2364 sunt.
712 2300 783 2364 Hoc
812 2305 920 2364 autem
947 2300 995 2365 ita
1024 2304 1152 2363 tantum
1185 2299 1256 2364 fieri
1288 2299 1409 2384 potuit,
1442 2300 1470 2364 si

186 2431 288 2493 pausa
315 2407 401 2472 inter
429 2429 558 2472 versum
582 2408 757 2471 secundum
781 2411 814 2470 et
837 2406 982 2490 tertium,
1011 2407 1145 2471 tertium
1169 2411 1202 2470 et
1226 2411 1379 2490 quartum
1402 2429 1472 2491 per-

188 2515 305 2600 exigua
332 2513 409 2598 fuit,
435 2519 472 2577 ut
497 2513 644 2597 quamvis
667 2512 794 2577 hiatum
818 2517 999 2597 excusaret,
1027 2518 1137 2577 tamen
1159 2535 1369 2578 numerorum
1394 2534 1471 2578 con-

188 2621 374 2686 tinuitatem
393 2642 459 2684 non
478 2620 658 2705 impediret.
689 2619 796 2695 Quid?
815 2619 900 2702 quod
920 2641 984 2683 non
1004 2620 1110 2685 solum
1125 2621 1290 2686 anacrusis
1305 2620 1470 2704 sequentis

186 2750 298 2793 versus
322 2749 417 2812 saepe
440 2726 666 2812 imperfectum
690 2725 842 2790 ultimum
866 2725 979 2808 pedem
1004 2727 1224 2791 antecedentis
1249 2748 1360 2791 versus
1384 2748 1471 2791 com-

186 2836 267 2921 plet,
290 2839 328 2899 ut
351 2833 387 2899 Ο.
406 2851 470 2898 vm
491 2834 577 2897 1-2

187 3137 243 3202 sed
275 3137 374 3203 etiam
401 3158 646 3222 nonnumquam
674 3140 765 3201 totus
792 3135 916 3220 primus
945 3158 1015 3220 pes,
1045 3136 1123 3221 quin
1152 3137 1251 3202 etiam
1279 3138 1343 3202 duo
1371 3136 1468 3221 prImi

186 3245 283 3330 pedes
307 3244 472 3329 sequentis
496 3266 608 3309 versus
631 3244 785 3328 rhythmo
806 3243 841 3308 in
859 3244 923 3308 fine
943 3243 1163 3309 antecedentis
1182 3266 1294 3309 versus
1312 3243 1467 3310 inchoato

186 3349 323 3415 addendi
346 3371 416 3415 esse
439 3351 604 3435 videntur,
626 3355 664 3415 ut
688 3349 723 3415 Ο.
743 3368 806 3414 vm
824 3352 912 3415 5-6

186 3658 220 3717 et
242 3652 393 3720 similiter
416 3651 521 3716 O.V11
545 3657 601 3717 str.
620 3654 721 3738 5-6,
744 3673 793 3738 ep.
812 3653 908 3718 5-6.
932 3669 996 3716 xm
1019 3675 1066 3737 ep.
1086 3653 1182 3717 5-6.
1210 3650 1246 3716 P.
1265 3670 1277 3716 1
1301 3675 1349 3738 ep.
1371 3655 1467 3719 7-8.

184 3777 220 3823 vl
235 3761 332 3825 6-7.
350 3777 414 3823 vm
428 3760 524 3824 4-5.
544 3777 581 3824 1x
595 3761 690 3825 2-3.
714 3758 755 3823 N.
765 3776 828 3823 vm
847 3782 894 3843 ep.
906 3760 1002 3824 2-3.
1034 3759 1158 3834 Quibus
1172 3757 1319 3823 versibus
1334 3759 1467 3845 cognati

185 3871 261 3931 sunt
282 3867 320 3951 ii,
344 3867 400 3950 qui
425 3888 498 3931 cum
523 3867 714 3932 antecedens
737 3888 849 3931 versus
872 3865 1080 3931 acatalectico
1105 3864 1295 3949 excurrerit,
1318 3865 1382 3950 ipsi
1407 3888 1466 3930 suo

185 3974 291 4059 capite
315 3974 422 4039 orbati
446 3979 537 4060 sunt,
558 3979 597 4039 ut
619 3972 654 4038 P.
673 3990 709 4036 vl
731 3975 816 4038 1-2

583 4107 726 4148 υὲυῑ-
762 4116 1067 4148 war-uuas)..-

615 4187 865 4238 Λυ-υιυυ-

185 4294 271 4360 Nam
288 4293 406 4360 horum
424 4316 553 4379 quoque
571 4316 724 4359 versuum
741 4294 847 4359 forma
864 4293 938 4357 inde
959 4291 1149 4378 explicanda
1168 4298 1231 4379 est,
1250 4292 1337 4376 quod
1352 4315 1465 4358 versus

184 4403 248 4468 duo
271 4401 461 4486 arctissime,
485 4406 652 4486 tamquam
676 4401 746 4466 cola
765 4401 861 4466 unius
879 4399 1004 4485 periodi
1024 4399 1100 4485 sint,
1121 4400 1207 4465 inter
1226 4422 1260 4465 so
1279 4399 1464 4466 cohaerent

271 4508 372 4574 Vides
409 4531 461 4572 me
497 4531 565 4574 uon
601 4509 831 4576 circulatorum
869 4529 956 4571 more
994 4506 1202 4592 tergiversari
1240 4528 1344 4590 neque
1381 4507 1462 4572 diffi-

182 4617 335 4699 cultates,
359 4614 476 4699 quibus
501 4615 727 4682 Bocchhianac
750 4615 893 4680 rationes
916 4619 1122 4699 premuntur,
1145 4613 1269 4679 elevare
1295 4615 1345 4680 vel
1370 4615 1464 4681 silen-

182 4724 229 4789 tio
254 4724 416 4808 obtegere.
461 4721 552 4787 Idem
579 4727 690 4787 tamen
716 4745 783 4787 non
810 4721 937 4804 dubito,
966 4721 1045 4806 quin
1073 4725 1195 4785 rectam
1218 4720 1305 4785 viam
1328 4720 1378 4786 vir
1401 4722 1463 4787 ola-

181 4831 331 4897 rissimua
352 4828 472 4894 inierit.
518 4827 616 4894 Modo
642 4829 837 4915 supplendae
861 4827 929 4893 eius
952 4829 1096 4893 rationes
1120 4833 1210 4913 sunt,
1239 4832 1277 4893 ut
1300 4829 1462 4911 quomodo
