3406 5378
740 282 889 335 Pluosal
907 281 1074 332 EPINICIA.

480 449 568 511 Δίκα
590 444 800 532 παρέσ-τακε·
823 449 915 508 θεῶν
938 440 970 506 δ’
995 443 1074 507 όπιν

480 556 628 637 ἄφθιτον
651 549 747 640 αίτέῳ

526 659 703 744 Ξέναρκες,
726 655 898 743 ὑμετέραις
920 656 1042 739 τύχαις.

481 769 512 830 εί
533 767 596 852 γάρ
620 790 670 843 τις
692 765 770 830 ἐσλά
792 763 933 829 πέπαται

526 875 570 958 μὴ
594 875 657 938 σὺν
680 882 794 960 μακρῷ
817 873 924 958 πόνῳ,

479 986 616 1057 πολλοῖς
639 981 744 1065 σοφὸς
767 980 860 1044 δοκεῖ
880 975 952 1043 πεδ’
979 977 1138 1063 ἀφρόνων

429 1158 462 1206 ιο
480 1145 556 1226 βίον
579 1139 782 1227 κορυσσέμεν
805 1139 970 1223 ὀρθοβού-

527 1254 614 1314 λοισι
637 1259 814 1332 μαχαναῖς·

481 1356 522 1421 τά
545 1353 577 1420 δ’
603 1355 664 1420 οὐκ
688 1352 738 1419 ἐπ’
764 1353 905 1438 ἀνδράσι
929 1364 1045 1417 κεῖται·

525 1464 653 1548 δαίμων
677 1458 714 1526 δὲ
735 1465 902 1546 παρίσχει,

481 1567 593 1635 ἄλλοτ’
618 1571 720 1634 ἄλλον
743 1567 869 1651 ὕπερθε
893 1566 1039 1650 βάλλων,

527 1678 629 1741 άλλον
652 1673 683 1738 δ’
709 1674 774 1739 ὑπὸ
798 1685 930 1759 χειρῶν·
1406 1692 1456 1737 1111

483 1782 588 1870 με’τρφ
609 1777 795 1865 κατάβαιν’·
811 1821 824 1829 -
840 1779 876 1844 ἐν
894 1779 1065 1863 Μεγάροις
1084 1777 1116 1843 δ’
1133 1782 1215 1864 ἔχεις
1234 1779 1346 1865 γέρας,

481 1898 574 1975 μυχῷ
597 1886 626 1953 τ’
653 1888 689 1953 έν
712 1892 945 1971 Μαραθῶνος,
965 1884 1026 1950 Ἥ-

526 2020 586 2079 ρας
609 1993 638 2060 τ’
663 1992 765 2077 ἀγῶν’
792 1993 969 2079 ἐπιχώριον

429 2121 463 2167 ao
482 2113 586 2190 νικᾷς,
604 2104 759 2186 τρισσοὺς
778 2099 824 2185 δ’,
843 2096 1097 2186 ὦ’ριστόμενες,
1111 2102 1281 2186 δάμασσας
1295 2105 1389 2188 ἔργῳ.
1407 2120 1456 2165 115

483 2263 614 2349 τέτρασι
637 2260 668 2326 δ’
694 2264 826 2347 ἔμπετες
848 2260 980 2338 ὑψόθεν
1248 2268 1327 2346 Στρ.
1350 2261 1385 2326 ε’.

483 2370 665 2454 σωμάτεσσι
688 2368 771 2433 κακά
795 2367 964 2452 φρονέων,

272 2527 319 2584 νίο
361 2548 371 2582 ι
389 2528 469 2582 codd.
490 2531 519 2582 et
538 2526 636 2583 schot:
656 2523 776 2609 νέμομαι
793 2524 865 2580 coni.
880 2525 1049 2595 Mingarelli,
1064 2523 1162 2597 χέομαι
1175 2525 1300 2579 Jurenka
1314 2558 1348 2566 —
1365 2533 1404 2580 72.
1421 2527 1549 2596 ἄφθιτον

272 2548 408 2668 Βίίίγρ.
425 2601 474 2653 καί
492 2598 626 2668 ἄφθονον
643 2599 668 2654 G
685 2616 714 2651 m
728 2615 816 2669 marg.
831 2629 866 2637 —
882 2602 923 2650 73.
941 2595 1031 2670 πόνφι
1052 2595 1141 2670 χρόνῳ
1164 2596 1200 2650 V¹
1218 2629 1252 2638 —
1273 2602 1313 2678 ⁷.⁵·
1334 2617 1445 2667 κηρυσσ.
1465 2600 1495 2653 D
1514 2633 1546 2639 —

275 2676 315 2726 77.
336 2669 427 2725 ἄλλοτ’
445 2673 528 2741 Byaz
549 2669 644 2724 ἄλλοτε
663 2667 693 2723 δ’
711 2669 812 2723 ΒΒίό
824 2700 857 2708 -
873 2677 973 2737 χειρῶν
991 2666 1080 2738 μέτρω
1095 2668 1206 2738 (μέτρον
1221 2669 1276 2737 D⁵)
1290 2672 1410 2738 iungunt
1424 2670 1504 2724 codd.
1519 2676 1547 2724 et

272 2741 372 2809 schol.;
387 2743 442 2796 ὑπὸ
452 2750 539 2811 χελρα.
550 2740 639 2814 μέτρῳ
649 2740 720 2795 coni.
730 2740 860 2809 Hartung
874 2771 909 2779 -
924 2743 965 2792 78.
980 2724 1141 2812 κατάβαιν’,
1158 2738 1188 2793 ἐν
1200 2739 1270 2794 coni.
1281 2740 1381 2810 Bergk,
1392 2742 1440 2809 qui
1453 2746 1547 2795 tamen

272 2813 302 2867 in
324 2812 479 2867 novissima
502 2812 626 2866 editione
649 2808 832 2884 καταβαίνειν
856 2809 979 2865 scrisit:
1002 2830 1075 2865 κατα
1094 2809 1175 2866 αίνει.
1198 2810 1229 2866 ίν
1252 2811 1331 2866 codd.
1354 2816 1383 2865 et
1405 2812 1491 2867 schol.
1514 2846 1547 2853 -

272 2890 313 2939 80.
336 2890 428 2958 νικᾷς,
447 2883 574 2952 τρισσοὺς
594 2881 622 2937 δ’
644 2882 743 2952 scripsi
764 2884 876 2936 secutus
895 2829 1055 2951 iidrgkium
1074 2881 1124 2950 qui
1142 2884 1236 2936 tamen
1255 2881 1284 2935 in
1303 2882 1427 2938 editione
1446 2887 1548 2952 quarta

272 2961 352 3030 νικᾷς
366 2957 424 3023 τρίς
437 2951 472 3018 ἇς
486 2953 609 3024 scripsit:
624 2956 730 3008 νίκαισι
745 2950 848 3023 (νίκαις
861 2952 964 3007 lemma
978 2953 1016 3022 B)
1030 2961 1153 3020 τρισσαῖς
1163 2954 1189 3006 Β
1195 2954 1224 3007 D
1231 2953 1259 3007 Ε
1266 2987 1301 2994 -
1312 2950 1333 3007 ὦ
1346 2953 1426 3022 ’ριστ
1440 2956 1467 3009 Β
1473 2956 1502 3009 D
1509 2957 1547 3010 E:

269 3025 364 3094 Ἀριστ
380 3021 475 3081 sineri
491 3026 518 3080 Ζ
529 3026 666 3095 probante
680 3024 789 3094 Heynio
808 3055 841 3064 -
861 3022 1006 3093 δάμασσας
1019 3025 1098 3097 Bas:
1118 3023 1274 3094 δαμάσσαις
1288 3026 1323 3092 Β,
1342 3025 1470 3096 δάμασας
1484 3028 1549 3081 ΒΕ

272 3130 306 3138 -
327 3097 408 3171 ἔργῳι
427 3094 516 3166 ’Ἀργει
534 3113 608 3166 susp.
628 3095 721 3166 Bergk
739 3128 773 3136 —

273 3239 364 3293 solum
383 3238 618 3305 commeationem,
638 3238 688 3292 sed
706 3238 793 3293 etiam
811 3236 959 3293 victoriam
979 3238 1070 3293 issam
1088 3239 1189 3293 merito
1206 3239 1377 3293 Aristomeni
1397 3240 1549 3310 contigisse

272 3310 365 3365 innuit
382 3342 417 3350 -
437 3315 478 3364 74.
497 3309 569 3363 nihil
589 3314 632 3364 est
651 3327 760 3375 causae,
780 3327 829 3362 eur
845 3327 907 3363 cum
922 3309 991 3364 Taso
1004 3310 1031 3364 io
1049 3314 1146 3364 contra
1160 3311 1308 3364 verborum
1323 3311 1448 3364 ordinem
1463 3316 1492 3364 et
1506 3311 1547 3364 di-

273 3381 355 3436 cendi
369 3398 450 3435 usum
465 3380 529 3435 πεδ’
541 3379 675 3452 ἀφρόνων
690 3399 754 3436 eum
763 3385 874 3443 πολλοῖς
884 3383 998 3450 iungas:
1013 3381 1109 3435 multis
1120 3380 1168 3435 iile
1179 3382 1291 3451 sapiens
1301 3382 1374 3435 iuter
1383 3382 1548 3452 insipientes

273 3452 351 3507 ritae
370 3452 480 3507 eulmen
498 3451 610 3507 videtur
628 3452 767 3522 attingere
786 3469 898 3508 suorum
921 3451 1101 3506 consiliorum
1125 3452 1294 3506 dexteritate
1312 3485 1346 3493 -
1368 3459 1408 3507 76.
1434 3453 1479 3506 ἐπ’
1501 3456 1548 3507 δν-

273 3523 355 3591 δράσι
381 3533 481 3578 κεῖται·
507 3523 595 3578 menti
620 3526 721 3593 poetae
746 3524 949 3578 obversabatur
974 3523 1152 3578 Homericum
1179 3528 1257 3578 θεῶν
1276 3524 1306 3579 ἐν
1325 3523 1441 3594 γούνασι
1460 3534 1547 3578 κεῖται

272 3627 308 3636 -
328 3600 369 3649 77.
394 3594 513 3667 βάλλων
538 3594 621 3649 deum
644 3595 787 3649 hominum
811 3595 924 3651 fortuna
947 3597 1091 3676 tamquam
1110 3594 1170 3664 pilu
1188 3594 1285 3649 ludere
1303 3599 1389 3665 poeta
1408 3595 1550 3665 signifieat

272 3698 308 3707 -
328 3671 360 3719 78
376 3684 410 3719 ss.
430 3665 488 3719 iam
506 3666 600 3737 pergit
613 3670 699 3736 poeta
712 3666 742 3719 in
757 3666 920 3720 enarrandis
935 3669 1035 3720 ceterrs
1049 3666 1175 3720 victoriis
1191 3666 1382 3733 Aristomenis,
1398 3666 1549 3736 dequibus

272 3737 337 3792 vide
351 3736 423 3791 Prol.
434 3756 554 3790 nxxxvru
565 3755 600 3792 ss.
611 3770 645 3777 —
656 3737 744 3810 μέτρῳ
759 3755 822 3791 cum
836 3737 866 3791 in
879 3736 1019 3808 principio
1035 3737 1100 3791 novi
1110 3754 1205 3791 versus
1220 3737 1342 3807 positum
1358 3738 1403 3801 sit,
1419 3738 1455 3791 ab
1471 3742 1548 3792 anbe-

274 3808 390 3863 cedente
410 3808 563 3878 sententia‚
583 3825 656 3877 quae
675 3809 704 3862 in
724 3827 753 3863 se
771 3809 897 3879 perfecta
916 3811 966 3875 est,
986 3807 1083 3862 divelli
1103 3811 1131 3862 et
1150 3826 1213 3861 auru
1232 3808 1385 3881 κατάβαινε
1405 3809 1549 3874 coniunxi;
1634 3812 1639 3823 '

274 3879 397 3934 variavit
416 3882 511 3934 autem
530 3884 615 3949 poeta
632 3881 778 3949 vulgarem
796 3879 946 3934 formulam
962 3878 1062 3949 μέτρον
1078 3879 1192 3947 ἄριστον
1205 3912 1241 3919 -
1257 3886 1297 3934 79,
1311 3877 1400 3947 Ἥρας
1417 3879 1443 3935 τ’
1460 3880 1548 3950 ἀγῶν’

274 3950 433 4022 ἐπιχώριον·
454 3950 554 4005 echols
574 3953 610 4014 ὡς
629 3952 675 4005 καί
696 3951 726 4005 ἐν
741 3948 836 4023 Αἰγίνῃ
853 3948 975 4018 Ἡραίων
992 3949 1137 4020 ἀγομένων
1156 3950 1227 4005 κατὰ
1246 3949 1360 4020 μίμησιν
1379 3961 1428 4005 τοῦ
1449 3952 1478 4005 ίν
1492 3951 1549 4019 'idp-

273 4042 316 4092 γει
336 4023 456 4092 ἀγῶνος·
484 4022 598 4076 ἄποικοι
616 4022 670 4091 γὰρ
687 4021 811 4091 Ἀργείων
830 4023 981 4092 Αἰγινῆται.
1019 4024 1144 4091 Δίδυμος
1163 4020 1194 4076 δέ
1215 4040 1284 4091 φησι
1303 4026 1337 4075 τὰ
1358 4021 1549 4096 Ἐκατόμβαια

273 4093 361 4148 αὐτὸν
386 4102 439 4148 νῦν
464 4092 553 4163 λέγειν
580 4094 622 4147 ἐπι
643 4095 727 4162 όιριον
753 4094 849 4164 ἀγῶνα
876 4093 1028 4162 Αἰγινητῶν
1053 4093 1102 4147 διὰ
1127 4093 1178 4162 τὴν
1206 4091 1377 4175 συγγένειαν.
1421 4096 1489 4149 Cum
1516 4096 1550 4148 de

273 4164 390 4219 Heraeis
409 4164 581 4234 Aeginetieis
604 4115 675 4217 nihil
699 4167 809 4219 constet
831 4181 921 4232 neque
940 4164 1081 4218 veteribus
1099 4164 1292 4235 grammaticis
1312 4165 1466 4234 quidquam
1486 4184 1548 4219 con-

274 4236 381 4290 stitisse
405 4239 555 4305 appareat‚
581 4235 710 4304 equidem
733 4236 826 4290 verbis
851 4235 908 4289 iilis
931 4235 1041 4289 Heraea
1059 4235 1165 4305 Argiva
1184 4235 1304 4289 indicari
1323 4240 1351 4290 et
1370 4254 1472 4290 nomen
1492 4234 1548 4291 ἐπι-

274 4308 376 4377 χώριον
394 4306 429 4360 iis
449 4306 485 4360 ab
505 4322 546 4393 οο,
564 4307 639 4375 quod
654 4311 729 4361 terra
742 4307 849 4376 Argiva
862 4305 976 4361 Iunonis
992 4324 1071 4361 sacra
1086 4307 1148 4376 suit,
1163 4307 1284 4361 inditum
1299 4324 1359 4361 csse
1375 4308 1549 4362 crediderim.

275 4377 315 4431 De
334 4383 415 4452 νικᾷς
433 4394 483 4446 pro
503 4376 633 4446 ἐνικησας
650 4378 722 4432 conf.
739 4378 851 4434 0.x1u.

345 4452 378 4502 81
395 4466 429 4502 ss.
450 4447 524 4502 redit
542 4455 626 4518 poeta
645 4449 681 4503 ad
701 4467 836 4520 nuperum
855 4452 995 4504 certamen
1015 4448 1193 4519 Delphicum,
1213 4449 1363 4503 transitum
1383 4454 1477 4505 autem
1496 4451 1551 4504 sibi

273 4524 357 4602 parat
379 4518 443 4572 lusu
462 4519 609 4573 verborum
632 4523 758 4588 τρισσοὺς
782 4525 810 4576 et
831 4520 942 4589 τέτρασι
960 4553 996 4560 -
1014 4526 1055 4575 81.
1079 4519 1190 4589 τέτρασι
1212 4525 1241 4575 et
1263 4523 1389 4589 τρισσοός
1412 4524 1550 4590 quomodo

274 4590 465 4660 intellegenda
489 4590 558 4658 sint,
582 4592 648 4646 vide
675 4591 748 4646 Prol.
768 4612 839 4645 τω
858 4610 907 4659 ss.;
936 4608 1025 4661 neque
1054 4592 1128 4646 enim
1156 4592 1240 4646 simul
1267 4610 1331 4647 oum
1359 4597 1490 4661 quatuor,
1520 4598 1552 4646 ut

275 4661 430 4717 scholiasta
444 4661 584 4733 opinatur,
604 4663 653 4717 sed
673 4663 804 4732 deinc-eps
820 4681 883 4718 cum
897 4668 1017 4732 quatuor
1031 4664 1199 4717 adversariis
1213 4665 1337 4717 luctatus
1352 4667 1408 4732 est3
1428 4669 1551 4717 ueterum

275 4734 346 4789 conf.
368 4732 398 4788 0.
419 4752 467 4787 vm
485 4750 512 4789 os
531 4737 560 4787 et
579 4734 665 4804 epigr.
686 4734 795 4805 Olymp.
815 4753 841 4790 n.
863 4752 901 4789 ius
920 4737 949 4788 et
968 4752 1006 4790 1οο
1025 4735 1054 4788 in
1074 4735 1154 4790 Aruh.
1175 4734 1244 4791 Zeit.
1268 4741 1334 4789 1878
1354 4767 1387 4775 -
1407 4741 1448 4788 82.
1477 4735 1551 4789 κακά
