3406 5378
208 258 271 313 xlv
710 260 989 311 monsacutus

206 422 386 487 arbitratus
419 444 506 503 sum,
538 422 625 505 quod
658 422 699 485 ab
732 420 903 485 Iohanne
932 418 1137 503 Rumpelio
1168 418 1209 483 in
1238 414 1515 503 locupletissimo

208 528 327 593 Lexico
365 527 536 591 Pindarico
572 532 582 593 l
593 526 681 611 Lips.
719 528 753 589 in
786 526 919 590 aedibus
956 525 1117 589 Teubneri
1154 524 1274 611 1883)
1318 524 1411 589 satis
1447 522 1517 589 huic

206 636 392 721 provinciae
420 636 585 719 provisum
609 656 680 698 esse
703 642 855 717 expertus
878 632 1027 719 cognovi.

829 936 871 999 ll.

557 1086 609 1143 DE
634 1085 740 1143 ARTE
766 1084 943 1143 iffiranzs
967 1082 1145 1141 PIXDARI.

298 1222 403 1287 hlnlta
431 1244 505 1286 cum
533 1222 679 1287 diflicilia
707 1222 773 1285 sint
797 1222 831 1284 in
855 1220 1053 1285 carminibus
1076 1218 1210 1285 Pindari
1235 1222 1464 1287 recensendis
1486 1226 1517 1287 et

209 1330 426 1407 illustrandis,
459 1328 541 1392 nihil
574 1328 740 1393 difficilius
771 1336 819 1391 est
854 1350 950 1411 quam
982 1348 1093 1390 sersus
1121 1332 1155 1391 et
1182 1326 1262 1391 cola
1294 1328 1515 1413 stropharum

208 1450 296 1500 recte
328 1435 471 1499 dividere
503 1444 535 1497 et
568 1436 686 1499 summi
718 1450 833 1519 poetae
866 1434 1023 1497 musicam
1055 1440 1172 1515 artem,
1205 1456 1299 1517 quae
1336 1440 1514 1521 tantopere

208 1544 357 1627 plausum
391 1541 560 1605 hominum
592 1542 775 1624 aequalium
809 1540 931 1621 tulit¹·,
963 1538 1138 1623 deperditis
1168 1540 1262 1605 notis
1302 1542 1451 1607 musicis
1478 1562 1514 1607 ex

208 1650 280 1733 ipsa
303 1648 496 1733 compagine
526 1670 674 1711 versuum
704 1670 944 1733 recognoscere.
989 1654 1060 1721 Qua
1087 1646 1126 1709 de
1153 1668 1257 1711 causa
1286 1668 1364 1713 non
1393 1648 1514 1713 mirum

209 1756 383 1838 ridebitur,
403 1756 431 1819 si
446 1754 588 1839 spinosis
603 1755 848 1839 quaestionibus
863 1754 901 1817 de
918 1754 1030 1817 metris
1044 1752 1175 1817 Pindari
1190 1774 1313 1819 curam
1328 1756 1513 1821 maximam

209 1862 456 1947 impendendam
489 1867 586 1945 atque
618 1861 717 1925 etiam
751 1861 784 1923 in
816 1860 868 1923 his
901 1860 1144 1945 l’rolegomenis
1181 1860 1362 1944 copiosius
1398 1862 1442 1927 de
1473 1862 1512 1927 iis

208 1970 430 2033 disserendum
458 1968 608 2032 duximus
662 1968 725 2032 Sed
753 1990 827 2031 cunr
856 1966 1100 2031 Pindaricorum
1130 1972 1320 2033 metrorum
1350 1968 1445 2035 ratio
1472 1968 1512 2033 ab

210 2076 359 2140 universa
386 2098 596 2139 numerorum
624 2083 657 2138 et
685 2084 864 2139 metrorum
892 2073 1039 2137 doctrina
1067 2073 1206 2157 pendeat
1229 2096 1345 2159 neque
1369 2076 1417 2139 ab
1442 2080 1510 2141 arte

209 2192 391 2245 ceterorum
419 2189 590 2266 poetarum
618 2181 727 2245 ‹lirelli
756 2181 874 2264 possit,
902 2180 1138 2264 expositionem
1163 2180 1387 2247 metricorum
1413 2184 1511 2249 ratio

210 2310 287 2353 num
310 2290 441 2374 plenam
464 2298 563 2372 atque
586 2292 762 2372 perlectam
782 2288 875 2371 aequi
895 2287 1015 2351 iudices
1036 2286 1069 2349 in
1088 2286 1140 2350 his
1157 2286 1385 2371 praefationis
1406 2304 1499 2375 angn¹

211 2395 285 2459 stiis
312 2418 331 2459 a
360 2419 411 2460 me
438 2418 503 2461 non
533 2396 776 2479 exspectabunt.
822 2394 912 2469 Quae
940 2400 1048 2457 arntern
1076 2392 1208 2457 Pindari
1236 2394 1381 2479 propria
1411 2396 1510 2461 etad

209 2503 446 2587 diagrammata
465 2503 600 2567 metrica
619 2512 706 2567 recte
726 2502 926 2565 aestimanda
945 2500 1236 2581 necessarimm,
1257 2500 1389 2585 duplici
1410 2502 1508 2569 modo

210 2609 289 2673 mihi
308 2609 502 2673 illustranda
520 2609 685 2692 proposui.
721 2612 830 2692 Atque
849 2608 990 2692 primum
1010 2606 1139 2690 quidem
1158 2605 1302 2691 singulis
1322 2608 1507 2675 schematis

215 2716 326 2779 brevia
357 2720 541 2780 commenta
573 2715 707 2779 metrica
739 2715 949 2795 subiecimus,
985 2714 1104 2797 quibus
1135 2712 1168 2775 in
1202 2714 1407 2781 commentis
1442 2736 1507 2801 quo

209 2844 420 2887 numerorum
448 2843 566 2905 genere
593 2822 728 2907 stropha
757 2844 903 2904 quaeque
931 2826 1058 2885 constet·
1086 2828 1119 2883 ct
1146 2840 1211 2903 quo
1236 2820 1339 2885 modo
1362 2820 1507 2909 locoque

209 2952 341 2994 carmen
369 2928 519 3011 quodque
548 2934 714 2992 cantatum
742 2951 813 2992 esse
844 2928 1004 3010 rideatur,
1037 2926 1200 2991 succincte
1232 2928 1429 3013 expositum
1459 2930 1507 2995 in-

209 3037 330 3101 venies.
376 3034 490 3119 Neque
514 3035 541 3097 si
571 3057 635 3118 qno
659 3036 731 3099 loco
756 3058 906 3099 versuum
935 3034 1052 3097 divisio
1079 3034 1205 3096 incerta
1232 3034 1298 3097 fuit
1327 3042 1363 3101 et
1391 3036 1505 3121 plures

209 3142 383 3209 scandendi
407 3144 478 3205 riae
502 3142 577 3205 iniri
602 3146 768 3225 poterant,
791 3142 822 3203 id
846 3140 977 3205 silentio
1001 3139 1191 3223 pressimus,
1213 3138 1318 3205 immo
1337 3140 1418 3227 plus
1438 3164 1505 3209 uno

209 3252 282 3315 loco
312 3272 462 3314 versuum
490 3249 678 3331 ictuumqne
706 3247 770 3311 duo
799 3248 966 3311 schemata
994 3245 1202 3329 proponenda
1225 3246 1504 3315 existimavimus

212 3358 310 3421 Nulla
337 3358 424 3421 enim
452 3380 486 3421 ro
514 3356 667 3421 metricos
695 3360 809 3418 nostra
836 3353 994 3417 memoria
1021 3353 1126 3439 magis
1154 3352 1217 3416 sibi
1244 3352 1339 3435 ipsos
1367 3354 1504 3421 officere

209 3465 348 3551 cognovi
368 3486 465 3547 quarn
485 3464 571 3546 quod
591 3462 629 3526 de
649 3462 745 3526 rebus
760 3461 866 3523 dubiis
881 3466 1049 3543 tamquam
1062 3460 1101 3524 de
1116 3459 1243 3544 tripode
1258 3459 1317 3523 uni
1332 3462 1505 3545 sapientes

210 3572 428 3657 praecipiunt,
454 3570 537 3634 nihil
566 3569 703 3633 aliorum
733 3568 901 3651 opiniones
925 3572 1085 3631 curantes.
1132 3566 1280 3629 Alteram
1304 3566 1442 3653 copiam
1464 3568 1505 3633 de

209 3702 244 3743 re
267 3679 404 3743 metrica
430 3676 560 3741 Pindari
583 3675 770 3760 disputandi
795 3674 874 3737 mihi
897 3674 1048 3757 praebuit
1072 3673 1152 3737 haec
1174 3672 1354 3759 praefatio,
1375 3672 1414 3739 in
1438 3697 1506 3761 qua

208 3788 247 3851 de
284 3786 477 3851 colometria
514 3783 685 3847 Pindarico
726 3782 876 3845 universa
919 3781 951 3844 id
991 3788 1042 3844 est
1082 3781 1121 3843 de
1166 3778 1316 3844 versibus
1359 3782 1503 3867 pedibus

209 3895 289 3957 colis
312 3893 458 3957 numeris
482 3890 663 3955 carminum
687 3887 932 3951 l'indaricorurn
957 3887 1112 3950 disserere
1136 3890 1170 3949 et
1193 3884 1367 3971 signorum
1389 3890 1505 3955 metri·

209 4022 321 4063 corum
345 3998 798 4083 explicationemproponere
822 3996 902 4059 milri
928 3994 1032 4057 risum
1056 3998 1113 4055 cst.

299 4106 352 4169 llo
385 4103 556 4169 historia
585 4102 844 4165 colometriae.
892 4102 1019 4163 lustum
1047 4100 1295 4163 fundamentum
1324 4106 1364 4165 ut
1391 4101 1506 4189 dispu-

210 4211 328 4275 tationi
356 4212 599 4291 substruamus,
629 4209 669 4271 ab
698 4207 836 4271 historia
865 4207 1073 4271 colornetriae
1102 4206 1196 4270 nobis
1223 4206 1506 4290 proficiscendum

209 4324 268 4381 est.
316 4317 445 4381 Pindari
478 4316 582 4399 igitur
615 4315 758 4377 carmina
791 4314 941 4377 similiter
971 4318 1068 4396 atque
1096 4312 1296 4396 reliquorum
1324 4320 1506 4397 poetarum

210 4424 386 4509 lyricorum
415 4420 540 4486 librarii
569 4420 662 4504 olim,
689 4444 762 4485 cum
790 4424 823 4482 et
852 4420 983 4483 chartac
1011 4424 1181 4503 parcerent
1204 4424 1237 4483 et
1259 4418 1506 4505 inaequalitate

209 4708 242 4763 Η
302 4642 328 4759 pl)
346 4634 386 4689 cl.
407 4631 536 4757 Eulmlim
556 4648 600 4699 ap.
615 4631 717 4683 Athen.
737 4648 763 4697 p.
779 4636 831 4697 3η,
851 4630 992 4699 aristoph.
1009 4646 1053 4683 ar.
1068 4636 1128 4683 924.
1145 4636 1209 4697 939,
1229 4628 1438 4689 Aristoxenum
1457 4590 1505 4705 lep.

224 4712 283 4761 'ut
323 4724 427 4761 ciuus,
464 4712 486 4759 l.
