3406 5378
277 391 393 446 XXXIV
780 393 1060 446 PROLEGOMENA.

275 557 372 640 pedes
401 555 529 620 extendi
558 553 720 641 docent¹),
752 554 786 619 id
813 577 926 619 vereor
953 561 990 619 ut
1023 576 1062 619 ex
1093 556 1247 639 peculiari
1281 558 1418 640 quadam
1453 558 1559 623 indole

274 663 421 746 paeonici
441 663 587 747 rhythmi
606 661 820 747 probabiliter
837 662 991 746 explicari
1009 662 1127 746 possit3
1148 661 1248 726 immo
1267 663 1341 727 inde
1356 663 1436 728 illud
1451 670 1558 728 ortum

273 791 344 834 esse
367 770 502 853 videtur,
526 770 613 853 quod
636 771 841 855 grammatici
865 775 897 834 et
916 771 1031 835 musici
1051 770 1085 833 in
1104 770 1197 835 libris
1216 774 1361 835 veterum
1380 773 1559 837 carminum

274 877 505 962 paeonicorum
529 882 669 961 quatuor
697 883 730 942 et
755 877 804 942 vel
828 878 970 963 quinque
992 877 1090 962 pedes
1114 899 1179 940 uno
1208 881 1241 940 et
1265 878 1419 942 continuo
1448 878 1559 942 ordine

272 990 421 1049 exaratos
444 984 647 1049 invenerunt.
688 982 838 1068 Namque
869 984 968 1049 etiam
997 983 1230 1067 dactylis-orum
1259 990 1292 1048 et
1319 984 1559 1049 trochaicorum

272 1091 452 1156 carminum
476 1114 557 1176 quae
581 1091 616 1154 in
640 1091 805 1156 codicibus
830 1097 862 1156 et
886 1091 1017 1156 scholiis
1042 1091 1162 1155 tradita
1190 1094 1240 1154 est
1268 1090 1458 1155 colometria
1485 1114 1559 1156 cum

271 1198 463 1283 praeceptis,
486 1220 567 1282 quae
592 1199 630 1262 de
655 1198 877 1284 magnitudine
900 1199 1014 1263 ποδῶν
1037 1196 1212 1263 συνθέτων
1236 1197 1272 1262 ἐν
1291 1204 1351 1286 ἴσω
1370 1196 1424 1262 καὶ
1444 1199 1559 1264 διπλα-

273 1308 334 1394 σίω
358 1307 445 1393 λόγῳ
469 1311 594 1369 veteres
618 1304 795 1389 rhythmici
822 1306 969 1388 tradunt,
1002 1305 1187 1389 conspirare
1216 1305 1314 1387 solet,
1342 1308 1424 1371 unde
1453 1311 1557 1372 totam

271 1410 371 1476 istam
394 1411 578 1476 doctrinam
601 1410 860 1495 rhythmicorum
885 1434 922 1476 ex
947 1434 1007 1475 usu
1030 1416 1200 1498 poetarum
1229 1416 1262 1475 et
1284 1412 1403 1494 forma,
1431 1434 1495 1495 qua
1522 1412 1557 1475 in

271 1517 435 1583 veteribus
459 1519 698 1604 exemplaribus
718 1542 829 1583 versus
849 1541 945 1582 manu
964 1523 1135 1603 poctarum
1153 1519 1299 1605 ipsorum
1318 1518 1437 1604 digesti
1456 1524 1557 1587 erant,

270 1626 479 1708 repetendam
502 1648 572 1691 esse
596 1626 713 1690 iudico.
828 1680 831 1687 .

361 1731 414 1796 De
429 1733 608 1797 versibus
624 1755 666 1797 ex
682 1733 780 1797 colis
801 1733 1031 1819 compositis
1051 1733 1144 1797 etde
1160 1734 1196 1797 vi
1212 1755 1402 1798 caesurae.
1436 1716 1559 1798 Contra

273 1843 350 1903 sunt
373 1839 428 1903 alii
452 1862 563 1905 versus
586 1840 635 1904 ita
658 1840 861 1924 conformati,
884 1845 921 1904 ut
944 1841 979 1904 in
1003 1841 1074 1904 cola
1097 1863 1152 1904 cos
1172 1841 1360 1905 dividendos
1380 1863 1449 1905 esse
1469 1861 1559 1924 pror-

271 1968 326 2011 sus
359 1947 568 2012 manifestum
597 1948 649 2011 sit.
691 1947 797 2012 Huius
828 1947 941 2012 classis
975 1947 1118 2012 earmina
1150 1947 1339 2033 logaocdiea
1371 1953 1460 2030 sunt,
1494 1967 1558 2030 quo

270 2053 401 2118 nomine
426 2059 543 2119 cuncta
566 2054 710 2119 carmina
734 2054 981 2140 comprehendo,
1005 2075 1142 2137 quorum
1167 2055 1238 2119 cola
1263 2055 1290 2118 si
1313 2055 1419 2119 minus
1440 2054 1558 2136 omnia,

271 2165 305 2224 at
329 2161 444 2226 saltem
467 2162 609 2247 plurima
631 2184 670 2226 ex
696 2162 857 2226 trochaeis
880 2167 913 2226 ct
937 2161 1068 2246 cyclicis
1093 2162 1229 2247 dactylis
1258 2184 1429 2226 numerose
1454 2160 1558 2225 mixta

270 2273 354 2332 sunt.
397 2266 481 2333 Sunt
504 2291 580 2334 sane
604 2269 689 2354 apud
712 2268 889 2334 Pindarum
912 2269 1011 2334 etiam
1034 2269 1070 2332 in
1093 2267 1154 2333 hoc
1183 2291 1299 2354 genere
1327 2291 1400 2333 rara
1428 2291 1466 2332 ea
1491 2290 1558 2331 car·

268 2374 365 2457 mina,
390 2396 527 2458 quorum
551 2375 654 2441 colica
677 2377 872 2462 compositio
891 2377 986 2462 plane
1011 2381 1123 2462 aperta
1142 2375 1194 2458 sit,
1218 2380 1255 2439 ut
1274 2375 1436 2459 parthenii
1455 2375 1493 2438 fr.
1513 2376 1557 2438 95

605 2512 644 2582 'a
667 2519 759 2604 Πάν,
780 2518 955 2606 Ἀρκαδίας
977 2518 1087 2604 μέδων

655 2624 710 2690 καὶ
734 2639 864 2711 σεμνῶν
888 2625 1020 2691 ἀδύτων
1043 2622 1166 2710 φύλαξ,

610 2734 750 2818 Ματρὸς
772 2734 915 2817 μεγάλας
938 2730 1053 2816 daedi,
1077 2739 1202 2816 σεμνᾶν

654 2843 805 2922 Χαρίτων
828 2839 955 2925 μέλημα
978 2841 1132 2925 τερπνόν·

268 2985 320 3049 eui
344 2983 555 3069 fragmentari
584 2981 721 3047 carmini
743 2982 829 3046 inter
851 2982 981 3068 integra
1004 2981 1143 3068 epinicia
1166 2979 1286 3044 similia
1309 2977 1556 3045 suntN.11.1v.

268 3090 303 3155 P.
323 3107 443 3154 11.v111.
468 3089 493 3154 Ι.
507 3106 578 3152 v111.
603 3087 699 3156 0.1x.
714 3106 784 3152 x1v.
823 3087 887 3153 Sed
905 3088 1031 3174 reliqua
1049 3109 1177 3171 quoque
1197 3085 1341 3152 carmina
1358 3086 1557 3171 logaoedica,

269 3196 416 3281 quamvis
440 3195 511 3260 cola
535 3196 642 3261 minus
671 3195 840 3280 perspicue
868 3195 1023 3260 distincta
1051 3194 1238 3276 exhibeant,
1269 3198 1378 3259 tamen
1407 3193 1454 3257 ita
1483 3215 1556 3258 eon-

267 3301 410 3366 formata
433 3306 522 3386 sunt,
552 3308 590 3367 ut
613 3324 651 3366 ex
676 3301 756 3366 colis
780 3324 905 3386 versus,
936 3325 975 3366 ex
999 3302 1146 3367 versibus
1170 3300 1323 3384 strophas
1347 3301 1558 3366 concinnatas

266 3430 336 3473 esse
360 3408 455 3494 plane
480 3408 609 3473 sentias.
652 3408 741 3473 Haec
765 3407 869 3494 igitur
892 3409 1044 3493 carmina,
1068 3431 1150 3492 quae
1169 3407 1250 3492 μέλη
1273 3408 1291 3472 i.
1313 3429 1340 3472 e.
1359 3407 1502 3472 carmina
1521 3409 1556 3471 in

267 3517 413 3580 membra
436 3515 542 3602 (μέλη,
566 3514 670 3601 κῶλα)
694 3515 865 3580 dividenda
889 3517 1020 3602 proprie
1040 3513 1233 3602 dicuntur2),
1256 3514 1305 3579 ita
1324 3513 1499 3600 digerenda
1523 3519 1556 3578 et

267 3622 302 3686 in
325 3622 396 3687 cola
419 3623 590 3687 dividenda
613 3623 723 3688 curavi
746 3623 863 3708 omnia,
886 3630 1008 3688 utnon
1028 3623 1134 3687 solum
1152 3622 1188 3686 in
1207 3622 1381 3686 schematis
1402 3620 1555 3702 metricis,

268 3730 323 3794 sed
351 3730 451 3794 etiam
479 3729 513 3793 in
541 3735 633 3794 textu
665 3730 738 3815 ipso
772 3730 917 3795 colorum
950 3730 1160 3815 compositio,
1192 3729 1298 3814 quoad
1333 3729 1404 3793 fieri
1435 3732 1558 3813 posset,

267 3842 446 3922 appareret.

355 3942 426 4019 Qua
448 3943 483 4007 in
506 3944 675 4028 provincia
698 3944 955 4008 administranda
977 3944 1119 4028 primum
1145 3943 1207 4008 hoc
1231 3944 1312 4007 mihi
1336 3943 1556 4028 quaerendum
1670 3982 1675 3989 -

265 4050 341 4135 fuit,
375 4073 438 4135 quo
467 4051 539 4116 loco
573 4051 755 4115 membrum
789 4052 938 4136 quodque
968 4051 1117 4115 finiretur
1145 4055 1178 4115 et
1206 4050 1323 4134 quibus
1353 4050 1456 4136 signis
1479 4049 1512 4112 id
1536 4072 1556 4113 a

265 4163 364 4242 poeta
400 4157 579 4223 indicatum
612 4180 683 4223 esse
717 4158 887 4222 videretur.
936 4155 1045 4241 Atque
1078 4157 1335 4222 luculentissime
1372 4155 1468 4221 nobis
1505 4156 1559 4219 via

264 4287 376 4329 versus
401 4264 435 4328 iu
459 4263 530 4329 cola
554 4264 774 4329 dividentibus
804 4265 1027 4329 demonstrata
1055 4270 1119 4349 est,
1148 4265 1205 4328 ubi
1233 4263 1432 4348 procatalexi
1459 4267 1557 4347 poeta

263 4371 361 4435 finem
380 4372 498 4456 prioris
519 4371 581 4436 coli
600 4371 747 4436 definivit
765 4377 799 4435 et
818 4371 846 4435 si
866 4371 973 4435 minus
993 4370 1144 4435 omnibus
1164 4371 1197 4434 in
1218 4370 1373 4455 strophis,
1392 4374 1427 4434 at
1444 4374 1553 4433 tamen

262 4477 297 4541 in
319 4479 481 4564 plerisque
505 4501 638 4544 caesura
660 4478 827 4563 indicavit,
852 4477 940 4542 velut

353 4710 379 4776 1)
398 4725 423 4761 v.
443 4706 558 4762 Aristid.
580 4707 614 4761 de
633 4723 703 4762 mus.
723 4707 784 4759 Iao
804 4709 833 4761 et
852 4706 976 4760 Psellum
997 4713 1042 4774 123
1062 4706 1158 4761 confer
1177 4723 1262 4778 supra
1280 4726 1307 4777 p.
1322 4707 1433 4760 XXVII.

353 4781 379 4847 2)
398 4779 469 4833 Huic
489 4777 677 4850 etymologiae
696 4777 774 4831 vocis
799 4776 903 4831 alludit
922 4777 1056 4832 Horatius
1076 4777 1192 4849 0115,
1209 4784 1255 4834 15:
1281 4786 1414 4850 pratoque
1441 4779 1554 4847 seminis

262 4851 358 4909 inbelli
376 4853 483 4907 cithara
501 4853 628 4908 carmina
646 4850 758 4906 divides.
