3406 5378
721 434 880 486 OLYMPIA
898 436 919 487 Ι.

343 596 464 679 ἄνδρες
487 593 572 680 ἀμφὶ
595 596 687 678 θαμά
710 595 879 680 τράπεζαν.
1335 613 1369 661 κο

387 702 469 768 ἀλλά
493 706 630 788 Δωρίαν
654 700 717 766 άπὸ
741 705 925 787 φόρ-μιγγα
948 700 1120 768 πασσάλου

343 807 496 893 λάμβαν’,
520 815 554 873 εί
571 812 606 873 τί
626 833 677 874 τοι
702 814 809 885 Πίσας
831 832 867 874 τε
889 807 943 873 καὶ
970 812 1104 894 Φερενί-
1122 833 1186 874 κου
1209 808 1303 894 χάρις

342 920 423 982 νόον
445 915 511 981 ὑπὸ
533 916 752 999 γλυκυτάταις
775 918 875 999 ἔθηκε
898 919 1089 1001 φροντίσιν,
1334 934 1368 981 3ο

263 1041 297 1089 κο
343 1023 396 1089 ὅτε
419 1020 494 1108 παρ’
516 1020 644 1109 Ἀλφεῷ
668 1023 749 1088 σύτο
773 1020 872 1107 δέμας

342 1128 521 1212 ἀκέντητον
544 1128 580 1193 ἐν
603 1130 756 1213 δρόμοισι
779 1127 946 1213 παρέχων,

341 1237 452 1322 κράτει
476 1231 513 1300 δὲ
536 1233 708 1319 προσέμιξε
732 1236 910 1317 δεσπόταν,

343 1526 556 1623 Συρακόσιον
581 1535 737 1620 ίπποχάρ-

386 1667 452 1727 μαν
474 1646 624 1726 βασιλῆα.
671 1642 800 1726 λάμπει
824 1640 863 1707 δέ
882 1649 937 1707 ίοι
960 1642 1054 1719 κλέος

342 1750 377 1816 ἐν
400 1749 535 1834 εὐάνορι
560 1753 627 1813 Αυ-

387 1858 449 1921 ὃοῦ
473 1854 625 1931 Πέλοπος
647 1855 796 1942 ἀποικίᾳ·

262 1984 296 2032 25
343 1973 402 2029 τοῦ
424 1964 632 2048 μεγασθενὴς
655 1961 814 2047 ἐράσσατο
838 1987 909 2046 ναι·
928 1964 1025 2047 άοχος

343 2071 527 2151 Ποσειδᾶν,
550 2067 622 2133 ἐπεί

385 2202 441 2242 νιν
465 2182 618 2262 καθαροῦ
641 2175 777 2259 λέβητος
800 2176 885 2253 ἔξελε
908 2177 1041 2241 Κλωθὼ

342 2283 496 2368 ἐλέφαντι
519 2283 681 2366 φαίδιμον
705 2279 811 2366 ὦ-μον
834 2281 1042 2366 κεκαδμένον.

341 2386 361 2473 ἧ
386 2390 542 2475 θαυματὰ
564 2391 670 2453 πολλὰ
693 2387 847 2454 καλ-πού
869 2411 902 2454 τι
923 2386 979 2453 καὶ
1002 2392 1132 2472 βροτῶν

341 2498 439 2582 φάτις
460 2493 544 2581 ὑπὲρ
568 2497 627 2560 τὸν
649 2495 774 2579 άλα-θῆ
798 2498 910 2577 λόγον·
1331 2510 1365 2557 45

227 2682 333 2690 .....-

254 2788 295 2835 19.
317 2778 383 2835 νόον
401 2778 457 2833 ὕπο
476 2779 504 2832 Α
532 2811 564 2818 -
594 2785 636 2833 23.
656 2775 823 2845 σνρακόσιον
847 2779 874 2831 Y
890 2779 920 2831 et
938 2794 963 2833 v.
983 2776 1000 2832 l.
1021 2776 1121 2832 schol:
1150 2778 1342 2844 σνρακουσίων
1361 2778 1456 2845 ABG,

182 2850 356 2921 σορακοσίαν
374 2851 404 2905 D
426 2853 455 2904 et
477 2868 502 2902 v.
522 2849 541 2904 l.
561 2848 646 2903 schol.
673 2881 702 2888 -
731 2848 825 2974 ίπποῦ.
845 2848 947 2903 lemma
966 2849 1005 2903 B:
1030 2847 1136 2917 ἱππιοχ.
1156 2847 1279 2902 ABOD
1302 2879 1335 2887 -
1359 2853 1400 2902 24.
1426 2848 1456 2902 ἐν

182 2925 250 2993 AB,
265 2940 318 2977 om.
335 2923 398 2991 01),
413 2919 481 2988 παρ’
499 2922 568 2991 Byr.
590 2953 621 2961 -
642 2918 777 2988 εὐάνορος
826 2920 906 2975 w
927 2952 957 2959 —-
979 2916 1089 2994 ίποικίᾳ
1110 2937 1134 2974 r.
1149 2918 1167 2973 l.
1183 2919 1269 2973 schol.
1291 2945 1323 2958 -
1344 2925 1385 2974 ⁸26.
1405 2938 1455 2973 πο-

182 2997 280 3050 οειδᾶν
299 2994 373 3049 AD:
392 2993 532 3047 ποοειὸῶν
550 2991 608 3046 130
623 3024 656 3031 -
676 2989 751 3057 ἔξελε
770 2990 889 3046 Moscha
909 2990 993 3057 ἐξεῖλε
1013 2990 1134 3045 ABGD
1158 3021 1190 3029 -
1215 2994 1256 3044 28.
1283 3010 1310 3044 τι
1329 2987 1389 3046 καίε
1408 2992 1457 3045 καλ

184 3065 297 3134 (omisso
315 3068 353 3133 τι)
372 3065 400 3118 Β
419 3096 451 3103 -
471 3068 513 3117 29,
533 3062 617 3131 prim
630 3062 764 3117 ABGD:
784 3060 891 3132 φρένας
904 3063 983 3133 Byr,
1003 3060 1089 3131 φάτιν
1103 3061 1238 3125 Boeckh.;
1253 3061 1313 3131 ipse
1328 3061 1456 3133 Mczgero

183 3138 253 3191 duce
272 3139 336 3206 post
354 3133 437 3205 λόγον
455 3133 615 3203 interpunxi
636 3163 665 3173 -
687 3134 781 3202 ἀληθῆ
801 3135 863 3188 AB
870 3133 925 3188 OD
944 3164 978 3174 —

254 3319 295 3368 17.
315 3313 385 3367 ἀλλὰ
457 3311 594 3384 λάμβανε
614 3312 702 3364 semet
720 3310 812 3380 ipsum
831 3310 876 3364 vel
895 3310 1019 3365 animum
1038 3328 1119 3365 suum
1137 3314 1173 3379 (v.
1188 3314 1211 3377 ι)
1230 3310 1406 3378 cohortatur,
1426 3314 1457 3364 ut

185 3385 276 3455 lyram
295 3386 329 3439 de
349 3385 428 3438 clavo
448 3385 549 3451 sumat,
563 3381 692 3436 imitatus
706 3381 799 3435 locum
813 3380 955 3450 Odysseae
970 3401 1017 3434 vm
1032 3398 1065 3436 er.
1098 3381 1255 3435 Boeclshius
1270 3384 1298 3435 et
1312 3380 1456 3435 Disaenius

187 3458 366 3526 argutantur,
390 3471 452 3537 oum
477 3470 511 3508 ex
531 3453 584 3507 hoc
603 3452 665 3507 loeo
684 3453 854 3577 conclu‘dant
872 3456 957 3506 antea
980 3452 1071 3534 tibiis,
1090 3451 1196 3534 exhinc·
1209 3452 1288 3505 tibiis
1303 3455 1336 3533 'et
1354 3452 1456 3533 fidibus

183 3527 401 3653 {litarat
414 3522 1071 3677 ttttllffltatt,trlttttttl
1085 3522 1457 3675 tlltltabtttlt

182 3669 280 3724 P.v111
303 3684 341 3732 νος
371 3668 405 3722 de
433 3667 618 3721 reconditiore
641 3666 764 3735 quedam
788 3666 1019 3736 interpretatione
1044 3665 1165 3719 nominis
1191 3665 1285 3720 confer
1308 3665 1345 3718 ad
1370 3684 1393 3719 v.
1419 3682 1456 3720 105

183 3772 215 3780 -
240 3746 281 3795 18.
306 3740 335 3794 εί
348 3759 376 3794 τι
399 3778 450 3794 ...
475 3736 555 3792 νόον·
574 3758 601 3791 τι
619 3736 746 3792 adverbii
766 3736 826 3791 vice
845 3737 972 3807 fungitur
995 3741 1027 3790 ut
1049 3755 1074 3791 v.
1090 3753 1123 3791 ss.
1139 3754 1172 3791 ιι.
1210 3735 1244 3789 N.
1264 3756 1291 3788 v1
1311 3753 1330 3789 ο.
1369 3736 1455 3790 Thuc.

182 3831 202 3864 11
220 3828 262 3894 ινφ
282 3814 405 3866 mentem
427 3812 522 3935 stantem
546 3825 626 3862 susm
648 3808 951 3932 quasiHiecunflarifat
972 3807 1083 3889 impleri
1108 3807 1177 3888 dicit
1200 3806 1370 3930 dignissimis
1395 3824 1456 3862 sen·

181 3885 326 4023 tlt}
334 3886 495 4021 ttt‘zt
510 3896 721 4021 ablati
744 3896 902 4017 actm
915 3879 1226 4005 ttlllttttt
1251 3893 1384 4004 {litt
1400 3880 1456 4019 ll?

182 4024 312 4094 Bacchyl.
338 4025 372 4078 fr.
395 4041 408 4079 s
438 4056 472 4065 -
506 4029 547 4078 κθ.
577 4020 768 4090 Συρακόσιον·
797 4022 920 4092 genuina
947 4026 976 4077 et
1004 4020 1147 4092 lapidibus
1175 4019 1339 4074 confirmata
1366 4020 1457 4074 forma

184 4095 313 4162 nominis,
350 4112 380 4150 ro
399 4112 455 4164 qua
474 4112 492 4149 a
507 4093 609 4148 Ionicis
628 4096 657 4147 et
675 4093 776 4147 Atticis
796 4092 978 4164 scriptoribus
994 4092 1186 4160 Συρακούσιος
1200 4091 1455 4145 circumferebatur.

183 4198 216 4205 -
235 4172 277 4219 24.
297 4114 423 4229 Πίλοπος
440 4163 569 4240 ἀποικίᾳ·
590 4164 746 4234 Olympiae,
765 4182 851 4233 quam
864 4164 894 4219 in
909 4165 1006 4219 urbem
1020 4163 1120 4234 Pelops
1135 4180 1190 4217 non
1205 4163 1296 4216 solum
1310 4165 1454 4230 tamquam

183 4235 280 4290 accole
298 4235 447 4306 (ἐποικίαν)
464 4237 550 4305 venit,
570 4237 619 4291 sed
633 4235 712 4290 cuius
727 4236 809 4304 quasi
826 4235 898 4290 alter
912 4236 1039 4290 eonditor
1053 4233 1170 4289 exstitit.
1192 4266 1223 4274 -
1244 4240 1278 4287 25
1293 4251 1328 4288 ss.
1352 4234 1455 4288 sensim

182 4310 268 4378 poeta
293 4324 310 4362 a
332 4307 444 4362 nomine
471 4308 538 4363 Pelo
559 4308 583 4362 is
611 4307 752 4378 profectus
780 4307 817 4361 ad
843 4307 1029 4383 principalem
1055 4308 1165 4376 partem
1192 4304 1324 4360 carminis
1353 4306 1456 4359 transit

182 4382 292 4448 (so-sa),
311 4395 367 4448 qua
385 4377 512 4433 fabulam
550 4395 565 4433 s
583 4379 696 4448 Pelope,
715 4377 829 4433 Tantali
846 4378 913 4446 filio,
933 4382 1113 4444 Oenomaum,
1135 4393 1229 4446 regem
1250 4375 1353 4444 Elidis,
1373 4394 1455 4431 curru

182 4450 311 4504 vincente
331 4452 360 4504 et
378 4449 459 4503 ludos
478 4449 638 4520 Olympicos
660 4450 742 4519 quasi
767 4449 954 4520 inaugurante
974 4451 1070 4504 narrat
1089 4482 1121 4489 —
1142 4456 1183 4502 ⁶26.
1204 4448 1264 4503 ἐπεὶ
1285 4494 1289 4503 ,
1307 4493 1334 4503 ..
1355 4452 1455 4503 κεκαδ-

182 4521 278 4591 μίνον·
303 4522 434 4592 Pelopem
452 4522 510 4576 iam
528 4524 689 4576 nascentem
708 4521 791 4575 ebore
811 4520 945 4575 candidos
965 4521 1093 4576 humeros
1112 4523 1241 4574 omutum
1261 4519 1278 4573 i.
1294 4538 1317 4573 e.
1332 4520 1455 4573 humeris

182 4593 297 4661 eburnei
311 4593 412 4647 coloris
427 4592 566 4663 insignem
580 4592 667 4646 luisse
682 4592 759 4659 dicit,
774 4596 807 4646 ut
821 4592 918 4646 statim
930 4592 967 4645 ab
979 4592 1060 4647 initio
1074 4591 1176 4645 falsam
1190 4592 1295 4644 samam
1310 4591 1454 4645 hominum

182 4667 304 4789 ἷμρροαρ.
334 4664 485 4789 linitienim,
503 4662 799 4787 q⁰⁰1⁸plp3ff⁰⁰h5¹id⁰m'
819 4663 960 4788 αοφμίοω
979 4664 1102 4789 ξίράμτί,
1122 4667 1247 4717 secutum
1267 4679 1327 4716 csse
1347 4662 1455 4787 ρολιολίρ

247 4753 310 4804 un,
367 4751 505 4790 ercunum
524 4751 557 4788 ve
631 4750 706 4802 eam,
730 4751 793 4787 cum
811 4751 977 4789 res1.ueren
1033 4752 1077 4789 eo
1099 4752 1142 4789 em
1182 4751 1278 4788 uerum
1296 4751 1344 4787 coc
1359 4751 1440 4787 nme

183 4805 348 4869 dissectum,
370 4806 516 4860 humerum
536 4823 553 4860 a
572 4805 669 4860 Cerere
692 4805 749 4858 iam
768 4805 932 4860 devoratum
952 4806 1034 4861 ebore
1058 4753 1232 4877 sslpplellsse
1251 4804 1454 4858 fabulabantur

183 4908 215 4917 --
236 4883 277 4933 26.
297 4881 441 4946 καθαροῦ·
460 4877 560 4945 nitido,
578 4894 635 4931 non
654 4876 766 4930 sceleris
780 4893 850 4946 puro
870 4910 902 4919 -
