3406 5378
303 355 364 418 118
773 359 922 410 Ριαοειιι
940 360 1106 413 urrnrcrn.

301 534 335 582 45
389 520 497 603 μακρά
520 516 556 584 δὲ
580 519 693 604 ῥίψαις
716 518 895 604 άμεύσεσθ’
921 519 1063 596 ἀντίους.

390 628 421 690 εί
442 627 504 712 γάρ
528 625 546 691 ὁ
569 638 632 702 πάς
654 629 775 710 χρόνος
797 628 851 691 ὄλ-

434 735 496 816 βον
519 729 579 816 μὲν
602 733 689 797 οὕτω
713 732 767 798 καί
793 734 939 798 κτεάνων
963 734 1059 798 δόσιν
1082 735 1182 799 εὐθύ-

434 862 503 921 νοι,
525 839 680 923 καμάτων
703 837 735 902 δ’
761 838 870 904 ἑπίλα-
885 856 940 904 σιν
962 840 1133 925 παράσχοι.

390 1045 411 1132 ἦ
433 1073 490 1114 κεν
514 1050 704 1135 ἀμνάσειεν,
728 1052 814 1128 οίαις
837 1051 873 1117 ἐν
895 1051 1066 1136 πολέμοισι
1089 1053 1208 1137 μάχαις
1349 1052 1432 1118 'slva
1455 1054 1498 1136 γ’.

390 1157 528 1240 τλάμονι
551 1167 641 1244 ψυχᾷ
663 1157 844 1243 παρέμειν’,

435 1261 522 1347 ἁνίχ’
547 1263 740 1348 εὑρίσκοντο
763 1272 854 1330 θεῶν
876 1266 1041 1350 παλάμαις
1064 1266 1177 1351 τιμάν,

391 1370 467 1434 οίαν
490 1371 582 1446 οὔτις
600 1368 768 1437 Ἑλλάνων
792 1371 919 1456 δρέπει,

303 1494 336 1541 50
392 1477 537 1542 πλούτου
561 1477 749 1563 στεφάνωμ’
775 1478 952 1565 ἀγέρωχον.
998 1488 1063 1544 νῦν
1085 1503 1122 1562 γε
1145 1480 1211 1564 μὰν

436 1585 497 1648 τάν
523 1586 727 1666 Φιλοκτήταο
751 1585 848 1649 δίκαν
872 1583 1004 1668 ἐφέπων

374 1820 417 1867 46.
438 1810 542 1882 μακραί
563 1813 636 1868 0-
655 1810 741 1882 ρίψας
761 1811 1153 1882 01),άρίψαιςΜοιιιιιιεειι;
1174 1815 1208 1868 de
1228 1813 1339 1883 syllaba
1377 1815 1495 1868 rodncta
1513 1818 1580 1868 ante

304 1881 320 1952 ό
339 1884 410 1938 conf.
429 1883 463 1938 N.
479 1903 496 1937 v
511 1901 544 1938 ra.
559 1901 598 1952 su,
618 1903 666 1936 vnr
681 1901 718 1951 aa,
738 1885 767 1939 P.
783 1904 811 1937 rx
825 1901 851 1939 ιε
870 1917 904 1924 —
923 1883 1077 1955 ἀμεύσεσθ’
1100 1887 1148 1941 0¹:
1173 1883 1330 1955 ἀμεύσασθ’
1390 1885 1428 1940 0²
1446 1918 1479 1925 -
1500 1885 1579 1939 ἐναν-

303 1953 379 2017 τίους
405 1956 429 2011 0
451 1987 484 1995 —
510 1961 553 2009 47.
577 1955 748 2025 ἀμμνάσειεν
772 1973 805 2009 ex
829 1955 943 2010 scholiis
967 1955 1094 2012 Schmid:
1118 1954 1155 2010 ἂν
1178 1955 1310 2025 μνάσειεν
1337 1956 1394 2012 01)
1418 1989 1450 1996 -
1476 1956 1580 2010 οίαισιν

304 2026 435 2097 πολέμοιο
461 2025 531 2080 coni.
551 2026 670 2092 Heclrer,
697 2025 770 2089 οίαις
788 2027 839 2081 σύν
857 2025 922 2082 ποτ’
943 2027 1031 2082 ἔταισι
1050 2027 1110 2097 ipse
1128 2027 1239 2082 tentavi
1258 2028 1343 2082 Sitzb.
1359 2028 1385 2081 d.
1400 2027 1426 2081 b.
1442 2029 1494 2081 Αίι.
1511 2032 1580 2081 1888

303 2117 329 2167 p.
349 2115 387 2153 aar
408 2130 441 2139 —
460 2103 503 2151 48.
527 2101 670 2167 παλάμαις
688 2096 785 2154 Ττίο1.;
809 2097 965 2169 παλάμαισι
986 2098 1053 2165 Οὓς
1080 2097 1207 2167 εὕρισκεν
1231 2098 1386 2168 παλάμαισι
1408 2103 1485 2154 θεῶν
1509 2099 1579 2154 coni.

304 2169 417 2223 Boeclh
435 2201 470 2209 -
490 2174 531 2223 50.
552 2168 732 2237 Φιλοκτήτοιο
753 2169 808 2224 0⁸⁰
827 2201 861 2209 —

305 2310 370 2364 liter
388 2310 422 2365 N.
438 2329 476 2363 vn
491 2327 514 2365 τι
531 2312 620 2364 artem
633 2309 727 2364 verbis
741 2311 824 2364 finem
842 2310 1018 2382 propositum
1036 2310 1203 2379 assequendi
1223 2328 1286 2365 cum
1303 2311 1394 2367 milite
1414 2311 1505 2365 iaculo
1521 2330 1580 2366 sco·

303 2399 371 2451 pum
389 2381 508 2436 feriente
527 2384 672 2451 comparat
687 2412 720 2421 ·-
734 2382 934 2452 χαλκοπάραον
948 2381 1067 2436 ἄκοντα·
1088 2381 1182 2436 aeneis
1197 2383 1278 2453 genis
1293 2386 1433 2437 armatum
1448 2382 1579 2452 iaculum,

305 2452 384 2507 cuius
403 2470 451 2506 cus
472 2452 495 2506 is
515 2469 604 2506 aenea
622 2452 717 2507 aeneis
736 2453 830 2507 fibulis
849 2471 911 2508 cum
926 2453 1020 2523 ligneo
1035 2470 1083 2507 sca
1103 2452 1284 2508 oconiuncta
1299 2457 1343 2507 est
1356 2487 1390 2495 —
1406 2453 1457 2520 ἔξω
1473 2456 1581 2524 ἀγῶνος

304 2526 400 2597 βαλεῖν
423 2472 531 2579 sololia
553 2523 775 2594 interpretantur
796 2524 873 2593 παρὰ
898 2524 1003 2580 σκοπὸν
1021 2525 1058 2594 μὴ
1078 2472 1184 2593 δίψαν·
1209 2527 1295 2592 atquc
1317 2525 1498 2579 iaculationis
1518 2543 1577 2580 sco·

304 2613 371 2666 pum
395 2595 522 2649 disertim
546 2598 630 2665 poeta
653 2599 853 2650 commemorat
875 2596 909 2651 N.
925 2616 953 2648 rx
972 2613 997 2651 eo
1016 2593 1168 2661 ἀκοντίζων
1192 2604 1298 2650 σκοποῦ
1323 2596 1453 2666 ἄγχιστα,
1473 2597 1504 2651 0.
1519 2617 1536 2650 x
1556 2614 1577 2651 u

305 2666 402 2720 ἄκοντι
426 2666 504 2720 ἔλασε
524 2665 641 2735 σκοπόν,
661 2666 756 2722 0.1111
775 2684 800 2721 οι
819 2667 898 2735 παρὰ
921 2666 1027 2721 σκοπὸν
1050 2668 1083 2720 ού
1107 2667 1158 2736 χρὴ
1182 2666 1217 2720 τὰ
1241 2664 1322 2740 βέλεα
1345 2668 1506 2735 καρτύνειν·
1532 2667 1582 2722 sed

305 2756 367 2793 cum
391 2754 462 2807 cquae
486 2738 538 2791 hoc
561 2737 622 2791 loco
647 2740 799 2806 sequuntur
821 2739 909 2793 verba
931 2737 1025 2808 μακρά
1055 2734 1146 2805 ’ίψαις
1168 2737 1328 2809 ἀμεύσασθ’
1353 2736 1467 2802 ἀντίους
1485 2742 1581 2809 aperte

304 2809 430 2863 indicent
452 2808 482 2862 in
505 2807 655 2862 iaculando
679 2825 741 2862 eum
764 2809 813 2877 qui
835 2808 999 2881 longissime
1022 2812 1050 2864 te
1063 2826 1110 2863 nm
1133 2808 1238 2878 mittat,
1258 2826 1314 2863 non
1332 2809 1380 2878 qui
1400 2826 1514 2881 scopum
1534 2810 1580 2864 de-

305 2880 415 2935 finitum
434 2882 536 2948 tangat
554 2879 673 2947 vincere,
694 2880 744 2946 ἔξω
763 2881 872 2951 ἀγῶνος
890 2883 986 2954 βαλεῖν
1004 2897 1060 2935 non
1079 2897 1143 2934 eum
1161 2879 1305 2950 intellego,
1324 2879 1373 2950 qui
1392 2898 1506 2951 scopum
1525 2899 1582 2935 non

306 2951 442 3021 attigerit,
462 2951 510 3005 sed
530 2950 577 3019 qui
595 2968 657 3003 cunr
672 2968 727 3005 non
741 2968 885 3020 quousque
900 2951 1004 3006 aemuli
1018 2951 1159 3006 iaculatus
1174 2950 1219 3019 sit,
1234 2950 1264 3005 in
1279 2968 1393 3007 censum
1407 2969 1463 3007 non
1477 2953 1580 3007 veniat.

306 3023 386 3087 Quod
403 3026 497 3076 aufem
516 3021 616 3076 ceteris
635 3021 704 3075 locis
722 3025 808 3104 poeta
827 3022 862 3076 de
880 3039 964 3093 scopo
978 3022 1123 3077 iaculandi
1141 3022 1274 3091 loquitur,
1294 3022 1336 3077 ita
1354 3023 1530 3093 interpretor,
1550 3026 1582 3076 ut

306 3096 356 3147 ant
375 3094 430 3147 duo
449 3109 553 3164 genera
571 3092 751 3147 iaculatioms
771 3093 857 3148 fuisse
876 3096 926 3148 aut
964 3097 1057 3148 oetam
1075 3094 1204 3149 notiones
1223 3093 1320 3165 procul
1339 3093 1460 3149 iaciendi
1480 3097 1509 3149 et
1523 3112 1580 3149 cer-

306 3169 366 3218 tum
390 3165 473 3218 linem
496 3163 615 3218 feriendi
638 3163 801 3233 (Weitwurf
820 3165 878 3218 und
901 3114 1047 3234 Ziclnurf)
1071 3165 1229 3220 confudisse
1253 3182 1378 3235 arguam.
1417 3166 1581 3234 Numquae

305 3235 443 3289 Martinus
463 3234 566 3303 l'aber,
595 3234 662 3289 Zum
681 3234 825 3290 Fdnflram
845 3236 860 3289 f
876 3236 925 3291 der
943 3236 1080 3292 Gricohen
1099 3236 1210 3306 (Philol.
1227 3242 1294 3292 1891
1308 3256 1336 3319 p.
1352 3253 1391 3292 ιιο
1406 3241 1453 3305 ss.)
1471 3237 1581 3306 excogi-

306 3306 380 3360 tavit
405 3305 539 3374 artificia,
565 3308 597 3360 nt
622 3306 741 3360 eundem
767 3309 796 3360 et
820 3255 904 3377 iringa
929 3307 1048 3362 iaculari
1074 3309 1103 3362 et
1125 3325 1240 3379 scopum
1263 3308 1346 3362 ferire
1364 3323 1446 3377 posse
1464 3309 1581 3377 teneret,

306 3377 390 3431 nimis
405 3380 470 3430 sunt
485 3379 587 3447 arguta
602 3409 635 3417 —
650 3382 692 3432 45.
712 3374 837 3441 ἀντίους·
855 3379 994 3448 aemulos;
1013 3380 1079 3434 inde
1093 3382 1235 3434 certamen
1249 3381 1394 3449 poetarum
1410 3378 1446 3432 ab
1460 3377 1582 3432 Hierone

306 3449 466 3502 institutum
489 3448 701 3529 praemiumque
724 3449 830 3519 optimo
854 3450 971 3504 carmini
994 3450 1168 3521 propositum
1191 3467 1252 3506 esse
1275 3448 1407 3519 colligere
1430 3465 1514 3502 ausus
1538 3453 1582 3503 est

306 3520 388 3602 Leop.
405 3519 540 3587 Schmrdt,
559 3519 653 3573 Leben
671 3518 790 3574 Pindars
810 3536 861 3589 ειη
881 3521 955 3590 quod
974 3524 1007 3574 ut
1025 3521 1196 3576 coniciamus
1214 3538 1271 3575 non
1290 3537 1359 3591 opus
1378 3536 1439 3574 esse
1458 3519 1583 3574 ostendit

307 3590 407 3644 similis
426 3590 503 3645 locus
523 3590 557 3644 N.
572 3608 639 3646 ινιτ
659 3623 692 3631 -
712 3597 754 3646 46.
774 3591 873 3646 schol:
892 3592 955 3646 είθε
974 3591 1035 3662 γάρ,
1055 3611 1150 3662 φησιν,
1170 3592 1185 3647 ὁ
1204 3601 1260 3656 πᾶς
1277 3589 1377 3662 χρόνος
1396 3593 1470 3664 αύτῷ
1486 3591 1539 3659 τήν
1553 3611 1581 3645 τε

307 3660 491 3732 εὐδαιμονίαν
514 3663 562 3716 καὶ
584 3663 633 3716 τὸν
657 3666 778 3717 πλοῦτον
804 3660 847 3716 ἐπ’
871 3661 985 3726 εὐθείας
1003 3662 1105 3732 ἀγάγοι
1123 3664 1168 3734 (cf.
1183 3664 1217 3717 N.
1233 3684 1253 3717 11
1269 3668 1291 3734 7)
1310 3664 1358 3718 καὶ
1376 3672 1431 3718 τῶν
1449 3661 1583 3732 καμάτων

306 3742 361 3788 τῶν
380 3741 428 3801 τῆς
446 3730 593 3802 λιθονρίας
613 3731 737 3803 ἐνείλησεν
755 3733 865 3804 ἀγάγοι,
884 3735 920 3797 ὡς
939 3734 991 3804 ἐγὼ
1009 3735 1074 3797 τοὺς
1093 3734 1237 3797 ἐναντίους
1256 3743 1369 3805 νικῆσαι
1386 3736 1541 3802 προσδοκῶ.

379 3810 492 3860 47-57,
511 3803 640 3859 laborum
659 3806 803 3874 (καμάτων
817 3823 842 3861 v.
857 3808 896 3875 ιο)
914 3804 1177 3859 commemoratione
1195 3808 1280 3876 poeta
1299 3805 1458 3873 adducitur,
1478 3808 1510 3859 ut
1528 3805 1582 3858 duo

306 3875 391 3944 bella,
410 3876 513 3945 quibus
531 3876 615 3931 Hiero
639 3879 794 3930 castrorum
817 3876 928 3931 labores
951 3880 980 3931 ct
988 3895 1035 4001 (fu
1075 3893 1155 3930 arum
1173 3892 1255 3931 curas
1273 3876 1384 3931 fortiter
1402 3877 1583 3944 sustinuerat,

308 3948 466 4002 accuratius
481 3948 604 4016 referret,
619 3947 724 4001 bellum
740 3951 838 4001 contra
847 3948 955 4002 Poenos
969 3964 986 4001 a
1085 3964 1161 4002 eram
1175 3949 1205 4002 et
1218 3945 1325 4000 bellum
1340 3950 1438 4002 contra
1451 3947 1583 4001 Etruscos

308 4020 344 4073 ad
368 4019 484 4074 Cumam
507 4023 625 4090 gestum.
647 4051 679 4058 -
698 4025 740 4073 47.
764 4018 886 4072 felicitas
909 4021 1066 4089 temporum
1090 4021 1122 4072 ut
1143 4017 1271 4072 laborum
1297 4017 1468 4073 oblivionem
1494 4018 1583 4085 affert,

307 4091 349 4144 ita
371 4090 491 4161 gloriam
511 4106 603 4143 rerum
627 4089 698 4143 bene
721 4092 864 4160 gestarum
888 4089 1001 4143 excitat.
1042 4088 1172 4160 Inprimis
1195 4088 1333 4143 hocloco
1355 4092 1440 4159 poeta
1459 4105 1582 4160 pugnam

307 4161 500 4215 Himerensem
527 4160 651 4230 spectat,
679 4177 736 4229 qua
762 4160 846 4215 Hiero
874 4160 989 4229 eiusque
1018 4160 1104 4215 frater
1130 4159 1221 4213 maior
1244 4159 1312 4214 Gelo
1335 4160 1436 4214 Poenis
1464 4159 1583 4214 devictis

309 4232 416 4301 regiam
435 4235 605 4303 potestatem
624 4231 767 4286 consecuti
786 4234 858 4286 sunt.
896 4231 937 4286 De
956 4231 1087 4286 thesauro
1107 4231 1135 4284 in
1155 4231 1318 4285 memoriam
1337 4231 1421 4285 huius
1440 4247 1584 4301 pugnaea

308 4302 413 4357 Gelono
429 4302 576 4372 Olympiae
592 4306 735 4356 exstructa
748 4320 774 4357 v.
789 4302 870 4357 Paus.
886 4321 913 4354 vr
928 4320 961 4365 ιο,
977 4320 988 4358 τ
1002 4305 1032 4356 et
1045 4320 1104 4372 arg.
1120 4302 1151 4356 Ο.
1166 4321 1186 4355 ιι
1202 4304 1269 4357 extr.
1287 4336 1319 4342 -
1335 4309 1377 4357 50.
1398 4311 1450 4356 νῦν
1469 4320 1499 4372 γε
1515 4300 1582 4372 μάν·

309 4374 391 4428 rebus
414 4373 574 4443 praeteritis
597 4377 759 4442 praesentes
783 4373 884 4427 iisdem
922 4373 1049 4428 articulis
1069 4373 1186 4444 opponit
1204 4376 1289 4442 atque
1308 4374 1337 4427 in
1356 4374 1499 4443 prooemio
1518 4392 1542 4426 τ.
1559 4389 1583 4426 ιι

308 4477 342 4485 -
357 4444 409 4498 τάν
423 4443 593 4511 Φιλοκτήταο
607 4442 703 4499 δίκαν·
719 4444 825 4498 bellum
838 4462 889 4514 pro
902 4393 1033 4498 {amanis
1048 4447 1145 4499 contra
1160 4445 1291 4499 Etruscos
1305 4444 1426 4499 feliciter
1441 4442 1583 4514 auspiciis,

308 4533 365 4569 non
384 4516 469 4569 ductu
488 4514 561 4583 regis
576 4515 757 4586 profligatum
772 4516 920 4587 significat,
940 4533 995 4584 quo
1015 4516 1143 4571 debello
1162 4516 1301 4571 Diodorus
1319 4536 1348 4569 τι
1367 4533 1404 4571 nr:
1421 4513 1514 4583 Ἰίρων
1533 4513 1584 4585 μὲν

310 4586 467 4660 ὀβασιλεύς
485 4595 540 4640 τῶν
555 4584 745 4655 Συρακοσίων,
764 4586 1000 4658 παραγενομένων
1018 4587 1087 4655 πρὸς
1107 4588 1194 4642 αὐτὸν
1211 4587 1353 4661 πρέσβεων
1373 4586 1403 4640 ἐκ
1422 4588 1518 4655 Ιίύμιγς
1537 4593 1586 4653 τῆς

306 4655 424 4721 Ἰταλίας
436 4659 484 4711 καί
494 4657 634 4727 δεομένων
648 4660 791 4731 βοηθῆσαι
804 4661 927 4728 πολεμου
948 4658 1022 4721 ένοις
1035 4659 1090 4713 ύπδ
1106 4663 1258 4727 Τυρρηνῶν
1272 4656 1585 4725 θαλαττοκρατούντων,

310 4728 465 4799 ἐξέπεμψεν
484 4730 579 4792 αὐτοῖς
598 4726 756 4799 συμμαχίαν
779 4729 900 4797 τριήρεις
923 4679 1035 4796 ίίιανάς,
1059 4729 1086 4783 ol
1104 4728 1135 4784 dl
1155 4739 1210 4784 τῶν
1229 4739 1300 4784 νεῶν
1318 4729 1424 4784 τούτων
1444 4725 1585 4797 ἡγεμόνες,

311 4801 406 4872 ἐπειδὴ
426 4798 622 4868 παρέπλευσαν
640 4799 710 4868 πρὸς
726 4801 791 4863 τοὺς
807 4801 976 4871 Τυρρηνούς,
993 4800 1097 4865 πολλάς
1115 4800 1146 4855 δὲ
1166 4809 1235 4864 ναῦς
1253 4802 1347 4857 αὐτῶν
1364 4796 1585 4869 διαφθείραντες
