3406 5378
271 363 359 419 ΙΝΙΠ
775 367 1053 420 PROLEGOMENA.

272 551 368 593 usum
392 529 623 613 convertimus,
649 534 686 594 ut
709 530 737 594 si
761 530 817 614 qui
840 551 951 594 versus
976 530 1080 614 capite
1104 553 1163 595 suo
1186 530 1332 615 privatus
1357 528 1551 617 (ἀκέφαλος)

271 658 342 702 esse
365 637 550 721 videbatur,
577 661 650 702 eum
676 661 695 701 a
717 636 804 702 linea
826 637 959 720 paulum
982 660 1235 722 removeremus,
1262 641 1376 703 contra
1398 661 1551 703 versuum

271 744 312 809 ab
337 745 486 809 anacrusi
504 745 728 828 incipientium
748 748 859 808 notam
878 745 1043 809 anacrusis
1062 750 1154 809 extra
1172 744 1291 808 lineam
1311 745 1551 810 collocaremus.

271 847 311 913 In
332 852 396 914 fine
420 856 528 917 autem
552 851 696 916 colorum
720 856 752 916 et
775 874 926 917 versuum
950 852 1053 916 sicubi
1076 856 1173 935 poeta
1195 852 1369 935 ancipitem
1393 852 1551 936 syllabam

272 958 417 1042 admisit,
436 959 470 1022 in
488 959 560 1042 ipsa
578 959 664 1023 linea
681 959 803 1024 iustam
822 959 889 1023 vim
908 959 1050 1044 syllabae
1069 958 1297 1041 indicavimus,
1316 981 1414 1042 supra
1431 959 1552 1024 lineam

272 1087 357 1149 eam,
383 1088 464 1149 quae
492 1066 527 1129 in
554 1066 650 1131 istius
678 1066 785 1130 locum
815 1066 983 1131 succedere
1010 1071 1134 1151 posset,
1163 1065 1397 1131 adnotavimus.
1441 1065 1552 1131 Aliam

270 1171 373 1257 igItur
395 1171 612 1256 rhythmicam
636 1173 702 1237 vim
726 1195 838 1237 versus
1529 1183 1533 1190 '

621 1358 627 1371 .
688 1312 1133 1349 :nummos-so&

272 1384 369 1450 aliam
394 1408 505 1450 versus

688 1508 1006 1544 ;U-U;t)u-u.·.
1077 1510 1096 1544 b.)

272 1640 342 1681 esse
365 1617 535 1682 voluimus.
573 1618 675 1683 lidem
694 1623 804 1684 tamen
822 1619 912 1683 finali
936 1619 1051 1704 longae
1071 1620 1136 1684 vim
1156 1619 1256 1684 trium
1275 1624 1452 1702 quatuorve
1472 1623 1551 1683 tem·

273 1746 388 1807 porum
406 1747 472 1789 uon
491 1715 745 1811 adsignavimus,
764 1722 1024 1810 quandoquidem
1042 1726 1202 1791 incertum
1221 1732 1285 1811 est,
1303 1725 1380 1809 quid
1395 1726 1552 1809 temporis

272 1831 483 1912 productione
502 1832 659 1916 syllabae,
679 1832 754 1916 quid
774 1855 876 1916 pausa
894 1833 983 1896 finali
1002 1855 1114 1897 versus
1134 1833 1298 1917 expletum
1317 1834 1368 1897 sit.
1405 1832 1454 1896 De
1468 1833 1552 1915 peri·

272 1937 361 2021 copis
390 1944 511 2021 autem,
541 1961 622 2022 quae
649 1940 796 2023 pluribus
820 1940 967 2004 versibus
991 1941 1111 2004 arctius
1135 1939 1221 2004 inter
1244 1961 1279 2003 se
1302 1939 1552 2005 cohaerentibus

271 2048 304 2107 et
328 2045 420 2128 quasi
444 2068 544 2110 unum
568 2069 684 2130 corpus
704 2047 920 2112 efficientibus
939 2050 1037 2132 fiunt,
1059 2047 1093 2111 in
1114 2046 1387 2113 commentariolis
1407 2047 1551 2112 metricis

272 2149 409 2235 singulis
435 2151 504 2217 odis
529 2154 715 2237 praemissis
739 2177 836 2237 quam
859 2154 894 2218 in
916 2152 968 2218 his
992 2153 1236 2240 Prolegomenis
1259 2152 1424 2237 disputare
1448 2153 1551 2218 satius

271 2256 428 2322 duximus.
458 2258 691 2343 Responsionis
710 2282 786 2326 vero
802 2261 950 2345 circulos,
969 2260 1086 2346 quibus
1101 2259 1325 2344 Westphalius
1341 2265 1374 2324 et
1389 2259 1550 2325 Henricus

273 2361 471 2428 Schrnidtius
494 2365 529 2429 in
553 2367 620 2430 suis
643 2367 736 2431 libris
761 2368 904 2433 metricis
928 2368 979 2432 usi
1003 2373 1093 2452 sunt,
1115 2367 1322 2432 adhibuimus
1341 2365 1462 2450 nullos,
1485 2388 1550 2431 non

270 2471 363 2555 quasi
383 2469 558 2536 Pindarum
580 2473 663 2537 nihil
686 2474 898 2539 concinnitati
922 2480 955 2540 et
979 2475 1147 2560 analogiae
1172 2473 1335 2538 studuisse
1353 2476 1552 2556 putaremus,

271 2578 326 2642 sed
359 2579 443 2663 quod
475 2580 698 2645 subtilissimis
731 2587 765 2646 et
796 2582 1023 2648 incertissimis
1055 2582 1106 2646 his
1139 2579 1322 2644 rationibus
1354 2578 1549 2644 recentiores

270 2686 423 2750 metricos
447 2687 530 2751 male
554 2689 673 2753 abusos
697 2711 767 2754 esse
791 2689 1011 2776 cognovimus.
1048 2688 1135 2752 Nam
1153 2709 1193 2751 ne
1213 2709 1264 2751 me
1283 2706 1416 2769 prorsus
1435 2686 1470 2750 in
1488 2685 1550 2751 hac

270 2812 304 2855 re
324 2793 483 2858 caecutire
502 2799 611 2879 putes,
634 2795 733 2860 affero
753 2796 935 2879 exemplum
954 2794 1122 2861 Aristonoi
1141 2794 1273 2878 paeanis
1291 2815 1394 2876 nuper
1412 2792 1549 2877 Delphis

269 2900 403 2985 reperti,
431 2901 486 2983 qui
514 2923 587 2966 cum
615 2903 655 2966 ad
678 2902 906 2968 concinnitatis
931 2901 1060 2987 regulas
1084 2900 1326 2967 accuratissime
1350 2900 1549 2984 compositus

271 3007 327 3090 sit,
344 3029 385 3071 ne
405 3029 455 3072 me
475 3009 603 3090 quidem
622 3016 737 3094 poetae
757 3009 927 3075 consilium
946 3008 1040 3093 fugit.
1073 3007 1293 3094 Unaquaeque
1312 3008 1398 3072 enim
1414 3008 1550 3092 stropha

269 3112 367 3178 huius
398 3114 550 3179 carminis
579 3120 707 3181 constat
734 3139 773 3180 ex
801 3115 925 3180 duabus
953 3116 1128 3201 pericopis,
1157 3116 1310 3200 pericopa
1338 3137 1482 3200 quaeque
1510 3137 1549 3179 cx

270 3220 397 3284 duobus
429 3221 591 3306 versibus,
623 3245 734 3287 versus
768 3221 903 3305 quisque
931 3242 970 3285 cx
998 3223 1124 3287 duobus
1153 3223 1246 3307 colis,
1278 3222 1372 3286 colon
1399 3223 1548 3307 quodque

270 3348 308 3391 ex
336 3326 461 3392 duabus
490 3328 637 3414 basibus,
668 3328 756 3393 basis
788 3348 933 3412 quaeque
961 3351 1000 3393 ex
1028 3330 1153 3395 duobus
1182 3329 1317 3413 pedibus
1346 3327 1547 3409 simplicibus

270 3433 332 3497 hoc
355 3435 463 3498 modo:

608 3552 618 3591 ,ἲ
643 3554 751 3591 mov
777 3570 794 3591 ι
821 3542 1068 3607 υμΙῑῡ-υυ
1094 3567 1112 3591 ,ι
1139 3557 1193 3589 u!

606 3641 748 3680 §.omo
775 3658 792 3679 a
819 3627 1121 3695 omlis-imm
1175 3626 1203 3693 sl!

613 3727 660 3769 ²5
687 3748 705 3769 a
731 3723 1069 3780 u-vuLlMun
1096 3746 1113 3767 .·.
1141 3729 1195 3766 υῦ

606 3817 660 3860 aa
687 3850 702 3857 -
730 3805 1120 3873 uacui-leonum
1173 3802 1195 3871 il

394 3913 492 3979 Ἔνθ’
513 3914 577 3979 ἀπὸ
601 3915 768 3998 τριπόδων
790 3912 1004 3997 θεόκτήτων,
1028 3915 1240 3998 χλωρόκομον
1264 3911 1398 3995 δόφννν

402 4026 512 4104 σείων,
535 4022 748 4106 μαντοσύναν
772 4018 957 4108 ἐνοιζχνεῐς,
982 4023 1045 4105 ἰήιε
1068 4020 1192 4101 Παιάν,

402 4130 606 4213 φρικώεντος
630 4127 661 4205 ἐξ
685 4129 810 4192 ἀδύτου
831 4133 834 4207 l
855 4131 1044 4212 μελλόντων
1065 4125 1167 4212 θέμιν
1190 4127 1307 4210 εὐσεβῆ

402 4246 560 4318 χρησμοῖς
583 4235 778 4319 εὐφθόγγων
802 4259 836 4300 τε
859 4237 962 4320 λύρας
981 4234 986 4322 Ι
1007 4236 1139 4317 αὐδαῑς,
1163 4229 1189 4299 ὦ
1214 4238 1242 4297 ἴε
1265 4233 1387 4298 Παιάν.

270 4376 332 4441 Sed
361 4378 402 4441 ab
430 4376 491 4442 hac
519 4380 606 4441 tersa
633 4382 702 4442 arte
730 4382 762 4441 et
790 4378 947 4443 concinna
975 4377 1184 4462 simplicitate
1207 4376 1379 4461 ingeniosa
1401 4397 1547 4441 numero

269 4482 349 4547 sitas
373 4482 502 4547 Dircaei
527 4489 640 4566 poetae
663 4484 853 4570 longissime
878 4485 979 4550 abest.

357 4589 408 4655 Ad
446 4594 624 4655 extremum
661 4592 825 4658 variorum
861 4612 1015 4676 generum
1049 4590 1202 4655 metricae
1235 4587 1482 4674 compositionis
1514 4592 1547 4652 et

269 4696 476 4761 rnetricarum
512 4701 663 4763 notarum
700 4699 734 4763 in
771 4698 831 4763 hac
868 4697 1009 4762 editione
1041 4702 1270 4781 usurpatamm
1302 4695 1462 4759 indiculos
1496 4695 1548 4758 ud-

269 4803 342 4869 dere
365 4804 464 4868 iuvat
