3406 5378
599 376 644 430 lv.
672 376 722 425 DE
740 375 824 427 VITA
842 375 998 430 PINDARI.
1390 375 1435 430 CV

162 533 324 618 ἐγίνοντο.
370 535 390 618 ή
419 532 454 599 δέ
483 536 593 619 χέλυς,
622 538 639 601 ὕ
667 536 757 602 ἐστιν
784 538 804 622 6
832 537 970 622 κιθάρα,
998 537 1030 618 ἐξ
1059 538 1275 625 ἀρχαιοτάτης
1296 542 1440 623 κλήσεως

161 645 440 728 κεκληρονόμηται
472 646 520 720 είς
551 645 685 730 φράσιν.
735 639 777 728 ἦν
808 647 872 731 γάρ
902 647 954 711 ὕτε
983 649 1146 732 ὄστρακον
1173 645 1303 730 χέλυος,
1334 648 1440 729 ήγουν

64 746 69 765 '
161 751 319 835 χελώνης,
346 752 394 826 είς
420 755 566 836 κοίλωμα
591 753 734 838 κιθάρας
757 764 801 840 τῳ
821 751 922 838 Ἑρμῇ
946 752 1195 839 ἐχρησίμευσεν,
1223 754 1268 831 ὡς
1290 752 1345 819 καὶ
1368 752 1437 838 μετ’

162 858 258 940 όλίγα
276 859 483 943 γεγράψεται,
501 857 580 924 καθ’
597 855 638 924 ού
657 859 845 925 ἐνταθεῖσαι
865 858 983 947 χορδαί
1000 862 1060 944 τήν
1074 860 1221 945 κιθάραν
1235 860 1440 927 ἀπετέλεσαν.

163 965 181 1031 6
204 961 240 1029 δέ
265 962 362 1049 ἐσμὸς
384 966 482 1048 δηλοῖ
502 963 563 1050 μέν
586 968 646 1051 τήν
669 969 836 1054 βοτρυδὸν
859 970 1031 1050 συνίζησιν
1054 978 1121 1032 τῶν
1140 972 1315 1051 μελισσῶν,
1338 963 1387 1033 ὧν
1405 967 1441 1033 ἐν
1460 986 1476 1033 5

162 1085 232 1149 τοῖς
258 1072 429 1160 κατωτέρω
457 1079 593 1138 πλατεῖα
621 1077 731 1159 μνήμη
759 1078 859 1140 ἔσται.
905 1076 1083 1140 δασύνεται
1108 1075 1172 1162 γάρ
1197 1075 1261 1141 άπὸ
1284 1085 1344 1141 τοῦ
1367 1074 1439 1155 ἔξω

163 1181 311 1265 κάθισμα
333 1182 397 1265 γὰρ
420 1186 585 1265 μελισσῶν
608 1182 628 1265 6
652 1180 736 1261 λεῖις
759 1184 865 1265 δηλοῖ,
888 1180 942 1247 καὶ
965 1191 1106 1269 συνιστᾷ
1128 1184 1165 1246 τὸ
1189 1184 1274 1248 δασὺ
1294 1182 1441 1249 ἐνταῦθα

163 1297 293 1372 πνεῦμα
315 1287 333 1353 6
357 1290 446 1374 παρὰ
466 1286 680 1375 Ἀριστοτέλει
704 1288 740 1353 ἐν
763 1298 808 1376 τῳ
831 1288 906 1375 περὶ
931 1291 1022 1367 ζώων
1043 1291 1189 1375 ἱστορίας
1207 1290 1363 1374 άφεσμός.
1405 1291 1441 1356 τὸ

165 1392 201 1461 δέ
224 1395 404 1481 κηρόδετον
426 1393 498 1479 μέλι
522 1395 745 1480 άφομοιοῦταί
765 1417 834 1472 πως
853 1405 897 1483 τῳ
916 1393 994 1480 παρ’
1012 1397 1168 1484 Αἰσχύλῳ
1187 1397 1441 1485 κηροπλάστῳ

165 1503 318 1586 δόνακι,
342 1500 378 1578 ὃς
401 1503 499 1585 δηλοῖ
519 1502 556 1567 τὸ
580 1503 730 1587 σύριγγα.
768 1504 956 1579 Μαινάλιος
979 1499 1015 1567 δὲ
1038 1504 1117 1580 θεὸς
1136 1502 1153 1568 6
1173 1504 1251 1569 Πάν
1270 1504 1314 1592 ὡς
1330 1502 1443 1591 Ἀρκα-
1464 1521 1496 1570 10

166 1612 266 1688 δικός.
306 1607 342 1674 έν
360 1609 525 1698 Μαινάλῳ
544 1611 607 1696 γάρ
627 1608 768 1694 ἐτιμᾶτο,
789 1608 962 1697 Ἀρκαδίας
981 1612 1059 1696 όρει.
1097 1613 1223 1696 κερόεις
1242 1607 1277 1675 δέ
1297 1610 1314 1676 6
1334 1611 1444 1694 αὐτός,

166 1714 235 1783 ἐπεὶ
253 1719 459 1802 κερασφόρος
477 1716 660 1801 ἐπλάττετο,
679 1719 735 1782 διὰ
754 1719 811 1795 τὰς
829 1730 897 1782 τῶν
915 1718 1005 1802 ὀρῶν
1024 1716 1135 1802 ἐξοχάς
1153 1718 1211 1795 τάς
1225 1717 1444 1803 ὑψηλοτάτας,

166 1828 203 1890 αἲ
227 1822 326 1890 αὐταὶ
353 1821 451 1908 μέρος
478 1823 541 1889 εἰσί
568 1832 628 1889 τοῦ
656 1827 793 1907 παντός,
822 1827 868 1902 είς
893 1825 911 1889 ὃ
934 1825 1214 1910 μεταλαμβάνεται
1238 1823 1293 1890 καὶ
1316 1826 1334 1893 6
1359 1827 1444 1892 Πάν.

167 1933 217 1999 ὕτι
249 1927 285 1997 δέ
313 1929 433 2018 κέρατα
461 1930 611 2015 ἐλέγοντο
639 1931 694 1996 καὶ
722 1935 758 1997 αι’
783 1931 911 2019 ὀρειναὶ
939 1933 1112 2019 ὕπεροχαί,
1146 1934 1244 2016 δηλοῖ
1269 1932 1287 1998 6
1315 1932 1445 2019 γράψας

164 2036 382 2124 ὑψικέρατα
404 2038 565 2123 πέτραν,
588 2041 650 2123 τήν
672 2037 727 2103 καὶ
751 2038 883 2123 ὑψηλήν
905 2038 960 2104 καὶ
979 2042 1026 2116 είς
1044 2039 1102 2118 ὀξὺ
1122 2041 1299 2122 λήγουσαν.
1336 2040 1445 2124 ὕμνον
1467 2056 1497 2105 15

167 2143 204 2210 δέ
227 2144 339 2221 ἀείσας
361 2145 483 2211 ταύτόν
506 2145 574 2211 ἐστι
596 2157 642 2235 τῳ
667 2145 749 2233 ᾅσας
771 2156 910 2229 παιᾶνα,
936 2148 1009 2230 τὸν,
1033 2148 1077 2225 ὡς
1100 2149 1293 2231 δεδήλωται,
1317 2149 1445 2212 Πινδα-

167 2255 276 2338 ρικόν,
304 2255 336 2317 εί
356 2250 411 2316 καὶ
434 2254 541 2330 ίίλλως
564 2251 710 2340 ἑτεροῖόν
732 2277 763 2317 τι
786 2255 875 2339 παρὰ
898 2254 957 2319 τὸν
978 2255 1087 2339 ὕμνον
1110 2255 1127 2319 ὁ
1151 2255 1262 2320 παιάν.
1308 2255 1447 2332 δόνακες

168 2356 205 2425 δέ
232 2363 356 2445 νόμιοι,
384 2359 532 2425 τουτέστι
556 2364 649 2446 φίλοι
672 2372 741 2437 τοῖς
763 2358 913 2444 νέμουσι·
942 2359 997 2425 καὶ
1020 2363 1079 2445 ὅλη
1103 2361 1219 2448 σύριγξ
1242 2361 1262 2445 6
1286 2372 1331 2450 τῷ
1356 2360 1446 2427 Πανὶ

169 2470 250 2552 φίλη
286 2468 342 2532 διά
379 2469 436 2543 τάς
472 2469 576 2545 πνοάς
612 2480 679 2532 τῶν
711 2470 926 2551 κατακόσμων
958 2462 1089 2553 ἀνέμων
1121 2467 1175 2532 καί
1208 2471 1286 2545 τοὺς
1318 2468 1447 2534 ἐκεῖθεν

168 2575 361 2660 συριγμούς,
385 2574 468 2663 δτῳ
490 2574 579 2640 Πανὶ
599 2574 726 2660 [παντὶ]
747 2577 828 2658 φίλα
848 2576 920 2639 είσί.
957 2573 1012 2639 καὶ
1031 2575 1118 2640 οὕτω
1137 2572 1199 2659 μέν
1216 2575 1253 2641 τὸ
1272 2575 1447 2660 εἰρημένον
1464 2591 1499 2642 20

169 2680 355 2767 ἐπίγραμμα
378 2688 522 2767 θεοφιλῆ
546 2683 698 2768 ἐμφαίνει
722 2681 878 2765 γενέσθαι
902 2681 961 2747 τὸν
985 2683 1168 2768 Πίνδαρον.

258 2788 385 2872 λέγεται
413 2786 450 2855 δέ
478 2789 533 2855 καὶ
561 2791 606 2866 ὡς
628 2791 790 2875 Δημήτηρ
814 2791 896 2875 ὕναρ
919 2785 997 2854 ποτδ
1021 2789 1111 2878 αὐτῷ
1135 2789 1331 2874 ἐπιφανεῖσα
1355 2789 1448 2876 ἐμέμ-

169 2906 269 2978 ψατο,
303 2898 334 2961 εί
363 2899 470 2981 μόνην
502 2906 593 2963 θεῶν
624 2899 729 2982 αὐτὴν
761 2897 821 2981 οὐχ
853 2896 1009 2981 ὕμνησεν.
1059 2896 1077 2962 6
1110 2894 1146 2962 δὲ
1178 2895 1233 2962 καὶ
1264 2899 1312 2974 είς
1342 2897 1448 2982 αὐτὴν

171 3003 339 3088 ἐποίησεν,
370 3004 551 3091 άρξάμενος
583 3006 683 3071 οὕτω.
717 3008 868 3071 Πότνια
900 3006 1136 3090 θεσμοφόρε.
1186 3003 1240 3069 καὶ
1270 3007 1384 3089 βωμὸν
1412 3002 1447 3070 δέ

172 3110 299 3196 ἀμφοῖν
321 3113 385 3197 πρὸ
409 3122 467 3195 τῆς
490 3115 596 3189 οἰκίας
620 3114 787 3199 ἱδρύσατο.
1112 3104 1118 3125 ’
1467 3128 1501 3177 25

258 3217 454 3303 Χαμαιλέων
482 3218 522 3284 δέ
547 3237 629 3304 φασι
656 3219 711 3284 καί
732 3219 859 3304 Ἴστρος
887 3221 1092 3303 ἱστοροῦσιν,
1120 3220 1165 3296 ὡς
1192 3218 1266 3303 περὶ
1290 3218 1449 3285 Ἑλικῶνα

172 3333 345 3412 θηρῶντος
373 3327 476 3391 αὐτοῦ
504 3325 559 3391 καὶ
586 3326 718 3414 καμάτῳ
746 3323 1000 3409 κατενεχθέντος
1025 3328 1072 3403 είς
1095 3325 1216 3408 ὕπνον,
1244 3325 1380 3409 μέλισσα
1404 3336 1448 3414 τῷ

119 3484 129 3497 .
171 3426 308 3518 στόματι
331 3438 585 3519 προσκαθίσασα
608 3436 706 3519 κηρία
730 3431 876 3498 ἐνέθετο·
901 3436 936 3497 οἳ
952 3428 987 3497 δὲ
1007 3434 1089 3517 ὕναρ
1109 3430 1213 3516 φασὶν
1233 3434 1318 3497 ἰδεῖν
1336 3433 1449 3510 αὐτόν,

174 3540 218 3617 ὡς
244 3538 374 3625 μέλιτος
401 3539 454 3607 καὶ
482 3549 586 3626 κηροῦ
613 3545 735 3625 πλῆρες
762 3539 850 3628 αὐτῷ
879 3542 1010 3622 γεγόνοι
1038 3540 1075 3603 τὸ
1104 3542 1216 3624 στόμα.
1262 3536 1316 3604 καὶ
1345 3539 1450 3616 οὕτως

174 3648 409 3732 οἰωνισάμενος
432 3650 541 3712 ἔπειτα
565 3649 612 3724 είς
629 3648 804 3730 ποιητικήν
823 3645 955 3732 ἐτράπη,
979 3645 1263 3731 καθηγησαμένων
1282 3645 1371 3733 αὐτῷ
1391 3656 1450 3711 τοῦ
1469 3662 1503 3712 30

173 3762 295 3840 μαθεῖν
315 3753 341 3838 6
364 3762 424 3818 τοῦ
449 3754 578 3836 Λάσου,
606 3755 651 3830 ὡς
674 3760 814 3840 εἴρηται,
842 3751 862 3835 6
886 3756 945 3817 τὀῦ
966 3751 1145 3836 Ἀθηναίου
1167 3752 1407 3837 Ἀγαθοκλέους
1430 3753 1449 3837 6

140 3876 150 3905 ¹
171 3861 434 3947 Ἀπολλοδώρου,
457 3862 496 3926 ὅν
519 3880 601 3947 φασι
624 3860 677 3927 καὶ
702 3860 943 3947 προϊστάμενον
966 3864 1111 3925 κυκλίων
1135 3871 1244 3945 χορῶν
1267 3858 1350 3945 [καὶ]
1371 3860 1450 3925 άπο-

175 3970 343 4054 δημοῦντα
370 3978 542 4034 πιστεῦσαι
571 3972 631 4054 τήν
658 3970 875 4033 διδασκαλίαν
904 3968 1064 4054 Πινδάρῳ
1091 3965 1186 4031 παιδὶ
1214 3969 1299 4032 ὕντι·
1328 3969 1386 4032 τὸν
1414 3965 1451 4032 δέῑ

171 4072 208 4143 εὕ
232 4078 268 4143 τὸ
286 4073 455 4141 πιστωθέν
475 4078 742 4161 διακοσμήσαντα
761 4078 1012 4161 περιβοηθῆναι.
1055 4071 1141 4150 τινές
1160 4072 1199 4138 δέ
1215 4098 1262 4156 γε,
1286 4073 1331 4150 ὡς
1348 4098 1451 4139 κατω-

171 4183 254 4270 τέρω
282 4185 479 4267 ῥηθήσεται,
507 4185 544 4249 τὸ
572 4196 708 4269 σημεῖον
736 4192 793 4267 τῆς
820 4185 975 4267 μελίσσης
1001 4181 1095 4246 παιδί
1124 4181 1275 4269 νεωτάτῳ
1304 4184 1351 4247 ἐτι
1379 4184 1450 4248 όντι
1469 4198 1503 4248 35

55 4306 63 4321 '
174 4292 333 4379 Πινδάρῳ
354 4289 565 4373 ἐπιγενέσθαι
586 4293 785 4376 ίστοροῦσιν.
823 4290 872 4355 ὕτι
893 4286 928 4353 δέ
948 4288 984 4354 ἐν
1002 4295 1132 4381 παλαιῳ
1152 4288 1372 4375 ἐπιγράμματι
1386 4296 1451 4354 κεῖ-

172 4421 225 4463 ται
248 4409 377 4486 γοργῶς
399 4408 510 4482 μνῆμα
533 4408 592 4463 τοῦ
611 4401 798 4483 μελισσειόυ
818 4398 915 4462 τοῦδε
935 4399 1063 4481 κηρίον,
1086 4397 1270 4480 δεδήλωται
1288 4395 1451 4482 ιἰνωτέρω.

263 4634 287 4682 8.
307 4627 390 4682 Arist.
411 4626 476 4682 hist.
492 4627 576 4682 anim.
590 4648 608 4680 x
623 4633 657 4682 40
676 4648 702 4698 p.
718 4633 793 4695 6242,
809 4633 849 4679 ⁶28.
871 4658 904 4665 κ
924 4632 948 4679 9.
968 4626 1067 4680 Aeseh.
1082 4625 1172 4681 Prom.
1188 4630 1247 4679 574.
1269 4656 1300 4664 -
1323 4631 1364 4679 10.
1384 4625 1452 4688 θεὸς

174 4699 245 4754 coni,
261 4698 468 4754 Schneidewin:
483 4699 569 4762 θετὸς
582 4700 642 4753 cod.
681 4733 691 4737 -
717 4706 757 4753 16.
773 4699 836 4753 fort.
852 4707 907 4751 τῶν
921 4696 993 4751 κατὰ
1007 4695 1111 4765 κόσμον
1127 4694 1247 4766 ἀνέμων.
1264 4728 1299 4736 -
1319 4701 1361 4749 ⁸20.
1377 4698 1453 4750 Πανὶ

174 4772 258 4827 παντὶ
279 4772 338 4826 cod.
383 4805 386 4809 -
413 4777 455 4825 ⁶24.
475 4769 611 4824 fabellam
629 4772 702 4825 hanc
721 4771 755 4824 de
771 4772 868 4824 Cerere
885 4768 1031 4823 exornavit
1044 4768 1126 4822 Ρουε.
1142 4787 1170 4820 xx
1184 4773 1227 4833 23,
1243 4773 1266 4820 3.
1289 4799 1318 4806 -
1340 4773 1382 4819 27.
1402 4771 1453 4820 θε-

177 4852 303 4911 ριοῦντος
322 4842 392 4897 coni.
409 4843 503 4912 Unger
517 4841 620 4897 collato
634 4842 716 4897 Paus.
731 4847 817 4911 11123,
832 4850 857 4897 2.
876 4873 911 4881 -
930 4846 972 4895 34.
992 4839 1145 4895 πιστευθὲν
1160 4839 1231 4893 coni.
1247 4839 1451 4891 Westermann.
