3406 5378
276 352 378 407 Lxxn
780 316 1083 403 eaoanoouanaf'

276 517 439 602 pullorum
469 515 651 601 quadrigis,
681 513 776 598 Pyth.
797 515 836 579 61
868 511 1035 597 pancratio
1062 534 1250 597 puerorum,
1283 511 1377 597 Pyth.
1397 512 1440 577 62
1467 510 1560 596 pullo

282 625 393 709 celete,
415 622 508 707 Pyth.
527 625 569 687 ou
593 622 756 707 pullorum
780 621 865 707 biga.

367 729 498 795 Nemeis
529 733 562 793 et
592 728 739 792 lstlrmiis
774 750 855 813 quae
889 748 1006 812 genera
1037 725 1251 791 certaminum
1282 725 1404 790 suerint
1433 729 1466 790 et
1495 747 1560 810 quo

277 838 425 922 quodque
454 857 539 900 anno
569 835 758 899 institutum
787 835 843 916 sit,
875 856 940 897 non
969 856 1069 918 aeque
1101 832 1274 898 memoriae
1305 833 1470 918 proditum
1501 838 1562 918 est,

276 944 340 1009 nisi
360 944 446 1029 quod
465 941 597 1007 Nemeis
617 941 696 1006 solis
716 941 881 1027 quadrigis
906 939 1064 1028 (donare),
1088 963 1154 1005 non
1178 940 1277 1005 etiam
1301 939 1378 1026 biga
1401 945 1434 1006 et
1457 941 1560 1006 celate

277 1055 438 1117 certatum
461 1071 531 1115 esse
560 1048 685 1113 scholia
708 1048 838 1113 Pindari
861 1073 891 1135 p.
905 1048 972 1112 424
995 1049 1141 1132 tradunt,
1170 1053 1203 1114 et
1230 1047 1473 1132 quinquertium
1497 1046 1560 1112 Ne

277 1158 387 1224 meede
407 1157 449 1222 53
476 1188 515 1209 =
541 1154 701 1238 01.77,4
728 1156 918 1221 institutum
947 1178 1016 1220 esse
1045 1156 1081 1220 in
1108 1155 1240 1221 scholiis
1270 1156 1310 1220 ad
1332 1155 1372 1220 N.
1388 1172 1437 1218 v11
1464 1154 1559 1220 inscr.

276 1264 450 1331 memoriae
478 1262 644 1347 proditum
672 1268 731 1327 est.
775 1264 885 1328 Etiam
913 1263 1090 1329 incertiora
1116 1267 1265 1347 tempora
1291 1262 1491 1346 reliquorum
1514 1262 1560 1326 lu·

276 1373 390 1437 dorum
423 1375 513 1455 sunt;
545 1369 624 1435 solis
656 1370 695 1434 de
724 1370 955 1436 certaminibus
984 1370 1285 1435 Panathenaeorum
1310 1368 1559 1434 Atheniensium

275 1477 498 1565 plenissimam
517 1477 670 1542 notitiam
688 1478 851 1561 lapidibus
871 1478 1034 1561 debemus,
1057 1501 1130 1543 cum
1154 1477 1226 1542 aliis
1250 1482 1321 1542 tum
1344 1476 1466 1541 tabulis
1485 1478 1561 1541 dua·

269 1571 338 1649 bus
359 1583 549 1649 marmoreis
568 1584 688 1649 saeculi
706 1586 816 1669 quarti
831 1584 1024 1650 OIA.115265
1040 1616 1081 1639 =
1097 1583 1341 1670 Dittenbergeri
1356 1584 1428 1668 syll.
1442 1607 1472 1647 n.
1486 1585 1560 1649 395.

277 1691 385 1776 Atque
408 1691 598 1777 principalis
622 1697 655 1756 et
679 1692 907 1776 antiquissima
928 1714 1005 1777 pars
1028 1692 1145 1756 horum
1169 1691 1318 1756 ludorum
1342 1690 1481 1755 musicas
1505 1712 1558 1755 res

277 1798 543 1883 amplectebatur,
567 1803 672 1863 artem
695 1799 767 1864 dico
791 1799 1041 1884 rhapsodorum,
1066 1798 1337 1883 citharoedorum,
1360 1797 1562 1881 anlodorum,

276 1905 457 1987 fidicinum,
484 1905 664 1970 tibicinum.
711 1905 798 1970 Nam
822 1903 952 1970 Solonis
977 1905 1107 1990 quidem
1137 1910 1243 1970 aetate
1270 1905 1438 1969 nulladum
1469 1909 1562 1969 erant

280 2011 431 2099 gymnica
450 2013 500 2076 vel
520 2012 684 2097 equestria
708 2011 896 2097 certamina,
919 2034 1000 2097 quae
1021 2011 1216 2096 sifuissent,
1238 2011 1406 2097 legislator
1426 2011 1563 2095 prudeu-

278 2120 424 2185 tissimus
452 2141 519 2183 non
548 2118 654 2184 solum
678 2118 837 2205 Olympiis
866 2124 899 2183 et
927 2117 1089 2202 Isthmiis,
1119 2117 1174 2182 sed
1202 2117 1301 2183 etiam
1325 2117 1561 2183 Panathenaeis

279 2227 439 2292 victorum
461 2227 606 2311 praemia
630 2227 811 2291 statuisset.
848 2226 980 2292 Pindari
1004 2230 1113 2291 autem
1132 2224 1335 2308 temporibus
1354 2224 1421 2289 iam
1441 2247 1560 2311 magno

277 2334 313 2398 in
339 2332 461 2398 honore
490 2336 583 2397 erant
611 2332 781 2398 multifarii
809 2332 877 2396 ludi
902 2332 1116 2397 Athenienses
1145 2336 1178 2396 et
1206 2332 1380 2416 amphorae
1404 2332 1563 2397 Panathe

277 2440 398 2504 naicae.
445 2438 558 2524 Neque
585 2439 662 2504 ullis
690 2440 776 2504 ludis
804 2440 899 2524 plura
929 2440 1143 2505 certaminum
1172 2461 1290 2524 genera
1313 2443 1419 2523 erant,
1453 2462 1563 2524 quam·

278 2569 376 2631 quam
396 2546 499 2611 maior
522 2568 634 2611 eorum
652 2570 727 2632 pars
753 2546 793 2611 ad
811 2546 945 2612 Pindari
969 2546 1149 2611 carminum
1171 2545 1382 2630 interpretem
1406 2546 1489 2611 nihil
1512 2550 1562 2611 at-

278 2653 370 2717 tinet.
409 2653 568 2737 Gymnias
587 2655 716 2738 quidem
737 2653 915 2718 certamina
932 2653 1234 2718 Panathenaeornm
1254 2657 1346 2717 erant
1364 2675 1481 2718 novem
1499 2653 1562 2719 hoc

278 2761 390 2825 ordine
414 2783 483 2826 sese
508 2761 716 2846 excipientis:
743 2762 887 2844 δόλιχος,
911 2760 1059 2843 στάδιον,
1083 2762 1233 2842 δίαυλος,
1257 2758 1418 2846 immed)
1445 2758 1561 2825 πέντα-

278 2873 375 2952 θλον,
398 2868 495 2950 πάλη,
518 2869 640 2951 πυγμή,
663 2865 877 2951 παγκράτιον,
896 2866 1041 2949 ὁπλίτης,
1061 2889 1124 2952 qno
1143 2889 1182 2930 ex
1202 2866 1313 2930 ordine
1326 2865 1411 2952 Aug.
1426 2866 1562 2932 Momm-

279 2974 402 3059 senius,
430 2973 644 3059 Heortologie
671 2997 701 3059 p.
724 2974 788 3037 145
825 2972 987 3057 sagaciter
1022 2973 1155 3059 collegit
1187 2975 1302 3038 ἵππιον
1335 2973 1461 3059 δρόμον
1494 2975 1561 3040 sive

280 3103 410 3145 cursum
438 3085 578 3165 quatuor
607 3079 787 3145 stadiorum
815 3083 847 3143 et
877 3078 1016 3162 ὁπλίτην
1043 3081 1169 3165 δρόμον
1202 3081 1268 3146 sive
1302 3085 1463 3146 armatum
1492 3104 1562 3146 cur-

281 3211 361 3272 sum,
386 3210 458 3253 cum
483 3186 599 3251 ultimo
624 3187 696 3252 loco
720 3186 773 3250 hic
797 3185 942 3250 omnium
966 3187 1188 3271 certaminum,
1214 3187 1268 3253 ille
1292 3210 1387 3254 cursu
1411 3189 1561 3254 certami-

279 3318 357 3360 num
375 3294 553 3360 collocatus
568 3298 663 3377 esset,
681 3297 757 3378 post
776 3291 902 3376 reliqua
921 3299 1046 3379 septem
1065 3295 1243 3360 certamina
1262 3294 1431 3360 institutos
1449 3292 1560 3381 esse.¹)

279 3402 490 3487 Equestrium
509 3422 585 3465 vero
606 3400 819 3465 certaminum
842 3401 1051 3486 praecipuum
1070 3402 1133 3467 fuit
1157 3401 1326 3486 ἄποβάτου
1349 3401 1404 3467 καὶ
1425 3403 1561 3486 ἡνίοχον

280 3509 525 3593 ἐμβιβάζοντος,
558 3529 621 3591 quo
650 3506 825 3572 certamine
854 3512 999 3572 armatus
1023 3508 1164 3593 apobata
1193 3509 1228 3574 in
1259 3509 1364 3574 medio
1395 3530 1491 3574 cursu
1522 3508 1560 3572 de

281 3615 358 3700 biga
382 3614 552 3680 desiliebat
576 3618 609 3678 et
633 3615 788 3680 currendo
812 3614 923 3700 bigam
948 3615 988 3679 ab
1013 3615 1127 3700 auriga
1150 3621 1272 3681 rectam
1296 3615 1465 3701 aequabat.

371 3722 550 3804 Postquam
575 3719 665 3784 varia
693 3720 871 3785 certamina
898 3720 1145 3805 praecipuorum
1175 3723 1324 3788 ludorum
1352 3722 1562 3808 perlustravi-

283 3852 364 3914 mus,
387 3828 500 3913 paucis
524 3849 682 3913 exponere
705 3826 806 3910 iuvat,
829 3848 910 3910 quae
934 3827 969 3889 in
993 3849 1111 3913 genera
1133 3828 1191 3894 illa
1213 3829 1441 3914 comprehendi
1466 3829 1564 3893 solita

282 3935 356 3998 sint.
399 3934 473 3998 Duo
497 3935 599 4019 igitur
623 3956 740 4020 genere
764 3932 977 3998 certaminum
1000 3934 1098 4020 vulgo
1123 3935 1416 4021 distinguebantur,
1439 3935 1563 4019 gymni-

283 4065 357 4106 cum
377 4040 483 4125 (ἀγὼν
503 4038 674 4125 γυμνικός)
698 4045 731 4104 et
755 4044 904 4124 equestre
928 4037 1034 4125 (ἀγὼν
1050 4038 1242 4127 ἱππικόςῂδ)
1267 4061 1404 4124 quorum
1425 4041 1561 4107 duorum

284 4168 438 4232 generum
461 4149 558 4232 longe
581 4146 877 4232 splendidissimum
897 4152 1045 4230 equestre
1064 4147 1136 4231 fuit,
1160 4148 1243 4211 unde
1268 4147 1297 4211 ei
1321 4147 1474 4231 mythicis
1497 4149 1565 4232 qui-

283 4255 355 4319 dem
378 4253 581 4339 temporibus
608 4253 733 4337 primus
757 4253 846 4318 locus
860 4253 1111 4340 assignabatur.
1157 4254 1230 4318 lioc
1258 4259 1366 4318 autem
1396 4257 1562 4340 proprium

291 4516 333 4570 ‘ll
372 4447 398 4513 1)
423 4443 557 4514 latrator,
585 4463 657 4517 agon
682 4446 786 4500 dicitnr
811 4465 828 4501 a
852 4447 969 4502 Platone
993 4448 1065 4517 legg.
1086 4467 1134 4499 vrn
1159 4467 1184 4517 p.
1201 4453 1252 4499 833
1269 4448 1303 4518 B,
1327 4448 1506 4505 librariorum
1535 4448 1564 4501 ni

282 4522 491 4672 m'ortlrrllidc
521 4594 616 4645 tamen
644 4590 678 4643 de
707 4590 793 4645 simili
821 4589 976 4644 mutatione
1011 4590 1116 4644 ordinis
1145 4591 1328 4646 certaminum
1356 4592 1563 4661 Olympicorum

282 4662 356 4713 mim
372 4680 401 4783 lli
417 4679 570 4786 Lviilidnnl.
585 4751 611 4784 vr
631 4738 672 4787 38.
711 4734 782 4787 l'lnl.
802 4733 874 4800 legg.
892 4752 939 4785 vrn
963 4752 988 4803 p.
1005 4738 1065 4788 833.
1098 4735 1213 4789 Panse
1234 4746 1261 4793 ’.1,
1282 4742 1306 4789 3.
1341 4734 1433 4788 Strub.
1454 4740 1562 4787 111155.

282 4802 369 4861 schol.
385 4803 465 4857 Pind.
486 4824 511 4874 p.
526 4811 585 4857 42¹5.
