3406 5378
272 275 319 329 CX
772 277 1049 331 Pnonndosssdnn

152 419 156 426 ¹
268 436 303 503 δὲ
328 439 502 523 Μυρτίδος
529 442 698 522 γυναικός·
727 440 871 521 γεγονώς
898 440 980 504 κατά
1003 441 1064 523 τήν
1087 438 1132 517 ξέ
1151 439 1354 523 ὀλυμπιάδα,
1381 441 1463 504 κατὰ
1486 441 1548 524 τήν

268 544 393 632 Ξέρξου
423 549 598 631 στρατείαν
629 547 678 612 ὢν
710 545 792 611 ε’τῶν
823 545 869 630 μ’.
914 544 970 610 καὶ
998 545 1142 632 ἀδελφὸς
1168 543 1228 628 μὲν
1256 542 1298 629 ἦν
1325 546 1414 633 αὐτῷ
1442 547 1548 630 ὄνομα

266 651 431 737 Ἐρωτίων
448 652 503 718 καὶ
522 655 595 730 υίὸς
608 657 813 737 Δαΐφαντος,
832 652 1014 739 θυγατέρες
1034 650 1070 717 δὲ
1090 655 1237 737 Εὔμητις
1254 651 1310 717 καί
1330 654 1548 739 Πρωτομάχη.

267 758 322 824 καὶ
354 759 476 844 συνέβη
506 760 595 846 αὐτῷ
624 769 684 824 τοῦ
712 762 789 843 βίου
817 762 950 844 τελευτή
979 758 1050 825 κατ’
1076 760 1185 844 εὐχάς·
1218 762 1390 842 αἰτήσαντι
1418 762 1481 845 γάρ
1509 763 1547 824 τὸ

233 866 444 931 σκάλλιστον
471 866 560 953 αὑτῷ
590 868 729 949 δοδήναι
757 878 824 932 τῶν
850 865 886 932 ἐν
910 877 955 954 τῷ
978 870 1057 954 βίω,
1084 866 1213 951 ἀθρόον
1236 868 1339 932 αὐτὸν
1362 867 1547 933 ἀποθανεῖν
1617 898 1622 907 ·

269 972 304 1038 ἐν
331 974 463 1062 θεάτρῳ
492 972 748 1058 ἀνακεκλιμένον
771 976 818 1050 είς
841 975 880 1037 τά
904 983 964 1038 τοῦ
987 973 1154 1060 ἐρωμένου
1180 973 1340 1052 Θεοξένου
1364 975 1467 1040 αὐτοῦ
1491 977 1547 1057 γό-

267 1105 365 1165 νατα,
393 1080 475 1146 ἐτῶν
497 1078 557 1145 νέ.
603 1084 725 1165 ἔγραφε
748 1077 784 1144 δὲ
808 1078 845 1145 ἐν
867 1083 1009 1164 βιβλίοις
1033 1078 1074 1159 ιζ’
1094 1083 1225 1168 Δωρίδι
1248 1080 1406 1169 διαλέκτῳ
1429 1090 1546 1146 ταῦτα·

266 1186 525 1272 Ὀλυμπιονίκας,
549 1191 774 1270 Πυθιονίκας,
797 1190 970 1272 προσόδια,
993 1188 1168 1273 παρθένια,
1192 1187 1445 1274 ἐνθρονισμοός,
1468 1191 1546 1272 βακ-

267 1294 357 1378 χικά,
394 1295 645 1380 δαφνηφορικά,
681 1305 837 1378 παιᾶνας,
869 1295 1099 1381 ὑπορχήματα,
1131 1295 1273 1379 ὕμνους,
1304 1295 1546 1381 διθυράμβους,

218 1421 249 1465 10
269 1405 395 1484 σκόλια,
417 1400 570 1485 ἐγκώμια,
588 1404 749 1486 θρήνους,
768 1402 918 1488 δράματα
936 1403 1074 1488 τραγικά
1094 1401 1177 1486 leil,
1196 1400 1422 1487 ἐπιγράμματα
1441 1401 1547 1484 ἐπικά,

266 1507 321 1572 καί
343 1509 573 1591 καταλογάδην
595 1506 805 1595 παραινέσεις
827 1521 897 1586 τοῖς
912 1508 1048 1592 Ἕλλησι
1071 1507 1125 1574 καί
1149 1511 1232 1574 ἀλλα
1254 1514 1398 1575 πλεῖστα.

356 1616 406 1681 ὅτι
434 1616 492 1692 τὰς
517 1617 628 1699 Θήβας
655 1618 716 1699 τήν
743 1619 841 1681 πόλιν
863 1614 1079 1703 Ἀλέξανδρόν
1106 1633 1210 1700 φασιν
1233 1618 1280 1691 είς
1302 1617 1426 1700 ἔδαφος
1448 1640 1546 1681 κατα-

266 1723 389 1800 σκάψαι
416 1720 471 1787 καὶ
498 1724 584 1806 πλὴν
613 1721 727 1808 ίερέων
754 1747 787 1787 τε
811 1721 865 1786 καὶ
890 1724 1018 1809 ίερειῶν
1041 1726 1120 1798 τοὺς
1142 1724 1264 1798 άλλους
1287 1721 1543 1807 ἀνδραποδίσαι·

265 1828 321 1895 καὶ
348 1831 408 1913 τήν
434 1829 607 1915 Πινδάρου
636 1826 672 1893 dl·
700 1839 760 1893 τοῦ
787 1838 927 1911 ποιητοῦ
956 1831 1064 1893 οίκιάν
1091 1828 1146 1893 καί
1174 1831 1252 1903 τοὺς
1275 1828 1463 1911 ἀπογόνους
1484 1839 1545 1894 τοῦ

216 1954 247 2001 ιο
267 1935 442 2022 Πινδάρου
475 1935 630 2018 λέγουσιν
658 1936 708 2000 ότι
737 1935 878 2011 ἀπαθεῖς
905 1935 1066 2021 ἐφύλαξεν
1093 1938 1186 2000 αἰδοῖ
1209 1946 1250 2021 τῇ
1278 1934 1469 2021 Πινδάρου,
1502 1936 1547 2011 ὥς

267 2061 371 2128 φησιν
393 2041 564 2128 Ἀρριανὸς
587 2043 604 2108 ὁ
629 2044 794 2129 ίστορικὸς
817 2042 853 2107 ἐν
876 2052 915 2128 τῇ
939 2042 1096 2126 ἀναβάσει
1117 2041 1334 2128 Ἀλεξάνδρου
1359 2041 1385 2126 [1
1404 2041 1450 2125 9].
1550 2045 1554 2052 ’

356 2151 527 2236 Πίνδαρος
550 2155 758 2216 Σκοπελίνου
780 2153 935 2233 Θηβαῖος,
958 2148 1012 2215 καὶ
1036 2151 1302 2234 condolomatis,
1326 2148 1462 2227 ἀνεψιὸς
1484 2158 1545 2213 τοῦ

265 2256 437 2344 προτέρου.

890 2523 919 2578 F.

762 2648 852 2716 Fasti
875 2648 1047 2716 Pindarici.

267 2797 333 2860 522
352 2818 379 2859 a.
395 2792 478 2879 Chr,
502 2792 550 2857 Ol.
566 2795 654 2877 oda
678 2791 853 2857 Pindarum
877 2797 991 2859 natum
1013 2815 1083 2859 esse
1102 2793 1286 2859 Boeckhius
1306 2811 1329 2856 11
1350 2796 1379 2872 2,
1401 2795 1441 2859 13
1460 2814 1545 2859 oom-

354 2901 506 2985 probavit
537 2922 576 2964 ex
609 2921 661 2979 eo,
694 2898 780 2983 quod
807 2898 947 2965 Persicis
979 2905 1076 2984 poeta
1108 2900 1392 2986 quadragesimum
1424 2922 1542 2965 annum

355 3007 472 3071 rietatis
501 3006 606 3091 egisse
630 3028 650 3069 a
673 3003 772 3070 Suida
795 3006 950 3092 traditnr3
978 3007 1076 3071 tertio
1100 3013 1209 3071 autem
1233 3024 1317 3071 anno
1342 3005 1544 3092 Olympiadis

356 3135 389 3177 se
412 3118 525 3177 natum
548 3116 646 3197 poeta
669 3112 739 3196 ipse
762 3113 842 3177 dicit
864 3113 902 3178 fr.
926 3115 997 3180 193.

266 3222 331 3286 518
351 3243 376 3284 a
393 3218 478 3303 Chr.
501 3218 549 3283 Ol.
565 3221 652 3305 65‚3
675 3221 757 3284 κατά
779 3218 979 3305 Ὀλυμπιάδα
1003 3220 1048 3299 ξε’
1067 3226 1181 3286 natum
1200 3220 1376 3287 Pindarum
1394 3221 1543 3306 perhibet

356 3324 485 3410 Suidas,
514 3326 599 3411 quod
627 3350 700 3392 cum
728 3327 784 3391 alii
808 3334 878 3393 tum
901 3328 1188 3412 Wilamowitzius‚
1216 3328 1317 3393 Arist.
1337 3352 1367 3393 u.
1390 3328 1500 3393 Athen
1518 3345 1544 3391 11
1605 3332 1608 3336 ’

356 3434 434 3517 302,
462 3434 684 3518 comprobant.
730 3434 803 3520 Ego
827 3457 968 3500 errorem
993 3434 1111 3501 Suidae
1135 3458 1173 3500 ex
1196 3435 1280 3499 falsa
1303 3435 1566 3519 computatione·

356 3539 567 3624 grammatici,
591 3540 645 3624 qui
664 3539 821 3626 Pythiade
848 3545 886 3607 11
911 3549 1042 3627 poetam
1065 3547 1179 3607 natum
1203 3564 1272 3607 esse
1295 3542 1330 3606 in
1350 3542 1483 3607 scholiis
1502 3540 1543 3606 ad

354 3647 393 3710 fr.
415 3648 476 3712 193
500 3647 691 3712 adnotatum
713 3649 887 3735 invenerit,
909 3652 1091 3734 profectum
1115 3672 1185 3714 esse
1208 3649 1366 3734 suspicor.

266 3755 331 3819 502>
350 3750 478 3840 (498)¹)
498 3776 525 3817 a.
541 3752 625 3840 dha,
638 3755 741 3840 Pyth.
757 3759 800 3822 22
824 3757 978 3842 Hippocli
1001 3757 1158 3822 Thessalo
1181 3756 1289 3822 diaulo
1313 3756 1430 3821 victori
1454 3755 1544 3821 misit

354 3859 388 3923 P.
408 3877 440 3923 x.

265 3968 330 4032 494
350 3965 445 4053 (duo)
465 3990 491 4031 a.
507 3965 591 4052 Chr„
613 3967 708 4052 Pyth.
723 3971 766 4035 24
789 3969 993 4057 Thrasybulo
1013 3970 1231 4059 Agrigentino
1251 3969 1422 4035 victoriam
1440 3968 1545 4034 Xeno·

355 4074 453 4138 cratis
478 4074 613 4159 Delphis
637 4081 763 4160 partam
788 4079 972 4163 gratulatur
995 4077 1030 4142 P.
1050 4096 1095 4143 vl.

356 4274 379 4319 3.
400 4265 560 4336 Διόφαντος
578 4269 658 4323 codd.
680 4303 711 4309 —
733 4277 755 4324 7.
775 4271 819 4325 νε’
836 4272 925 4340 codd,
944 4272 976 4325 π’
994 4271 1024 4324 όλ
1052 4270 1407 4337 m'coni.Wila1n0witz‚
1426 4268 1543 4324 Aristot.

267 4355 292 4391 u.
308 4339 407 4392 Athen.
423 4358 443 4390 n
458 4344 522 4405 3023
543 4360 558 4392 ν
577 4356 610 4393 en
630 4341 820 4411 duplicatione
839 4347 939 4410 ortum,
961 4347 983 4397 E
1003 4360 1036 4396 ex
1053 4346 1078 4395 Γ
1095 4342 1280 4412 depravatum
1299 4359 1359 4396 ease
1374 4341 1494 4397 videtur.
1509 4372 1543 4381 -

267 4414 290 4533 il
315 4412 379 4533 prppt
402 4413 579 4474 Πυθιονίκας
603 4413 666 4466 add.
686 4413 804 4468 Kuesier
823 4413 999 4486 Νεμεονίκας
1022 4415 1070 4468 καί
1090 4412 1287 4484 Ἰσθμιονίκας
1310 4447 1340 4453 -
1364 4419 1403 4466 10.
1424 4412 1460 4478 ιζ’
1476 4412 1544 4467 decl.

291 4497 366 4552 erg'.

357 4664 382 4727 1)
410 4661 475 4715 annii
506 4663 614 4717 uncinis
637 4665 738 4720 inclusi
762 4671 828 4721 sunt
850 4665 1070 4735 computationis
1095 4664 1271 4735 Bergkianue
1295 4663 1479 4733 Pythindum,
1509 4663 1546 4719 de

268 4731 369 4799 quibus
390 4733 452 4786 vido
472 4754 497 4804 p.
513 4735 657 4792 dxxxvi.
