3406 5378
808 351 1082 404 PROLEGOMENA.

693 586 743 650 De
773 587 908 651 ordine
938 586 1201 652 certaminum.

394 708 572 793 Postquam
601 732 699 795 supra
723 711 787 775 iam
810 711 845 775 in
868 711 1008 776 transitu
1037 733 1141 795 pauca
1166 711 1204 774 de
1233 710 1343 774 ordine
1372 710 1588 775 certaminum

304 815 455 880 ludorum
474 815 788 882 Panathenaicorum
807 818 1029 903 delibavimus,
1052 818 1104 882 hie
1128 817 1256 902 plenius
1275 818 1313 881 de
1336 840 1370 882 re
1394 817 1588 883 difficillima

304 922 459 987 disserere
479 923 574 987 nobis
593 923 700 989 visum
719 931 777 990 est.
817 925 1020 1009 Quamquam
1039 925 1141 1011 igitur
1159 946 1262 1009 neque
1277 924 1428 989 omnibus
1447 925 1481 988 in
1500 924 1587 1005 ludis

302 1052 406 1114 neque
429 1029 543 1095 iisdem
568 1037 599 1094 in
623 1031 708 1095 ludis
728 1033 816 1097 omni
836 1037 981 1116 tempore
999 1033 1085 1097 idem
1105 1033 1183 1097 erdo
1203 1031 1417 1097 certaminum
1439 1037 1586 1097 servatus

303 1141 362 1220 est,
385 1142 496 1201 tamen
518 1136 580 1202 hoc
604 1137 669 1202 fere
695 1161 821 1224 semper
845 1145 877 1204 et
901 1140 1020 1223 ubique
1045 1138 1265 1222 obtinuerunt,
1288 1144 1325 1202 ut
1348 1138 1453 1203 stadio
1478 1160 1588 1204 curso-

302 1242 393 1307 ribus
422 1243 563 1328 primum
586 1245 694 1309 locum
718 1246 932 1331 assignarent.
978 1246 1086 1330 Atque
1109 1245 1174 1310 iam
1199 1244 1360 1329 Odysseae
1383 1246 1586 1330 temporibus

303 1372 441 1414 acursu
464 1349 626 1416 Phaeaces
654 1352 786 1417 initium
814 1354 957 1419 certandi
986 1354 1132 1418 fecerunt
1154 1351 1414 1439 (Od.vn1120'),
1441 1353 1475 1416 in
1499 1358 1587 1418 cata·

304 1457 390 1543 logis
409 1480 485 1522 vero
506 1458 802 1543 Olympionicarum
823 1461 929 1525 stadio
948 1460 1088 1525 victores
1107 1460 1211 1544 primo
1231 1460 1303 1525 loco
1328 1459 1478 1524 collocati
1499 1466 1586 1543 sunt,

302 1564 385 1628 unde
415 1588 434 1629 a
464 1565 569 1629 stadio
600 1566 780 1632 victoribus
812 1567 958 1653 singulas
986 1566 1203 1652 Olympiades
1224 1567 1463 1652 chronographi
1494 1573 1587 1633 nota-

303 1671 423 1758 bant.¹)
465 1673 590 1737 Eodem
613 1675 708 1737 modo
730 1673 922 1758 Pythiornm
943 1673 1119 1758 Sophocles
1139 1674 1190 1738 El.
1211 1675 1275 1739 684
1299 1674 1426 1759 δρόμου
1449 1675 1587 1761 πρώτην

302 1782 414 1863 κρίσιν
436 1780 536 1844 fuisse
561 1779 653 1864 dicit,
676 1786 709 1844 et
732 1780 871 1845 Athenis
895 1781 1001 1846 stadie
1025 1780 1141 1846 victori
1169 1780 1242 1864 plus
1266 1780 1496 1866 amphorarum
1520 1783 1585 1847 olei

302 1909 400 1971 qnam
428 1887 634 1971 quinquertio
659 1889 708 1951 vel
733 1888 821 1952 lucta
848 1889 1038 1973 pugilatuve
1062 1887 1240 1952 victoribus
1263 1889 1407 1973 praemio
1436 1889 1586 1954 dabatur.

301 1992 449 2078 lienique
477 1994 575 2058 etiam
603 1994 816 2079 philosophus
840 1994 944 2080 Plato,
967 1996 1050 2080 legg.
1070 2012 1132 2058 V111
1155 2018 1186 2079 p.
1201 1996 1265 2061 333
1289 2018 1309 2059 a
1332 1996 1437 2061 stadie
1466 2001 1502 2061 ut
1525 1996 1587 2061 ini-

301 2100 385 2165 tium
408 2100 557 2166 ludorum
581 2102 673 2165 lieret
695 2100 902 2188 praecepit.²)
947 2102 1097 2167 Alterum
1120 2100 1294 2165 verisimile
1323 2107 1372 2165 est
1395 2102 1585 2168 institutum

300 2206 415 2290 fuisse,
444 2203 481 2271 'ut
505 2230 586 2291 quae
614 2207 793 2291 posteriore
822 2213 968 2293 tempore
992 2213 1122 2293 recepta
1144 2213 1253 2273 essent
1276 2209 1452 2273 certamina
1475 2209 1585 2274 locum

300 2318 376 2397 post
409 2313 587 2378 certamina
617 2314 736 2378 dudum
770 2320 900 2399 recepta
933 2315 1134 2380 sortirentur.
1189 2316 1392 2399 Quamquam
1423 2316 1484 2381 hoc
1516 2338 1585 2381 non

299 2425 367 2485 tam
391 2421 485 2485 arixie
510 2420 743 2506 observabant,
772 2427 808 2485 nt
835 2422 917 2486 nihil
941 2422 1179 2506 opportunitati
1204 2428 1237 2486 et
1261 2422 1449 2486 variationis
1474 2422 1584 2488 studio

301 2528 415 2592 darent
426 2525 452 2615 ³)
481 2533 538 2593 aut
566 2551 740 2613 puerorum
770 2530 946 2594 certamina
974 2534 1088 2594 contra
1114 2529 1284 2593 hominum
1308 2528 1584 2614 exspectationem

300 2635 452 2699 ultimum
475 2635 510 2700 in
533 2636 640 2702 locum
664 2637 831 2703 reicerent.
877 2636 939 2700 Sed
963 2636 995 2700 id
1019 2641 1128 2700 tamen
1151 2658 1190 2699 ex
1214 2635 1445 2721 chronologico
1470 2634 1583 2701 ordine

299 2741 518 2807 institutionis
542 2744 756 2808 certaminum
780 2765 877 2827 supra
901 2742 1048 2826 exposito
1073 2743 1208 2827 mansit,
1235 2747 1273 2806 nt
1295 2742 1460 2826 equestria
1482 2748 1583 2808 certa·

299 2849 388 2913 mina
410 2849 477 2913 fere
506 2849 622 2913 ultima
644 2849 818 2933 inirentur,
847 2870 910 2933 quo
934 2848 1022 2914 sacto
1054 2849 1131 2929 illud
1156 2871 1283 2933 qnoque
1307 2848 1473 2915 consecuti
1496 2855 1584 2935 sunt,

299 2961 335 3020 ut
363 2978 404 3021 ne
431 2956 601 3020 hominum
632 2956 739 3020 studia
770 2956 937 3041 spectandi
967 2956 1184 3039 remitterent,
1216 2957 1272 3021 sed
1300 2958 1340 3021 ad
1368 2956 1520 3020 ultimum
1549 2962 1584 3021 ct

302 3061 599 3146 splendidissimum
624 3084 726 3149 genus
750 3063 964 3129 certaminum
988 3064 1198 3148 spectandum
1223 3064 1433 3149 erigerentur.

389 3168 529 3233 Multum
552 3170 683 3235 veroin
710 3170 798 3234 omni
822 3170 882 3235 hac
906 3170 1095 3255 <quaestione
1118 3170 1293 3253 referebat,
1319 3175 1399 3253 quot
1423 3169 1490 3234 dies
1515 3192 1581 3234 cer·

299 3275 477 3340 taminibus
504 3275 653 3342 ineundis
684 3282 958 3342 consumerentur.
1012 3275 1194 3342 Minoribus
1224 3276 1310 3341 enim
1340 3275 1374 3340 in
1403 3275 1488 3341 ludis
1518 3275 1582 3341 hoc

298 3382 365 3447 fere
392 3382 581 3447 institutum
611 3389 694 3469 erat,
723 3389 760 3449 nt
787 3384 893 3468 primo
922 3384 972 3447 die
1001 3406 1092 3449 sacra
1115 3385 1244 3468 fierent,
1276 3383 1380 3447 altero
1404 3382 1583 3448 certamina

300 3487 452 3576 omnia.⁴)
495 3490 684 3576 Olympicae
708 3496 817 3556 autem
839 3491 939 3555 feriae
963 3514 1037 3555 cum
1060 3490 1192 3554 Pindari
1216 3494 1322 3554 aetate
1348 3489 1489 3574 quinque
1514 3489 1581 3553 die-

299 3619 371 3662 rum
390 3601 507 3680 essent,
531 3597 571 3661 ad
591 3597 760 3662 minimum
780 3604 845 3662 tres
864 3596 932 3661 dies
951 3597 1048 3661 medii
1068 3596 1299 3661 certaminibus
1323 3594 1582 3681 explebantrrr.‘'‘l

391 3812 416 3877 1)
436 3807 513 3863 (loni.
534 3808 606 3864 Plnt.
622 3813 730 3878 (quaest.
746 3827 824 3865 conv.
841 3811 863 3862 ll
880 3816 903 3863 ὁ.

389 3884 416 3943 a)
435 3880 529 3934 Etiam
544 3880 616 3935 Plnt.
633 3886 740 3950 quaest.
756 3899 835 3935 conv.
850 3881 877 3934 11
890 3888 914 3947 ι’),
933 3888 945 3933 1
965 3882 1087 3933 testatur
1104 3880 1197 3934 stadio
1215 3880 1335 3948 prinnnn
1353 3883 1490 3933 certatum
1506 3896 1581 3936 esse:

301 3962 384 4007 ποῖον
403 3948 454 4007 obv
473 3949 544 4021 quiq
564 3973 605 4016 τις
624 3951 661 4007 ἂν
679 3962 734 4007 τῶν
753 3951 954 4023 ἀγωνισμάτων
973 3950 1116 4021 γεγονέναι
1138 3962 1248 4019 πρῶτον
1266 3950 1282 4019 ἢ
1297 3951 1328 4005 τὸ
1346 3950 1469 4016 στάδιον,
1488 3950 1581 4019 ὥσπερ

300 4022 469 4093 Ὀλυμπίασι.
511 4022 702 4077 Nihilominus
730 4025 872 4093 quondam
895 4023 1002 4077 Polites
1028 4022 1143 4091 qnidam
1170 4026 1310 4077 certamen
1335 4021 1511 4093 Olympicum
1537 4023 1581 4077 ita

302 4095 373 4162 iniit,
394 4098 425 4147 nt
445 4094 576 4148 similiter
595 4099 680 4163 atque
694 4096 812 4150 Athenis
831 4096 938 4148 lactum
957 4098 1000 4148 est
1019 4112 1053 4157 [v.
1072 4112 1156 4165 snpra
1174 4114 1200 4164 p.
1216 4098 1300 4164 axxn)
1319 4094 1440 4165 primum
1459 4093 1581 4161 doliche,
1621 4142 1629 4151 .

302 4166 403 4219 deinde
423 4164 516 4219 stadio
536 4170 563 4220 et
583 4166 679 4221 diaulo
699 4172 827 4231 certaret,
847 4166 956 4235 quade
976 4184 1005 4219 rc
1025 4186 1049 4220 v.
1065 4166 1184 4221 Panum
1198 4172 1239 4231 13,
1253 4173 1277 4220 3.

390 4240 416 4289 :lt
436 4237 477 4290 De
491 4237 648 4292 mutatione
663 4238 768 4293 ordinis
784 4237 825 4293 ol.
838 4257 947 4291 cxxxxn
963 4237 1130 4292 Clitomachi
1146 4237 1238 4308 gratia
1253 4238 1339 4301 facto,
1358 4242 1390 4289 nt·
1404 4236 1579 4307 plaustellum

298 4312 365 4361 anto
384 4307 543 4379 pugilatum
563 4310 648 4378 lieret,
670 4329 695 4364 v.
716 4310 797 4363 Pons.
813 4329 839 4362 rr
856 4316 898 4375 15,
913 4315 936 4361 4,

388 4383 416 4435 tl
435 4379 494 4433 Hoc
514 4379 549 4433 de
568 4380 709 4434 'l'hebanis
729 4381 801 4435 ludis
816 4379 959 4435 Heracleis
979 4379 1105 4433 disertim
1124 4380 1209 4433 refert
1229 4380 1287 4450 ipsc
1302 4379 1441 4433 Pindarus
1456 4380 1475 4433 l.
1491 4398 1521 4431 111
1536 4384 1579 4431 86.

388 4455 415 4519 ῠ)
435 4450 476 4503 Ex
491 4450 552 4505 loco
567 4451 682 4505 Pindari
697 4452 728 4505 O.
739 4459 786 4505 vo
806 4452 862 4507 ὑπὸ
881 4448 1048 4521 βουθυσίαις
1064 4448 1176 4505 ἀέθλων
1195 4472 1223 4506 τε
1243 4448 1434 4521 πεμπαμέροις
1453 4448 1580 4519 ἁμίλλαις

300 4520 397 4584 ἵπποις
416 4520 543 4590 ἡμιόνοις
561 4542 590 4576 τε
609 4527 790 4598 μοναμπυκίᾳ
811 4543 838 4578 re
853 4522 982 4591 equidem
1002 4522 1168 4576 concludere
1182 4540 1238 4577 non
1253 4522 1343 4576 ausim
1358 4526 1417 4576 tum
1435 4522 1579 4602 temporis,

300 4592 317 4647 i.
334 4610 356 4648 e,
378 4592 419 4647 Ol.
436 4612 526 4645 nxxxn
550 4594 705 4648 certamina
728 4613 810 4666 super
834 4594 957 4665 quinque
978 4593 1039 4648 dies
1058 4593 1211 4648 distributa
1230 4594 1324 4649 scrisse.
1362 4594 1435 4647 Nam
1454 4609 1579 4661 qumque

299 4664 397 4718 diebus
417 4668 491 4718 certe
510 4665 589 4733 equis
609 4669 746 4719 certatum
765 4684 820 4720 non
840 4670 890 4733 est,
911 4665 984 4719 unde
1002 4668 1114 4735 poetam
1130 4683 1185 4719 non
1199 4683 1276 4720 more
1290 4664 1491 4719 mathematico
1509 4670 1578 4717 tem-

299 4754 351 4806 pus
370 4736 554 4791 certaminum
574 4742 704 4791 accurate
724 4738 895 4801 definivisse,
918 4736 967 4790 sed
986 4738 1060 4804 quod
1080 4736 1166 4791 feriae
1186 4738 1310 4806 quinque.
1329 4736 1435 4789 dierum
1456 4736 1579 4804 luerunt,

300 4807 353 4864 hoe
373 4808 408 4861 ad
429 4807 567 4862 srrcrificia
586 4812 614 4863 ct
633 4809 788 4863 certamina
806 4808 927 4864 traxisse
945 4808 1092 4879 probabile
1111 4812 1161 4865 est.
1633 4818 1637 4825 ·
