3406 5378
207 343 273 406 432
765 346 914 396 rmussi

209 506 456 591 “μελιρρόθων
482 504 640 590 (ἀνθέων
668 511 734 569 add,
758 504 892 591 Bocclrh)
917 503 945 569 δ’
970 508 1089 570 ἕπεται
1117 507 1317 589 πλόκαμοι”
1341 509 1407 571 ἀντί
1433 521 1485 572 τοῦ

209 598 343 660 ἕπονται·
366 599 415 660 καὶ
439 594 587 680 “dtr'pysrc¹
602 595 730 679 σάρκες”
753 598 819 660 ἀντὶ
837 610 889 660 τοῦ
910 598 1054 680 διόγοντο.
1078 595 1210 681 Ὅμηρος
1234 600 1304 678 ,,καί
1328 600 1366 678 δὴ
1391 601 1486 680 δοῦρα

209 686 316 767 σε’σηπε
339 687 389 749 καί
412 688 525 767 σπάρτα
547 685 700 749 λέλυνται“
724 687 790 749 ἀντί
813 699 865 749 τοῦ
890 688 1058 767 σεσὴπασιν.
1096 690 1179 752 Conf.
1204 691 1238 749 fr.
1263 703 1314 750 239
1339 696 1371 750 et
1394 691 1484 749 schol.

208 779 348 838 Philostr.
371 800 399 856 p.
421 790 470 838 193
495 779 539 838 ed.
558 779 649 854 Kays.

750 907 811 965 247
855 907 916 964 123
936 953 942 965 .

297 1013 345 1071 ut.
368 1013 407 1071 M.
432 1023 493 1089 277,
517 1024 564 1070 39:
588 1009 749 1082 Διόνυσος·
777 1060 782 1070 .
808 1060 813 1070 .
837 898 901 1071 ,[οί
919 898 953 1070 δέ
976 1008 1034 1070 ἀπὸ
1057 1020 1110 1071 τοῦ
1134 1010 1206 1083 Διὸς
1229 1009 1278 1070 καί
1301 1019 1353 1089 τῆς
1379 1011 1486 1088 Νύσης

208 1110 260 1161 τοῦ
280 1097 369 1181 όρους
388 1098 574 1180 ὠνομάσθαι,
593 1098 655 1160 έπεί
672 1099 705 1160 έν
724 1101 817 1186 τούτῳ
836 1098 996 1180 έγεννήθη,
1015 1098 1055 1172 ὡς
1075 1101 1237 1181 Πίνδαρος,
1255 1099 1304 1160 καί
1324 1099 1486 1180 ἀνετράφη.

751 1264 814 1322 143
839 1256 944 1341 [1141

298 1369 377 1427 Plut.
398 1369 433 1427 de
458 1368 537 1427 adul.
557 1374 587 1427 et
609 1368 694 1428 amic.
713 1369 841 1427 discrim.
862 1380 910 1427 27:
934 1367 1018 1451 εὐδίη
1041 1366 1097 1447 γὰρ
1119 1366 1219 1448 έπάγει
1237 1366 1330 1445 νέφος
1354 1365 1370 1427 6
1393 1377 1486 1428 κινῶν

207 1456 241 1518 έν
269 1458 372 1541 παιδιᾷ
400 1455 451 1517 καί
480 1458 688 1542 φιλοφροσύνη
718 1456 806 1537 λόγον
837 1453 934 1536 ὀφρὺν
965 1456 1143 1517 ἀνασπῶντα
1173 1455 1222 1517 καί
1252 1458 1432 1518 συνιστάντα
1454 1457 1487 1517 τὸ

209 1546 384 1626 πρόσωπον,
415 1547 510 1625 ὥσπερ
541 1544 783 1625 ἀντιταττόμενον
813 1552 853 1631 τῷ
876 1546 983 1632 Λυαίφ
1014 1551 1077 1630 θεῷ
1105 1545 1154 1606 καί
1183 1542 1321 1607 “λύοντι
1351 1547 1387 1607 τὸ
1419 1556 1487 1606 τῶν

210 1635 424 1716 δυσφρόνων
447 1637 597 1696 σκύνιον
622 1630 797 1717 (δυσφόρων
815 1636 948 1715 σχοινίον
966 1636 1058 1715 codd,
1078 1658 1132 1696 em.
1152 1630 1274 1718 Nauck)
1297 1632 1487 1716 μεριμνᾶν’

208 1725 281 1785 κατὰ
305 1725 468 1804 Πίνδαρον.

655 1854 716 1911 249
743 1847 831 1930 [153.
857 1854 929 1911 130.
955 1845 1041 1930 131].

302 1959 399 2018 Schol.
422 1958 456 2017 Il.
483 1960 512 2016 Φ
536 1970 600 2016 194:
629 1953 775 2035 Ἡρακλῆς
807 1957 850 2028 είς
882 1953 958 2039 ᾅδου
991 1955 1142 2017 κατελθὼν
1174 1956 1222 2017 έπλ
1253 1956 1305 2018 τὸν
1338 1954 1489 2037 Κέρβερον

211 2044 348 2126 συνέτυχε
378 2046 539 2131 Μελεάγρῳ
571 2052 610 2131 τῷ
642 2044 768 2125 Οἰνέως,
800 2039 837 2107 06
868 2044 918 2106 καί
951 2044 1111 2124 δεηθέντος
1143 2055 1234 2126 γῆμαι
1266 2045 1321 2124 τὴν
1353 2044 1489 2123 ἀδελφὴν

213 2136 404 2216 Δηιάνειραν,
427 2110 600 2195 έπανελθὼύ
623 2136 665 2208 είς
688 2144 753 2213 φῶς
776 2134 916 2196 έσπευσεν
940 2135 982 2206 είς
1005 2135 1154 2195 Αἰτωλίαν
1177 2134 1251 2213 πρὸς
1272 2132 1376 2195 Οἰνέα·
1399 2158 1489 2195 κατα-

211 2224 310 2306 λαβὼν
335 2223 366 2284 δε
390 2225 626 2332 μνηστευόμενον
649 2247 704 2302 την
726 2224 819 2304 κόρην
840 2219 981 2336 ’ᾼγελῷον
1003 2223 1055 2284 τὸν
1075 2225 1200 2302 πλησίον
1219 2224 1363 2304 ποταμόν,
1387 2224 1489 2284 διεπά-

210 2319 311 2374 λαισεν
335 2313 413 2398 αὐτῷ
437 2315 548 2394 ταύρου
571 2314 692 2393 μορφὴν
711 2313 818 2427 έχρνιι
842 2307 879 2374 06
897 2313 947 2373 καὶ
965 2311 1139 2385 ἀποσπάσας
1159 2311 1226 2373 τὸ“
1209 2335 1307 2394 ετερον
1325 2323 1385 2373 τῶν
1403 2314 1490 2392 κερά-

210 2428 269 2464 των
297 2402 381 2484 ἔλαβε
399 2426 463 2552 ἔτην
490 2402 657 2482 παρθένον
687 2403 761 2480 φασί
788 2401 820 2464 δέ
847 2402 938 2463 αὐτὸν
964 2397 1104 2487 Ἀχελῷον
1132 2402 1211 2483 παρὰ
1237 2396 1413 2482 Ἀμαλθείας
1437 2412 1490 2481 τῆς

207 2486 352 2554 Ὠκεανοῦ
380 2490 466 2571 κέρας
494 2493 621 2573 λαβόντα
650 2493 755 2553 δοῦναι
784 2498 823 2553 τῶ
843 2488 983 2572 Ἡρακλεῖ
1000 2491 1051 2552 καί
1073 2492 1106 2552 τό
1129 2490 1210 2552 ἴδιον
1234 2490 1458 2570 ἀπολαβεῖν..

210 2579 230 2660 61
254 2583 366 2662 ἱστορία
395 2582 475 2661 παρά
505 2582 718 2666 Πινδάρφ-
750 2583 849 2642 Schcl
872 2583 906 2640 Il.
933 2584 1046 2642 6368:
1084 2581 1281 2662 Πίνδαροςγ
1280 2592 1343 2642 οῦν
1375 2579 1491 2655 εκατόν,

209 2668 347 2744 Ἡσίοδος
362 2669 393 2732 δέ
408 2670 591 2748 πεντήκοντα
605 2670 730 2751 ἔχειν’
695 2671 786 2732 αυτὸν
800 2668 811 2739 ί
817 2664 980 2752 Κέρβερον)
996 2671 1125 2747 κεφαλάς
1139 2688 1242 2749 φησιν.
1268 2607 1355 2731 Idem
1370 2683 1497 2730 carmen·

211 2764 355 2838 respicere
379 2762 499 2821 videtur
522 2762 691 2820 Tertullian
714 2762 749 2821 de
774 2781 832 2822 cor.
856 2761 918 2820 mil.
944 2772 972 2820 7:
1000 2761 1143 2821 Hercules
1168 2781 1247 2820 nunc
1269 2761 1417 2837 populum
1441 2779 1489 2818 ca-

213 2853 274 2927 pite
298 2852 444 2929 praefert,
471 2870 550 2909 nunc
574 2851 748 2929 oleastrum,
777 2870 855 2909 nunc
879 2850 990 2926 apium.
1039 2850 1137 2909 Habes
1160 2851 1347 2928 tragoediam
1371 2848 1492 2908 Cerberi

210 2942 302 3000 habes
327 2933 409 3021 (fort.
429 2960 519 3017 penes
543 2941 591 2999 vel
615 2935 711 3020 apud)
734 2940 898 2998 Pindarum
916 2942 1008 3015 atque
1028 2939 1254 3016 Callimachum,
1274 2941 1327 3016 qui
1346 2943 1377 2998 et
1395 2938 1489 3015 Apol-

212 3031 303 3089 linem
317 3033 465 3089 memorat
479 3029 635 3088 interfecto
645 3029 791 3105 Delphico
807 3030 932 3088 dracone
947 3029 1083 3088 lauream
1098 3029 1228 3088 induisse
1244 3048 1306 3105 qua
1315 3029 1491 3104 supplicem.

752 3193 816 3250 250
840 3184 944 3269 [135]

301 3299 390 3356 Paus.
410 3316 430 3356 v
454 3309 496 3375 14,
521 3308 550 3355 6:
573 3290 697 3379 Ἀλφειῷ
720 3295 770 3356 καί
790 3290 933 3375 Ἀρτέμιδι
955 3297 1087 3356 θύουσιν
1111 3288 1247 3377 (Ἠλειοτ)
1270 3292 1355 3354 έπΓ
1341 3293 1410 3365 ενὸς
1434 3296 1492 3374 βω

213 3395 284 3465 μοῦ“
308 3385 340 3446 τὸ
365 3383 456 3446 δὲ”
419 3408 516 3445 αττιον
539 3385 644 3446 τούτου
667 3385 855 3466 παρεδηλωσε
879 3383 932 3465 μέν
955 3407 1015 3447 που
1038 3384 1087 3446 καὶ
1112 3385 1264 3466 Πίνδαρος
1287 3383 1319 3444 έν
1343 3378 1417 3467 ολδ-ᾖ.

755 3550 814 3608 131
843 3540 946 3626 [1391

302 3655 423 3714 Servius
447 3655 484 3713 ad
508 3656 595 3734 Verg.
620 3654 726 3733 Georg.
751 3673 761 3712 1
788 3667 833 3713 14:
863 3654 1012 3713 Pindarus
1036 3700 1042 3712 .
1068 3702 1073 3713 .
1099 3700 1104 3712 .
1129 3674 1196 3714 eum
1220 3643 1422 3733 (Aristaeum)
1447 3652 1492 3709 ait

213 3744 249 3802 de
274 3743 333 3802 (lca
356 3744 455 3803 insula
478 3745 509 3803 in
532 3744 693 3803 Amadiam
716 3745 859 3822 migrasse
884 3743 985 3820 ibique
1009 3744 1103 3802 vitam
1127 3743 1261 3802 coluisse.
1306 3741 1385 3799 Nam
1410 3741 1492 3816 apud

213 3834 343 3893 Arcades
367 3854 420 3910 pro
444 3835 515 3893 Iove
538 3835 656 3910 colitur,
681 3833 760 3909 quod
784 3834 898 3909 primus
922 3833 1085 3892 ostenderit
1109 3832 1239 3909 qualiler
1262 3848 1333 3906 apes
1362 3830 1493 3888 debeant

212 3924 353 3999 reparari.
401 3924 484 3982 (fons.
509 3924 541 3981 P.
564 3942 596 3980 111
621 3934 662 3981 64.

756 4068 818 4126 151
844 4059 947 4143 [1451

303 4168 414 4250 {Schol
435 4173 534 4248 Apoll.
553 4173 647 4232 Rhod.
666 4183 759 4230 11477
781 4165 843 4252 (st.
864 4173 902 4229 M.
924 4182 965 4248 75,
985 4167 1047 4246 θίγε
1071 4170 1179 4246 Χάρων
1199 4166 1229 4228 δέ
1251 4165 1493 4246 ὁΛαμψακηνὸς

213 4261 334 4339 ίστορεῖ,
363 4259 403 4333 ὡς
430 4258 488 4341 άρα
512 4253 621 4333 Ῥοῖκος
645 4260 829 4338 θεασάμενος
854 4260 929 4338 δρῦν
954 4259 1024 4318 ὅσον
1048 4257 1085 4318 06
1108 4280 1154 4319 πω
1178 4256 1341 4362 μέλλρυσαν
1364 4254 1413 4315 έπλ
1436 4265 1491 4335 γῆς

211 4349 444 4429 καταφέρεσθαι,
472 4349 628 4429 προσέταξε
657 4356 717 4421 τοῖς
745 4348 847 4409 παισίν
875 4347 1034 4427 υποστηρίξ
1037 4372 1067 4407 αι
1090 4349 1208 4425 ταύτην.
1246 4343 1265 4424 ί]
1290 4344 1320 4405 δέ
1347 4345 1492 4424 μέλλουσα

213 4440 454 4547 συμφθείρεσθαι
473 4449 507 4523 τῆ
528 4440 599 4519 δρυι
615 4441 727 4517 νύμφη
740 4436 879 4498 ἐπιστᾶσα
897 4444 936 4521 τῷ
952 4434 1050 4521 Ροίκφ
1065 4438 1149 4517 χάριν
1164 4435 1219 4515 μὲν
1233 4435 1362 4513 ἔφασκεν
1381 4431 1490 4494 εἰδέναι

212 4526 286 4608 ὑπὲρ
311 4552 361 4607 της
386 4529 545 4607 σωτηρίας
567 4527 722 4610 ἐπέτρεπεν
746 4525 776 4587 δὲ
802 4502 1020 4604 αι’τησαάθαι
1003 4526 1047 4586 ότι
1070 4528 1215 4604 βούλοιτο.
1257 4523 1297 4596 ὡς
1322 4522 1391 4583 (λε’
1378 4529 1491 4595 εκεῖνος

212 4615 298 4696 ἠξίου
330 4617 524 4699 συγγενέσθαι
555 4618 645 4703 αὐτῇ,
676 4615 812 4696 ὑπέσχετο
844 4616 950 4676 δοῦναι
980 4626 1078 4676 τοῦτο
1110 4616 1300 4692 φυλάξασθαι
1331 4611 1432 4692 μέντοι
1459 4634 1491 4693 γε

212 4705 310 4785 ετέρας
340 4708 481 4788 γυναικὸς
513 4705 629 4787 ὁμιλίαν
659 4707 866 4788 παρήγγειλεν,
896 4704 1016 4765 ε”σεσθαι
1047 4702 1077 4765 δέ
1108 4705 1215 4784 μεταξὺ
1246 4704 1344 4764 α1τῶν
1367 4700 1492 4782 άγγελον

214 4794 360 4875 μέλισσαν.
390 4799 443 4858 καί
463 4820 532 4858 ποτε
555 4798 750 4868 πεσσεύοντος
773 4795 867 4856 αὐτοῦ
890 4790 1088 4876 παρίπτατο“
1071 4818 1091 4872 η
1110 4792 1242 4874 μέλισσα
1267 4792 1442 4874 πικρότερον
1462 4789 1492 4852 δε
