<?xml version="1.0" encoding="UTF-8"?>
<!DOCTYPE html PUBLIC "-//W3C//DTD XHTML 1.0 Transitional//EN"
    "http://www.w3.org/TR/xhtml1/DTD/xhtml1-transitional.dtd">
<html xmlns="http://www.w3.org/1999/xhtml" xml:lang="en" lang="en">
 <head>
  <title>
</title>
<meta http-equiv="Content-Type" content="text/html;charset=utf-8" />
  <meta name='ocr-system' content='tesseract 3.04.00' />
  <meta name='ocr-capabilities' content='ocr_page ocr_carea ocr_par ocr_line ocrx_word'/>
</head>
<body>
  <div class='ocr_page' id='page_1' title='image "./pindaricarminap00pindgoog_0560.png"; bbox 0 0 3406 5378; ppageno 0'>
   <div class='ocr_carea' id='block_1_1' title="bbox 635 363 861 414">
    <p class='ocr_par' dir='ltr' id='par_1_1' title="bbox 635 363 861 414">
     <span class='ocr_line' id='line_1_1' title="bbox 635 363 861 414; baseline -0.004 0"><span class='ocrx_word' id='word_1_1' title='bbox 635 363 861 414; x_wconf 75' lang='lat' dir='ltr'><strong>FRAGMENTA.</strong></span> 
     </span>
    </p>
   </div>
   <div class='ocr_carea' id='block_1_2' title="bbox 134 521 1045 824">
    <p class='ocr_par' dir='ltr' id='par_1_2' title="bbox 134 521 1045 824">
     <span class='ocr_line' id='line_1_2' title="bbox 168 521 818 610; baseline -0.005 -20"><span class='ocrx_word' id='word_1_2' title='bbox 168 527 188 610; x_wconf 73' lang='lat' dir='ltr'><strong><em>il</em></strong></span> <span class='ocrx_word' id='word_1_3' title='bbox 211 529 248 592; x_wconf 87' lang='grc' dir='ltr'><strong><em>τὸ</em></strong></span> <span class='ocrx_word' id='word_1_4' title='bbox 271 528 461 610; x_wconf 78' lang='grc' dir='ltr'><em>πάντολμον</em></span> <span class='ocrx_word' id='word_1_5' title='bbox 483 523 605 601; x_wconf 81' lang='grc' dir='ltr'><strong><em>σθένος</em></strong></span> <span class='ocrx_word' id='word_1_6' title='bbox 623 521 818 609; x_wconf 75' lang='grc' dir='ltr'><strong><em>Ἡρακλέος,</em></strong></span> 
     </span>
     <span class='ocr_line' id='line_1_3' title="bbox 134 629 827 717; baseline -0.006 -19"><span class='ocrx_word' id='word_1_7' title='bbox 134 633 189 717; x_wconf 68' lang='lat' dir='ltr'><strong><em>cil</em></strong></span> <span class='ocrx_word' id='word_1_8' title='bbox 212 635 273 698; x_wconf 92' lang='grc' dir='ltr'><strong><em>τὰν</em></strong></span> <span class='ocrx_word' id='word_1_9' title='bbox 295 634 475 697; x_wconf 85' lang='grc' dir='ltr'><strong><em>Διωνύσου</em></strong></span> <span class='ocrx_word' id='word_1_10' title='bbox 498 629 691 714; x_wconf 76' lang='grc' dir='ltr'><strong><em>πολυγαθέα</em></strong></span> <span class='ocrx_word' id='word_1_11' title='bbox 715 630 827 714; x_wconf 90' lang='grc' dir='ltr'><strong><em>τιμάν,</em></strong></span> 
     </span>
     <span class='ocr_line' id='line_1_4' title="bbox 170 736 1045 824; baseline -0.003 -21"><span class='ocrx_word' id='word_1_12' title='bbox 170 740 190 823; x_wconf 79' lang='grc' dir='ltr'>ἢ</span> <span class='ocrx_word' id='word_1_13' title='bbox 212 740 319 824; x_wconf 91' lang='grc' dir='ltr'><strong><em>γάμον</em></strong></span> <span class='ocrx_word' id='word_1_14' title='bbox 343 738 548 804; x_wconf 81' lang='grc' dir='ltr'><strong><em>λευκωλένου</em></strong></span> <span class='ocrx_word' id='word_1_15' title='bbox 566 736 743 824; x_wconf 76' lang='grc' dir='ltr'><strong><em>Ἁρμονίας</em></strong></span> <span class='ocrx_word' id='word_1_16' title='bbox 765 737 999 821; x_wconf 88' lang='grc' dir='ltr'><strong><em>ὑμνήσομεν..</em></strong></span> <span class='ocrx_word' id='word_1_17' title='bbox 1015 785 1045 800; x_wconf 92' lang='grc'><strong><em>..</em></strong></span> 
     </span>
    </p>
   </div>
   <div class='ocr_carea' id='block_1_3' title="bbox 661 848 846 924">
    <p class='ocr_par' dir='ltr' id='par_1_3' title="bbox 661 848 846 924">
     <span class='ocr_line' id='line_1_5' title="bbox 661 848 846 885; baseline -0.005 0"><span class='ocrx_word' id='word_1_18' title='bbox 661 849 678 885; x_wconf 62' lang='grc' dir='ltr'><strong><em>θ</em></strong></span> <span class='ocrx_word' id='word_1_19' title='bbox 829 848 846 884; x_wconf 60' lang='grc' dir='ltr'><strong><em>θ</em></strong></span> 
     </span>
     <span class='ocr_line' id='line_1_6' title="bbox 746 888 762 924; baseline 0 0"><span class='ocrx_word' id='word_1_20' title='bbox 746 888 762 924; x_wconf 82' lang='grc'><em>*</em></span> 
     </span>
    </p>
   </div>
   <div class='ocr_carea' id='block_1_4' title="bbox 138 950 1290 1571">
    <p class='ocr_par' dir='ltr' id='par_1_4' title="bbox 138 950 1290 1571">
     <span class='ocr_line' id='line_1_7' title="bbox 171 950 897 1039; baseline -0.006 -20"><span class='ocrx_word' id='word_1_21' title='bbox 171 959 314 1039; x_wconf 88' lang='grc' dir='ltr'><strong><em>Πρῶτον</em></strong></span> <span class='ocrx_word' id='word_1_22' title='bbox 337 950 397 1037; x_wconf 73' lang='grc' dir='ltr'><strong><em>μὲν</em></strong></span> <span class='ocrx_word' id='word_1_23' title='bbox 420 954 584 1037; x_wconf 78' lang='grc' dir='ltr'><strong><em>εὔβουλον</em></strong></span> <span class='ocrx_word' id='word_1_24' title='bbox 609 950 712 1036; x_wconf 84' lang='grc' dir='ltr'><strong><em>Θέμιν</em></strong></span> <span class='ocrx_word' id='word_1_25' title='bbox 735 951 897 1033; x_wconf 88' lang='grc' dir='ltr'><strong><em>οὐρανίαν</em></strong></span> 
     </span>
     <span class='ocr_line' id='line_1_8' title="bbox 170 1056 919 1146; baseline -0.007 -20"><span class='ocrx_word' id='word_1_26' title='bbox 170 1060 364 1146; x_wconf 83' lang='grc' dir='ltr'><strong><em>χρυσέαισιν</em></strong></span> <span class='ocrx_word' id='word_1_27' title='bbox 387 1061 499 1135; x_wconf 79' lang='grc' dir='ltr'><strong><em>ἵπποις</em></strong></span> <span class='ocrx_word' id='word_1_28' title='bbox 519 1056 675 1123; x_wconf 78' lang='grc' dir='ltr'><strong><em>Ὠκεανοῦ</em></strong></span> <span class='ocrx_word' id='word_1_29' title='bbox 699 1058 787 1139; x_wconf 89' lang='grc' dir='ltr'><strong><em>παρὰ</em></strong></span> <span class='ocrx_word' id='word_1_30' title='bbox 810 1066 919 1139; x_wconf 86' lang='grc' dir='ltr'><strong><em>παγᾶν</em></strong></span> 
     </span>
     <span class='ocr_line' id='line_1_9' title="bbox 172 1165 710 1253; baseline -0.009 -20"><span class='ocrx_word' id='word_1_31' title='bbox 172 1173 300 1253; x_wconf 81' lang='grc' dir='ltr'><strong><em>Μοῖραι</em></strong></span> <span class='ocrx_word' id='word_1_32' title='bbox 323 1165 399 1232; x_wconf 83' lang='grc' dir='ltr'><strong><em>ποτὶ</em></strong></span> <span class='ocrx_word' id='word_1_33' title='bbox 422 1169 562 1250; x_wconf 91' lang='grc' dir='ltr'><strong><em>κλίμακα</em></strong></span> <span class='ocrx_word' id='word_1_34' title='bbox 586 1165 710 1248; x_wconf 90' lang='grc' dir='ltr'><strong><em>σεμνὰν</em></strong></span> 
     </span>
     <span class='ocr_line' id='line_1_10' title="bbox 172 1269 851 1357; baseline -0.006 -18"><span class='ocrx_word' id='word_1_35' title='bbox 172 1270 254 1357; x_wconf 85' lang='grc' dir='ltr'><strong><em>ἀγον</em></strong></span> <span class='ocrx_word' id='word_1_36' title='bbox 279 1274 461 1357; x_wconf 86' lang='grc' dir='ltr'><strong><em>Οὐλύμπου</em></strong></span> <span class='ocrx_word' id='word_1_37' title='bbox 486 1274 628 1356; x_wconf 89' lang='grc' dir='ltr'><strong><em>λιπαρὰν</em></strong></span> <span class='ocrx_word' id='word_1_38' title='bbox 651 1269 731 1336; x_wconf 86' lang='grc' dir='ltr'><strong><em>καθ’</em></strong></span> <span class='ocrx_word' id='word_1_39' title='bbox 756 1271 851 1352; x_wconf 86' lang='grc' dir='ltr'><strong><em>ὁδόν,</em></strong></span> 
     </span>
     <span class='ocr_line' id='line_1_11' title="bbox 138 1380 870 1465; baseline -0.005 -19"><span class='ocrx_word' id='word_1_40' title='bbox 138 1400 154 1445; x_wconf 77' lang='lat'><strong>5</strong></span> <span class='ocrx_word' id='word_1_41' title='bbox 174 1391 320 1464; x_wconf 80' lang='grc' dir='ltr'><strong><em>σωτῆρος</em></strong></span> <span class='ocrx_word' id='word_1_42' title='bbox 344 1381 484 1465; x_wconf 75' lang='grc' dir='ltr'><strong><em>ἀρχαίαν</em></strong></span> <span class='ocrx_word' id='word_1_43' title='bbox 508 1382 629 1464; x_wconf 87' lang='grc' dir='ltr'><strong><em>ἀλοχον</em></strong></span> <span class='ocrx_word' id='word_1_44' title='bbox 652 1380 736 1455; x_wconf 84' lang='grc' dir='ltr'><strong><em>Διὸς</em></strong></span> <span class='ocrx_word' id='word_1_45' title='bbox 759 1382 870 1462; x_wconf 81' lang='grc' dir='ltr'><strong><em>ἔμμεν·</em></strong></span> 
     </span>
     <span class='ocr_line' id='line_1_12' title="bbox 172 1483 1290 1571; baseline -0.004 -19"><span class='ocrx_word' id='word_1_46' title='bbox 172 1488 193 1553; x_wconf 86' lang='grc' dir='ltr'><strong><em>ὰ</em></strong></span> <span class='ocrx_word' id='word_1_47' title='bbox 217 1485 253 1551; x_wconf 71' lang='grc' dir='ltr'><strong><em>δὲ</em></strong></span> <span class='ocrx_word' id='word_1_48' title='bbox 276 1488 335 1564; x_wconf 90' lang='grc' dir='ltr'><strong><em>τὰς</em></strong></span> <span class='ocrx_word' id='word_1_49' title='bbox 358 1486 594 1571; x_wconf 78' lang='grc' dir='ltr'><strong><em>χρυσάμπυκας</em></strong></span> <span class='ocrx_word' id='word_1_50' title='bbox 616 1484 868 1568; x_wconf 80' lang='grc' dir='ltr'><strong><em>ἀγλαοκάρπους</em></strong></span> <span class='ocrx_word' id='word_1_51' title='bbox 890 1488 997 1550; x_wconf 86' lang='grc' dir='ltr'><strong><em>τίκτεν</em></strong></span> <span class='ocrx_word' id='word_1_52' title='bbox 1020 1485 1166 1563; x_wconf 89' lang='grc' dir='ltr'><strong><em>ἀλαθέας</em></strong></span> <span class='ocrx_word' id='word_1_53' title='bbox 1179 1483 1290 1571; x_wconf 82' lang='grc' dir='ltr'><strong><em>Ὥρας.</em></strong></span> 
     </span>
    </p>
   </div>
   <div class='ocr_carea' id='block_1_5' title="bbox 122 1649 1399 2020">
    <p class='ocr_par' dir='ltr' id='par_1_5' title="bbox 122 1649 1399 2020">
     <span class='ocr_line' id='line_1_13' title="bbox 694 1649 817 1726; baseline 0.016 -19"><span class='ocrx_word' id='word_1_54' title='bbox 694 1653 733 1709; x_wconf 88' lang='grc'><strong><em>31</em></strong></span> <span class='ocrx_word' id='word_1_55' title='bbox 762 1649 817 1726; x_wconf 75' lang='lat' dir='ltr'><strong><em>[sl.</em></strong></span> 
     </span>
     <span class='ocr_line' id='line_1_14' title="bbox 210 1753 1394 1837; baseline -0.002 -18"><span class='ocrx_word' id='word_1_56' title='bbox 210 1760 358 1819; x_wconf 83' lang='lat' dir='ltr'>Aristides</span> <span class='ocrx_word' id='word_1_57' title='bbox 382 1779 404 1817; x_wconf 85' lang='lat'><strong><em>11</em></strong></span> <span class='ocrx_word' id='word_1_58' title='bbox 430 1772 480 1819; x_wconf 72' lang='lat'><strong><em>142</em></strong></span> <span class='ocrx_word' id='word_1_59' title='bbox 504 1758 606 1817; x_wconf 70' lang='lat' dir='ltr'>Dino:</span> <span class='ocrx_word' id='word_1_60' title='bbox 634 1757 787 1837; x_wconf 88' lang='grc' dir='ltr'><strong><em>Πίνδαρος</em></strong></span> <span class='ocrx_word' id='word_1_61' title='bbox 814 1753 845 1816; x_wconf 79' lang='grc' dir='ltr'><strong><em>δὲ</em></strong></span> <span class='ocrx_word' id='word_1_62' title='bbox 869 1757 1015 1834; x_wconf 81' lang='grc' dir='ltr'><strong><em>τοσαύτην</em></strong></span> <span class='ocrx_word' id='word_1_63' title='bbox 1038 1755 1205 1836; x_wconf 76' lang='grc' dir='ltr'><strong><em>ὑπερβολήν</em></strong></span> <span class='ocrx_word' id='word_1_64' title='bbox 1228 1755 1394 1834; x_wconf 79' lang='grc' dir='ltr'><strong><em>ἐποιήσατο,</em></strong></span> 
     </span>
     <span class='ocr_line' id='line_1_15' title="bbox 122 1845 1399 1933; baseline -0.004 -24"><span class='ocrx_word' id='word_1_65' title='bbox 122 1849 194 1909; x_wconf 83' lang='grc' dir='ltr'><strong><em>ὥστε</em></strong></span> <span class='ocrx_word' id='word_1_66' title='bbox 217 1848 250 1909; x_wconf 79' lang='grc' dir='ltr'><strong><em>ἕν</em></strong></span> <span class='ocrx_word' id='word_1_67' title='bbox 274 1847 346 1921; x_wconf 89' lang='grc' dir='ltr'><strong><em>Διὸς</em></strong></span> <span class='ocrx_word' id='word_1_68' title='bbox 369 1848 452 1933; x_wconf 84' lang='grc' dir='ltr'><strong><em>γάμῳ</em></strong></span> <span class='ocrx_word' id='word_1_69' title='bbox 475 1845 526 1907; x_wconf 79' lang='grc' dir='ltr'><strong><em>καὶ</em></strong></span> <span class='ocrx_word' id='word_1_70' title='bbox 548 1846 617 1918; x_wconf 85' lang='grc' dir='ltr'><strong><em>τοὺς</em></strong></span> <span class='ocrx_word' id='word_1_71' title='bbox 641 1846 732 1918; x_wconf 83' lang='grc' dir='ltr'><strong><em>θεοὺς</em></strong></span> <span class='ocrx_word' id='word_1_72' title='bbox 755 1845 864 1919; x_wconf 84' lang='grc' dir='ltr'><strong><em>αὐτούς</em></strong></span> <span class='ocrx_word' id='word_1_73' title='bbox 886 1863 995 1925; x_wconf 85' lang='grc' dir='ltr'><strong><em>φησιν,</em></strong></span> <span class='ocrx_word' id='word_1_74' title='bbox 1018 1845 1158 1925; x_wconf 76' lang='grc' dir='ltr'><strong><em>ἐρομένου</em></strong></span> <span class='ocrx_word' id='word_1_75' title='bbox 1182 1855 1234 1906; x_wconf 91' lang='grc' dir='ltr'><strong><em>τοῦ</em></strong></span> <span class='ocrx_word' id='word_1_76' title='bbox 1259 1845 1346 1923; x_wconf 87' lang='grc' dir='ltr'><strong><em>Διός,</em></strong></span> <span class='ocrx_word' id='word_1_77' title='bbox 1369 1845 1399 1905; x_wconf 86' lang='grc' dir='ltr'><strong><em>εἴ</em></strong></span> 
     </span>
     <span class='ocr_line' id='line_1_16' title="bbox 124 1927 1393 2020; baseline -0.002 -22"><span class='ocrx_word' id='word_1_78' title='bbox 124 1962 176 1999; x_wconf 92' lang='grc' dir='ltr'><strong><em>του</em></strong></span> <span class='ocrx_word' id='word_1_79' title='bbox 200 1936 324 2011; x_wconf 88' lang='grc' dir='ltr'><strong><em>δέοιντο,</em></strong></span> <span class='ocrx_word' id='word_1_80' title='bbox 347 1938 463 2016; x_wconf 89' lang='grc' dir='ltr'><strong><em>αι’τῇσαι</em></strong></span> <span class='ocrx_word' id='word_1_81' title='bbox 481 1935 668 2013; x_wconf 91' lang='grc' dir='ltr'><strong><em>ποιήσασθαί</em></strong></span> <span class='ocrx_word' id='word_1_82' title='bbox 683 1959 766 2007; x_wconf 88' lang='grc' dir='ltr'><strong><em>τινας</em></strong></span> <span class='ocrx_word' id='word_1_83' title='bbox 785 1933 864 2020; x_wconf 77' lang='grc' dir='ltr'><strong><em>αὐτῷ</em></strong></span> <span class='ocrx_word' id='word_1_84' title='bbox 883 1935 986 2008; x_wconf 87' lang='grc' dir='ltr'><strong><em>θεούς,</em></strong></span> <span class='ocrx_word' id='word_1_85' title='bbox 1007 1936 1112 2008; x_wconf 74' lang='grc' dir='ltr'><strong><em>οἵτινες</em></strong></span> <span class='ocrx_word' id='word_1_86' title='bbox 1131 1934 1166 1995; x_wconf 89' lang='grc' dir='ltr'><strong><em>τὰ</em></strong></span> <span class='ocrx_word' id='word_1_87' title='bbox 1185 1936 1294 2016; x_wconf 82' lang='grc' dir='ltr'><strong><em>μεγάλα</em></strong></span> <span class='ocrx_word' id='word_1_88' title='bbox 1312 1927 1393 1995; x_wconf 88' lang='grc' dir='ltr'><strong><em>ταῦτ’</em></strong></span> 
     </span>
    </p>
   </div>
   <div class='ocr_carea' id='block_1_6' title="bbox 123 2021 1397 3208">
    <p class='ocr_par' dir='ltr' id='par_1_6' title="bbox 123 2021 1397 3208">
     <span class='ocr_line' id='line_1_17' title="bbox 124 2021 1395 2108; baseline -0.002 -21"><span class='ocrx_word' id='word_1_89' title='bbox 124 2028 194 2108; x_wconf 68' lang='grc' dir='ltr'><strong><em>ἔργα</em></strong></span> <span class='ocrx_word' id='word_1_90' title='bbox 216 2026 266 2087; x_wconf 80' lang='grc' dir='ltr'><strong><em>καὶ</em></strong></span> <span class='ocrx_word' id='word_1_91' title='bbox 289 2027 387 2086; x_wconf 80' lang='grc' dir='ltr'><strong><em>πᾶσάν</em></strong></span> <span class='ocrx_word' id='word_1_92' title='bbox 409 2049 441 2106; x_wconf 91' lang='grc' dir='ltr'><strong><em>γε</em></strong></span> <span class='ocrx_word' id='word_1_93' title='bbox 465 2025 502 2103; x_wconf 78' lang='grc' dir='ltr'><strong><em>δή</em></strong></span> <span class='ocrx_word' id='word_1_94' title='bbox 525 2024 580 2103; x_wconf 81' lang='grc' dir='ltr'><strong><em>τήν</em></strong></span> <span class='ocrx_word' id='word_1_95' title='bbox 602 2023 718 2085; x_wconf 78' lang='grc' dir='ltr'><strong><em>ἐκείνου</em></strong></span> <span class='ocrx_word' id='word_1_96' title='bbox 743 2022 925 2100; x_wconf 80' lang='grc' dir='ltr'><strong><em>κατασκευήν</em></strong></span> <span class='ocrx_word' id='word_1_97' title='bbox 948 2024 1204 2105; x_wconf 88' lang='grc' dir='ltr'><strong><em>κατακοσμήσουσι</em></strong></span> <span class='ocrx_word' id='word_1_98' title='bbox 1226 2024 1322 2104; x_wconf 79' lang='grc' dir='ltr'><strong><em>λόγοις</em></strong></span> <span class='ocrx_word' id='word_1_99' title='bbox 1345 2021 1395 2084; x_wconf 82' lang='grc' dir='ltr'><strong><em>καδ</em></strong></span> 
     </span>
     <span class='ocr_line' id='line_1_18' title="bbox 124 2112 1395 2200; baseline -0.004 -23"><span class='ocrx_word' id='word_1_100' title='bbox 124 2126 251 2200; x_wconf 89' lang='grc' dir='ltr'><strong><em>μουσικῇ</em></strong></span> <span class='ocrx_word' id='word_1_101' title='bbox 273 2149 310 2156; x_wconf 94' lang='grc'>-</span> <span class='ocrx_word' id='word_1_102' title='bbox 332 2116 486 2175; x_wconf 83' lang='lat' dir='ltr'>Choricius</span> <span class='ocrx_word' id='word_1_103' title='bbox 509 2136 538 2191; x_wconf 90' lang='lat' dir='ltr'><strong><em>p.</em></strong></span> <span class='ocrx_word' id='word_1_104' title='bbox 557 2127 608 2173; x_wconf 78' lang='lat'><strong><em>305</em></strong></span> <span class='ocrx_word' id='word_1_105' title='bbox 632 2115 675 2174; x_wconf 90' lang='lat' dir='ltr'><strong><em>ed.</em></strong></span> <span class='ocrx_word' id='word_1_106' title='bbox 695 2115 840 2185; x_wconf 82' lang='lat' dir='ltr'>Boisson.‚</span> <span class='ocrx_word' id='word_1_107' title='bbox 859 2135 886 2190; x_wconf 90' lang='lat' dir='ltr'><strong><em>p.</em></strong></span> <span class='ocrx_word' id='word_1_108' title='bbox 907 2126 922 2172; x_wconf 87' lang='lat'>3</span> <span class='ocrx_word' id='word_1_109' title='bbox 946 2115 990 2173; x_wconf 86' lang='lat' dir='ltr'><strong><em>ed.</em></strong></span> <span class='ocrx_word' id='word_1_110' title='bbox 1009 2115 1158 2174; x_wconf 85' lang='lat' dir='ltr'>Foerster:</span> <span class='ocrx_word' id='word_1_111' title='bbox 1181 2112 1299 2191; x_wconf 76' lang='grc' dir='ltr'><strong><em>ἐποίησε</em></strong></span> <span class='ocrx_word' id='word_1_112' title='bbox 1317 2114 1395 2173; x_wconf 89' lang='grc' dir='ltr'><strong><em>Πίν-</em></strong></span> 
     </span>
     <span class='ocr_line' id='line_1_19' title="bbox 125 2200 1395 2286; baseline -0.002 -20"><span class='ocrx_word' id='word_1_113' title='bbox 125 2207 215 2286; x_wconf 88' lang='grc' dir='ltr'><strong><em>δαρος</em></strong></span> <span class='ocrx_word' id='word_1_114' title='bbox 238 2203 288 2265; x_wconf 78' lang='grc' dir='ltr'><strong><em>καὶ</em></strong></span> <span class='ocrx_word' id='word_1_115' title='bbox 310 2204 402 2276; x_wconf 83' lang='grc' dir='ltr'><strong><em>θεοὺς</em></strong></span> <span class='ocrx_word' id='word_1_116' title='bbox 425 2201 588 2275; x_wconf 86' lang='grc' dir='ltr'><strong><em>ὀκνοῦντας</em></strong></span> <span class='ocrx_word' id='word_1_117' title='bbox 615 2201 746 2282; x_wconf 81' lang='grc' dir='ltr'><strong><em>ὑμνῆσαι</em></strong></span> <span class='ocrx_word' id='word_1_118' title='bbox 767 2200 818 2274; x_wconf 90' lang='grc' dir='ltr'><strong><em>τὰς</em></strong></span> <span class='ocrx_word' id='word_1_119' title='bbox 841 2211 894 2262; x_wconf 90' lang='grc' dir='ltr'><strong><em>τοῦ</em></strong></span> <span class='ocrx_word' id='word_1_120' title='bbox 918 2200 990 2274; x_wconf 86' lang='grc' dir='ltr'><strong><em>Διὸς</em></strong></span> <span class='ocrx_word' id='word_1_121' title='bbox 1012 2203 1055 2274; x_wconf 81' lang='grc' dir='ltr'><strong><em>εἰς</em></strong></span> <span class='ocrx_word' id='word_1_122' title='bbox 1079 2201 1261 2281; x_wconf 80' lang='grc' dir='ltr'><strong><em>ἀνθρώπους</em></strong></span> <span class='ocrx_word' id='word_1_123' title='bbox 1283 2206 1395 2279; x_wconf 84' lang='grc' dir='ltr'><strong><em>φιλοτι-</em></strong></span> 
     </span>
     <span class='ocr_line' id='line_1_20' title="bbox 124 2283 1396 2376; baseline -0.002 -22"><span class='ocrx_word' id='word_1_124' title='bbox 124 2296 203 2374; x_wconf 85' lang='grc' dir='ltr'><strong><em>μίας.</em></strong></span> <span class='ocrx_word' id='word_1_125' title='bbox 227 2292 321 2355; x_wconf 80' lang='grc' dir='ltr'><strong><em>έδόκει</em></strong></span> <span class='ocrx_word' id='word_1_126' title='bbox 343 2291 398 2373; x_wconf 92' lang='grc' dir='ltr'><strong><em>γὰρ</em></strong></span> <span class='ocrx_word' id='word_1_127' title='bbox 422 2286 504 2371; x_wconf 85' lang='grc' dir='ltr'><strong><em>οἶμαι</em></strong></span> <span class='ocrx_word' id='word_1_128' title='bbox 525 2298 565 2371; x_wconf 82' lang='grc' dir='ltr'><strong><em>τῷ</em></strong></span> <span class='ocrx_word' id='word_1_129' title='bbox 588 2301 695 2376; x_wconf 91' lang='grc' dir='ltr'><strong><em>ποιητῇ</em></strong></span> <span class='ocrx_word' id='word_1_130' title='bbox 717 2301 805 2352; x_wconf 90' lang='grc' dir='ltr'><strong><em>τοῦτο</em></strong></span> <span class='ocrx_word' id='word_1_131' title='bbox 828 2283 904 2352; x_wconf 77' lang='grc' dir='ltr'><strong><em>εἶναι</em></strong></span> <span class='ocrx_word' id='word_1_132' title='bbox 922 2289 1057 2371; x_wconf 87' lang='grc' dir='ltr'><strong><em>μέγιστον</em></strong></span> <span class='ocrx_word' id='word_1_133' title='bbox 1076 2289 1220 2372; x_wconf 78' lang='grc' dir='ltr'><strong><em>ἐγκώμιον</em></strong></span> <span class='ocrx_word' id='word_1_134' title='bbox 1239 2301 1291 2352; x_wconf 91' lang='grc' dir='ltr'><strong><em>τοῦ</em></strong></span> <span class='ocrx_word' id='word_1_135' title='bbox 1310 2297 1396 2369; x_wconf 86' lang='grc' dir='ltr'><strong><em>θεοῦ,</em></strong></span> 
     </span>
     <span class='ocr_line' id='line_1_21' title="bbox 123 2377 1396 2462; baseline -0.002 -19"><span class='ocrx_word' id='word_1_136' title='bbox 123 2385 150 2444; x_wconf 85' lang='grc' dir='ltr'><strong><em>εί</em></strong></span> <span class='ocrx_word' id='word_1_137' title='bbox 166 2382 269 2462; x_wconf 82' lang='grc' dir='ltr'><strong><em>μηδεὶς</em></strong></span> <span class='ocrx_word' id='word_1_138' title='bbox 282 2391 341 2442; x_wconf 86' lang='grc' dir='ltr'><strong><em>τῶν</em></strong></span> <span class='ocrx_word' id='word_1_139' title='bbox 356 2379 522 2460; x_wconf 88' lang='grc' dir='ltr'><strong><em>Ὀλυμπίων</em></strong></span> <span class='ocrx_word' id='word_1_140' title='bbox 541 2379 632 2441; x_wconf 76' lang='grc' dir='ltr'><strong><em>αὐτὸν</em></strong></span> <span class='ocrx_word' id='word_1_141' title='bbox 651 2378 827 2460; x_wconf 76' lang='grc' dir='ltr'><strong><em>ἐγκωμιάσαι</em></strong></span> <span class='ocrx_word' id='word_1_142' title='bbox 844 2380 991 2459; x_wconf 90' lang='grc' dir='ltr'><strong><em>τολμήσαι.</em></strong></span> <span class='ocrx_word' id='word_1_143' title='bbox 1015 2390 1172 2460; x_wconf 85' lang='grc' dir='ltr'><strong><em>τοιγαροῦν</em></strong></span> <span class='ocrx_word' id='word_1_144' title='bbox 1190 2386 1323 2460; x_wconf 78' lang='grc' dir='ltr'><strong><em>καθῆστο</em></strong></span> <span class='ocrx_word' id='word_1_145' title='bbox 1343 2377 1396 2459; x_wconf 75' lang='grc' dir='ltr'><strong><em>μὲν</em></strong></span> 
     </span>
     <span class='ocr_line' id='line_1_22' title="bbox 127 2467 1396 2557; baseline -0.002 -25"><span class='ocrx_word' id='word_1_146' title='bbox 127 2470 143 2532; x_wconf 88' lang='grc' dir='ltr'>ὁ</span> <span class='ocrx_word' id='word_1_147' title='bbox 168 2472 243 2544; x_wconf 82' lang='grc' dir='ltr'><strong><em>Ζεὺς</em></strong></span> <span class='ocrx_word' id='word_1_148' title='bbox 270 2477 307 2555; x_wconf 82' lang='grc' dir='ltr'><strong><em>τῷ</em></strong></span> <span class='ocrx_word' id='word_1_149' title='bbox 326 2472 468 2557; x_wconf 77' lang='grc' dir='ltr'><strong><em>Πινδάρῳ</em></strong></span> <span class='ocrx_word' id='word_1_150' title='bbox 487 2469 519 2530; x_wconf 87' lang='grc' dir='ltr'><strong><em>τὸ</em></strong></span> <span class='ocrx_word' id='word_1_151' title='bbox 538 2480 599 2530; x_wconf 82' lang='grc' dir='ltr'><strong><em>πᾶν</em></strong></span> <span class='ocrx_word' id='word_1_152' title='bbox 617 2467 682 2548; x_wconf 81' lang='grc' dir='ltr'><strong><em>ἀρτι</em></strong></span> <span class='ocrx_word' id='word_1_153' title='bbox 704 2468 865 2546; x_wconf 82' lang='grc' dir='ltr'><strong><em>κοσμήσας,</em></strong></span> <span class='ocrx_word' id='word_1_154' title='bbox 887 2478 1023 2550; x_wconf 88' lang='grc' dir='ltr'><strong><em>παρῇσαν</em></strong></span> <span class='ocrx_word' id='word_1_155' title='bbox 1043 2468 1075 2530; x_wconf 82' lang='grc' dir='ltr'><strong><em>δὲ</em></strong></span> <span class='ocrx_word' id='word_1_156' title='bbox 1098 2470 1130 2530; x_wconf 83' lang='grc' dir='ltr'><strong><em>οἷ</em></strong></span> <span class='ocrx_word' id='word_1_157' title='bbox 1145 2469 1212 2530; x_wconf 80' lang='grc' dir='ltr'><strong><em>θεοὶ</em></strong></span> <span class='ocrx_word' id='word_1_158' title='bbox 1235 2481 1330 2555; x_wconf 86' lang='grc' dir='ltr'><strong><em>σιωπῇ</em></strong></span> <span class='ocrx_word' id='word_1_159' title='bbox 1352 2491 1396 2530; x_wconf 88' lang='grc' dir='ltr'><strong><em>τε-</em></strong></span> 
     </span>
     <span class='ocr_line' id='line_1_23' title="bbox 125 2555 1396 2640; baseline -0.002 -18"><span class='ocrx_word' id='word_1_160' title='bbox 125 2562 256 2639; x_wconf 89' lang='grc' dir='ltr'><strong><em>θηπότες</em></strong></span> <span class='ocrx_word' id='word_1_161' title='bbox 278 2560 332 2639; x_wconf 77' lang='grc' dir='ltr'><strong><em>τήν</em></strong></span> <span class='ocrx_word' id='word_1_162' title='bbox 356 2559 479 2640; x_wconf 81' lang='grc' dir='ltr'><strong><em>ἀγλαΐαν</em></strong></span> <span class='ocrx_word' id='word_1_163' title='bbox 502 2568 559 2619; x_wconf 85' lang='grc' dir='ltr'><strong><em>τῶν</em></strong></span> <span class='ocrx_word' id='word_1_164' title='bbox 583 2555 756 2639; x_wconf 88' lang='grc' dir='ltr'><strong><em>δρωμένων,</em></strong></span> <span class='ocrx_word' id='word_1_165' title='bbox 783 2556 925 2638; x_wconf 78' lang='grc' dir='ltr'><strong><em>ἐρομένου</em></strong></span> <span class='ocrx_word' id='word_1_166' title='bbox 948 2556 980 2619; x_wconf 79' lang='grc' dir='ltr'><strong><em>δὲ</em></strong></span> <span class='ocrx_word' id='word_1_167' title='bbox 1007 2569 1060 2621; x_wconf 90' lang='grc' dir='ltr'><strong><em>τοῦ</em></strong></span> <span class='ocrx_word' id='word_1_168' title='bbox 1085 2558 1172 2633; x_wconf 89' lang='grc' dir='ltr'><strong><em>Διός,</em></strong></span> <span class='ocrx_word' id='word_1_169' title='bbox 1199 2558 1279 2639; x_wconf 85' lang='grc' dir='ltr'><strong><em>είπερ</em></strong></span> <span class='ocrx_word' id='word_1_170' title='bbox 1306 2556 1396 2620; x_wconf 85' lang='grc' dir='ltr'><strong><em>άλλου</em></strong></span> 
     </span>
     <span class='ocr_line' id='line_1_24' title="bbox 125 2646 1397 2729; baseline -0.003 -18"><span class='ocrx_word' id='word_1_171' title='bbox 125 2673 179 2711; x_wconf 91' lang='grc' dir='ltr'><strong><em>του</em></strong></span> <span class='ocrx_word' id='word_1_172' title='bbox 207 2649 336 2722; x_wconf 88' lang='grc' dir='ltr'><strong><em>δέοιντο,</em></strong></span> <span class='ocrx_word' id='word_1_173' title='bbox 359 2650 396 2709; x_wconf 65' lang='grc' dir='ltr'><strong><em>έν</em></strong></span> <span class='ocrx_word' id='word_1_174' title='bbox 423 2648 538 2726; x_wconf 81' lang='grc' dir='ltr'><strong><em>έφασαν</em></strong></span> <span class='ocrx_word' id='word_1_175' title='bbox 566 2647 597 2709; x_wconf 82' lang='grc' dir='ltr'><strong><em>οἱ</em></strong></span> <span class='ocrx_word' id='word_1_176' title='bbox 622 2646 690 2708; x_wconf 80' lang='grc' dir='ltr'><strong><em>θεολ</em></strong></span> <span class='ocrx_word' id='word_1_177' title='bbox 715 2652 777 2719; x_wconf 85' lang='grc' dir='ltr'><strong><em>τοῖς</em></strong></span> <span class='ocrx_word' id='word_1_178' title='bbox 803 2646 919 2708; x_wconf 73' lang='grc' dir='ltr'><strong><em>ἐκείνου</em></strong></span> <span class='ocrx_word' id='word_1_179' title='bbox 947 2648 1184 2729; x_wconf 88' lang='grc' dir='ltr'><strong><em>δημιουργήμασι</em></strong></span> <span class='ocrx_word' id='word_1_180' title='bbox 1206 2649 1330 2726; x_wconf 86' lang='grc' dir='ltr'><strong><em>λείπειν,</em></strong></span> <span class='ocrx_word' id='word_1_181' title='bbox 1354 2647 1397 2708; x_wconf 82' lang='grc' dir='ltr'><strong><em>ὅτι</em></strong></span> 
     </span>
     <span class='ocr_line' id='line_1_25' title="bbox 125 2734 1397 2819; baseline -0.002 -19"><span class='ocrx_word' id='word_1_182' title='bbox 125 2737 238 2819; x_wconf 79' lang='grc' dir='ltr'><strong><em>μηδένα</em></strong></span> <span class='ocrx_word' id='word_1_183' title='bbox 260 2739 426 2819; x_wconf 78' lang='grc' dir='ltr'><strong><em>προήγαγεν</em></strong></span> <span class='ocrx_word' id='word_1_184' title='bbox 449 2736 651 2817; x_wconf 83' lang='grc' dir='ltr'><strong><em>ἀναβαίνοντα</em></strong></span> <span class='ocrx_word' id='word_1_185' title='bbox 673 2742 736 2811; x_wconf 85' lang='grc' dir='ltr'><strong><em>ταῖς</em></strong></span> <span class='ocrx_word' id='word_1_186' title='bbox 759 2735 919 2815; x_wconf 80' lang='grc' dir='ltr'><strong><em>εὐφημίαις</em></strong></span> <span class='ocrx_word' id='word_1_187' title='bbox 941 2734 1008 2816; x_wconf 79' lang='grc' dir='ltr'><strong><em>ἀχρι</em></strong></span> <span class='ocrx_word' id='word_1_188' title='bbox 1030 2746 1082 2798; x_wconf 93' lang='grc' dir='ltr'><strong><em>τοῦ</em></strong></span> <span class='ocrx_word' id='word_1_189' title='bbox 1100 2735 1206 2817; x_wconf 81' lang='grc' dir='ltr'><strong><em>μέτρου</em></strong></span> <span class='ocrx_word' id='word_1_190' title='bbox 1224 2746 1283 2797; x_wconf 84' lang='grc' dir='ltr'><strong><em>τῶν</em></strong></span> <span class='ocrx_word' id='word_1_191' title='bbox 1301 2741 1397 2798; x_wconf 87' lang='grc' dir='ltr'><strong><em>τελου-</em></strong></span> 
     </span>
     <span class='ocr_line' id='line_1_26' title="bbox 125 2828 229 2910; baseline 0.019 -22"><span class='ocrx_word' id='word_1_192' title='bbox 125 2828 229 2910; x_wconf 86' lang='grc' dir='ltr'><strong><em>μένων.</em></strong></span> 
     </span>
     <span class='ocr_line' id='line_1_27' title="bbox 698 2914 821 2992; baseline -0.016 -16"><span class='ocrx_word' id='word_1_193' title='bbox 698 2920 737 2976; x_wconf 73' lang='lat'><strong><em>3⁶2</em></strong></span> <span class='ocrx_word' id='word_1_194' title='bbox 765 2914 821 2992; x_wconf 71' lang='grc'><strong><em>[8].</em></strong></span> 
     </span>
     <span class='ocr_line' id='line_1_28' title="bbox 649 3024 814 3081; baseline 0.006 -1"><span class='ocrx_word' id='word_1_195' title='bbox 649 3025 708 3080; x_wconf 91' lang='grc' dir='ltr'><strong><em>τοῦ</em></strong></span> <span class='ocrx_word' id='word_1_196' title='bbox 731 3024 814 3081; x_wconf 82' lang='grc' dir='ltr'><strong><em>θεοῦ</em></strong></span> 
     </span>
     <span class='ocr_line' id='line_1_29' title="bbox 340 3121 1238 3208; baseline -0.001 -19"><span class='ocrx_word' id='word_1_197' title='bbox 340 3127 460 3189; x_wconf 80' lang='grc' dir='ltr'><strong><em>ἄκουσε</em></strong></span> <span class='ocrx_word' id='word_1_198' title='bbox 484 3123 619 3207; x_wconf 85' lang='grc' dir='ltr'><strong><em>Κάδμος</em></strong></span> <span class='ocrx_word' id='word_1_199' title='bbox 641 3125 804 3207; x_wconf 79' lang='grc' dir='ltr'><strong><em>μουσικὰν</em></strong></span> <span class='ocrx_word' id='word_1_200' title='bbox 827 3123 937 3208; x_wconf 87' lang='grc' dir='ltr'><strong><em>ὀρθὰν</em></strong></span> <span class='ocrx_word' id='word_1_201' title='bbox 960 3121 1238 3208; x_wconf 84' lang='grc' dir='ltr'><strong><em>ἐπιδεικνυμένου.</em></strong></span> 
     </span>
    </p>
   </div>
   <div class='ocr_carea' id='block_1_7' title="bbox 127 3312 1408 4883">
    <p class='ocr_par' dir='ltr' id='par_1_7' title="bbox 127 3312 1401 3515">
     <span class='ocr_line' id='line_1_30' title="bbox 127 3312 1401 3389; baseline 0.002 -17"><span class='ocrx_word' id='word_1_202' title='bbox 127 3337 210 3387; x_wconf 74' lang='grc' dir='ltr'><strong><em>πηοεν</em></strong></span> <span class='ocrx_word' id='word_1_203' title='bbox 233 3319 269 3380; x_wconf 85' lang='grc' dir='ltr'><strong><em>ὡς</em></strong></span> <span class='ocrx_word' id='word_1_204' title='bbox 293 3316 417 3386; x_wconf 78' lang='grc' dir='ltr'><strong><em>ἄμουσον</em></strong></span> <span class='ocrx_word' id='word_1_205' title='bbox 440 3314 508 3371; x_wconf 83' lang='grc' dir='ltr'><strong><em>ὄντα</em></strong></span> <span class='ocrx_word' id='word_1_206' title='bbox 523 3360 529 3372; x_wconf 95' lang='grc'><strong>.</strong></span> <span class='ocrx_word' id='word_1_207' title='bbox 545 3360 550 3371; x_wconf 97' lang='grc'><strong><em>.</em></strong></span> <span class='ocrx_word' id='word_1_208' title='bbox 567 3359 573 3370; x_wconf 87' lang='grc'><strong><em>.</em></strong></span> <span class='ocrx_word' id='word_1_209' title='bbox 588 3313 700 3386; x_wconf 78' lang='grc' dir='ltr'><strong><em>σφόδρα</em></strong></span> <span class='ocrx_word' id='word_1_210' title='bbox 723 3312 774 3369; x_wconf 84' lang='grc' dir='ltr'><strong><em>οῦν</em></strong></span> <span class='ocrx_word' id='word_1_211' title='bbox 793 3316 808 3370; x_wconf 84' lang='grc' dir='ltr'><strong><em>ὁ</em></strong></span> <span class='ocrx_word' id='word_1_212' title='bbox 827 3314 969 3385; x_wconf 80' lang='grc' dir='ltr'><strong><em>Πίνδαρος</em></strong></span> <span class='ocrx_word' id='word_1_213' title='bbox 994 3312 1142 3385; x_wconf 76' lang='grc' dir='ltr'><strong><em>ἐπιστήσας</em></strong></span> <span class='ocrx_word' id='word_1_214' title='bbox 1163 3326 1222 3381; x_wconf 79' lang='grc' dir='ltr'><strong><em>τοῖς</em></strong></span> <span class='ocrx_word' id='word_1_215' title='bbox 1243 3316 1401 3389; x_wconf 80' lang='grc' dir='ltr'><strong><em>λεγομένοις</em></strong></span> 
     </span>
     <span class='ocr_line' id='line_1_31' title="bbox 129 3385 1399 3458; baseline 0.001 -14"><span class='ocrx_word' id='word_1_216' title='bbox 129 3388 259 3458; x_wconf 81' lang='grc' dir='ltr'><strong><em>ἐποίησεν</em></strong></span> <span class='ocrx_word' id='word_1_217' title='bbox 274 3388 364 3443; x_wconf 78' lang='grc' dir='ltr'><strong><em>ἐκεῖνο</em></strong></span> <span class='ocrx_word' id='word_1_218' title='bbox 378 3388 409 3442; x_wconf 84' lang='grc' dir='ltr'><strong><em>τὸ</em></strong></span> <span class='ocrx_word' id='word_1_219' title='bbox 424 3387 515 3458; x_wconf 82' lang='grc' dir='ltr'><strong><em>μέλος·</em></strong></span> <span class='ocrx_word' id='word_1_220' title='bbox 531 3385 660 3458; x_wconf 77' lang='grc' dir='ltr'><strong><em>Ἰσμηνὸν</em></strong></span> <span class='ocrx_word' id='word_1_221' title='bbox 674 3390 731 3441; x_wconf 80' lang='grc' dir='ltr'><strong><em>κτλ.</em></strong></span> <span class='ocrx_word' id='word_1_222' title='bbox 752 3386 888 3441; x_wconf 80' lang='lat' dir='ltr'><strong>Carminis</strong></span> <span class='ocrx_word' id='word_1_223' title='bbox 901 3387 1069 3458; x_wconf 81' lang='lat' dir='ltr'>principium</span> <span class='ocrx_word' id='word_1_224' title='bbox 1084 3388 1198 3443; x_wconf 80' lang='lat' dir='ltr'>exhibet</span> <span class='ocrx_word' id='word_1_225' title='bbox 1212 3389 1299 3444; x_wconf 84' lang='lat' dir='ltr'>otiam</span> <span class='ocrx_word' id='word_1_226' title='bbox 1314 3391 1399 3445; x_wconf 81' lang='lat' dir='ltr'><strong><em>schol.</em></strong></span> 
     </span>
     <span class='ocr_line' id='line_1_32' title="bbox 127 3458 1234 3515; baseline -0.001 0"><span class='ocrx_word' id='word_1_227' title='bbox 127 3462 206 3515; x_wconf 89' lang='lat' dir='ltr'><strong><em>Pind.</em></strong></span> <span class='ocrx_word' id='word_1_228' title='bbox 227 3460 261 3514; x_wconf 84' lang='lat' dir='ltr'><strong><em>N.</em></strong></span> <span class='ocrx_word' id='word_1_229' title='bbox 281 3479 298 3512; x_wconf 83' lang='lat' dir='ltr'>x</span> <span class='ocrx_word' id='word_1_230' title='bbox 318 3477 336 3514; x_wconf 90' lang='lat'><strong><em>1.</em></strong></span> <span class='ocrx_word' id='word_1_231' title='bbox 359 3492 389 3499; x_wconf 84' lang='lat'><strong><em>-·</em></strong></span> <span class='ocrx_word' id='word_1_232' title='bbox 410 3460 451 3514; x_wconf 87' lang='lat' dir='ltr'>De</span> <span class='ocrx_word' id='word_1_233' title='bbox 470 3459 578 3513; x_wconf 84' lang='lat' dir='ltr'>Iemeno</span> <span class='ocrx_word' id='word_1_234' title='bbox 598 3458 683 3513; x_wconf 87' lang='lat' dir='ltr'>Melia</span> <span class='ocrx_word' id='word_1_235' title='bbox 702 3458 821 3512; x_wconf 79' lang='lat' dir='ltr'>Hercule</span> <span class='ocrx_word' id='word_1_236' title='bbox 839 3458 993 3512; x_wconf 82' lang='lat' dir='ltr'>Harmonia</span> <span class='ocrx_word' id='word_1_237' title='bbox 1011 3458 1082 3513; x_wconf 87' lang='lat' dir='ltr'><strong>conf.</strong></span> <span class='ocrx_word' id='word_1_238' title='bbox 1102 3459 1131 3513; x_wconf 90' lang='lat' dir='ltr'><strong><em>P.</em></strong></span> <span class='ocrx_word' id='word_1_239' title='bbox 1151 3461 1234 3514; x_wconf 85' lang='lat' dir='ltr'>x1iu.</span> 
     </span>
    </p>

    <p class='ocr_par' dir='ltr' id='par_1_8' title="bbox 129 3528 1405 4169">
     <span class='ocr_line' id='line_1_33' title="bbox 198 3528 1401 3602; baseline 0.002 -17"><span class='ocrx_word' id='word_1_240' title='bbox 198 3533 241 3587; x_wconf 89' lang='lat' dir='ltr'><strong><em>Fr.</em></strong></span> <span class='ocrx_word' id='word_1_241' title='bbox 261 3538 303 3585; x_wconf 88' lang='lat'><strong><em>30.</em></strong></span> <span class='ocrx_word' id='word_1_242' title='bbox 341 3531 425 3586; x_wconf 75' lang='lat' dir='ltr'>elem.</span> <span class='ocrx_word' id='word_1_243' title='bbox 444 3530 523 3585; x_wconf 79' lang='lat' dir='ltr'>Alex.</span> <span class='ocrx_word' id='word_1_244' title='bbox 544 3532 643 3586; x_wconf 82' lang='lat' dir='ltr'>Strom.</span> <span class='ocrx_word' id='word_1_245' title='bbox 662 3550 680 3582; x_wconf 87' lang='lat' dir='ltr'>v</span> <span class='ocrx_word' id='word_1_246' title='bbox 698 3547 749 3585; x_wconf 61' lang='lat'><strong><em>531:</em></strong></span> <span class='ocrx_word' id='word_1_247' title='bbox 772 3529 915 3598; x_wconf 83' lang='grc' dir='ltr'><strong><em>Πίνδαρος</em></strong></span> <span class='ocrx_word' id='word_1_248' title='bbox 938 3528 969 3583; x_wconf 74' lang='grc' dir='ltr'><strong><em>δὲ</em></strong></span> <span class='ocrx_word' id='word_1_249' title='bbox 993 3530 1125 3596; x_wconf 83' lang='grc' dir='ltr'><strong><em>ἀντικρὺς</em></strong></span> <span class='ocrx_word' id='word_1_250' title='bbox 1143 3532 1191 3585; x_wconf 78' lang='grc' dir='ltr'><strong><em>καὶ</em></strong></span> <span class='ocrx_word' id='word_1_251' title='bbox 1215 3540 1326 3602; x_wconf 81' lang='grc' dir='ltr'><strong><em>σωτήρα</em></strong></span> <span class='ocrx_word' id='word_1_252' title='bbox 1345 3535 1401 3587; x_wconf 87' lang='grc' dir='ltr'><strong><em>Δία</em></strong></span> 
     </span>
     <span class='ocr_line' id='line_1_34' title="bbox 129 3598 1401 3675; baseline 0.002 -18"><span class='ocrx_word' id='word_1_253' title='bbox 129 3611 315 3658; x_wconf 87' lang='grc' dir='ltr'><strong><em>συνοικοῦντα</em></strong></span> <span class='ocrx_word' id='word_1_254' title='bbox 332 3603 431 3672; x_wconf 80' lang='grc' dir='ltr'><strong><em>Θέμιδι</em></strong></span> <span class='ocrx_word' id='word_1_255' title='bbox 445 3602 558 3672; x_wconf 77' lang='grc' dir='ltr'><strong><em>εἰσάγει,</em></strong></span> <span class='ocrx_word' id='word_1_256' title='bbox 577 3599 692 3675; x_wconf 79' lang='grc' dir='ltr'><strong><em>βασιλέα</em></strong></span> <span class='ocrx_word' id='word_1_257' title='bbox 711 3608 821 3669; x_wconf 79' lang='grc' dir='ltr'><strong><em>σωτῆρα</em></strong></span> <span class='ocrx_word' id='word_1_258' title='bbox 840 3598 959 3668; x_wconf 81' lang='grc' dir='ltr'><strong><em>δίκαιον,</em></strong></span> <span class='ocrx_word' id='word_1_259' title='bbox 979 3600 1137 3670; x_wconf 72' lang='grc' dir='ltr'><strong><em>ἑρμηνεύων</em></strong></span> <span class='ocrx_word' id='word_1_260' title='bbox 1151 3599 1206 3656; x_wconf 85' lang='grc' dir='ltr'><strong><em>ὧδέ</em></strong></span> <span class='ocrx_word' id='word_1_261' title='bbox 1219 3622 1288 3666; x_wconf 88' lang='grc' dir='ltr'><strong><em>πως·</em></strong></span> <span class='ocrx_word' id='word_1_262' title='bbox 1309 3608 1401 3673; x_wconf 86' lang='grc' dir='ltr'><strong><em>Πρῶ-</em></strong></span> 
     </span>
     <span class='ocr_line' id='line_1_35' title="bbox 130 3671 1401 3795; baseline 0.002 -67"><span class='ocrx_word' id='word_1_263' title='bbox 130 3695 189 3728; x_wconf 89' lang='grc' dir='ltr'><strong><em>τον</em></strong></span> <span class='ocrx_word' id='word_1_264' title='bbox 209 3679 264 3728; x_wconf 86' lang='grc' dir='ltr'><strong><em>κτλ.</em></strong></span> <span class='ocrx_word' id='word_1_265' title='bbox 301 3675 342 3727; x_wconf 84' lang='lat' dir='ltr'><strong><em>Ex</em></strong></span> <span class='ocrx_word' id='word_1_266' title='bbox 361 3674 459 3728; x_wconf 88' lang='lat' dir='ltr'>eodem</span> <span class='ocrx_word' id='word_1_267' title='bbox 477 3673 581 3742; x_wconf 82' lang='lat' dir='ltr'><strong>hymno</strong></span> <span class='ocrx_word' id='word_1_268' title='bbox 604 3674 637 3728; x_wconf 84' lang='lat' dir='ltr'><strong><em>ir.</em></strong></span> <span class='ocrx_word' id='word_1_269' title='bbox 657 3678 691 3727; x_wconf 80' lang='lat'><strong><em>30</em></strong></span> <span class='ocrx_word' id='word_1_270' title='bbox 710 3676 795 3740; x_wconf 82' lang='lat' dir='ltr'>etque</span> <span class='ocrx_word' id='word_1_271' title='bbox 818 3671 850 3726; x_wconf 83' lang='lat' dir='ltr'><strong><em>fr.</em></strong></span> <span class='ocrx_word' id='word_1_272' title='bbox 871 3678 905 3724; x_wconf 72' lang='lat'><strong><em>29</em></strong></span> <span class='ocrx_word' id='word_1_273' title='bbox 924 3671 1043 3795; x_wconf 60' lang='lat' dir='ltr'>Estitum</span> <span class='ocrx_word' id='word_1_274' title='bbox 1062 3688 1123 3725; x_wconf 83' lang='lat' dir='ltr'>esse</span> <span class='ocrx_word' id='word_1_275' title='bbox 1141 3674 1223 3727; x_wconf 89' lang='lat' dir='ltr'>metri</span> <span class='ocrx_word' id='word_1_276' title='bbox 1243 3676 1401 3744; x_wconf 76' lang='lat' dir='ltr'>aequalitas</span> 
     </span>
     <span class='ocr_line' id='line_1_36' title="bbox 129 3741 1402 3814; baseline 0.002 -16"><span class='ocrx_word' id='word_1_277' title='bbox 129 3747 225 3811; x_wconf 47' lang='lat' dir='ltr'>docete</span> <span class='ocrx_word' id='word_1_278' title='bbox 244 3745 355 3800; x_wconf 70' lang='lat' dir='ltr'>uidetur</span> <span class='ocrx_word' id='word_1_279' title='bbox 369 3748 462 3799; x_wconf 86' lang='lat' dir='ltr'>autem</span> <span class='ocrx_word' id='word_1_280' title='bbox 476 3749 562 3814; x_wconf 79' lang='lat' dir='ltr'>poeta</span> <span class='ocrx_word' id='word_1_281' title='bbox 575 3761 608 3798; x_wconf 88' lang='lat' dir='ltr'>ex</span> <span class='ocrx_word' id='word_1_282' title='bbox 622 3743 779 3798; x_wconf 86' lang='lat' dir='ltr'>multifaria</span> <span class='ocrx_word' id='word_1_283' title='bbox 792 3741 909 3796; x_wconf 81' lang='lat' dir='ltr'>materie</span> <span class='ocrx_word' id='word_1_284' title='bbox 944 3742 1021 3811; x_wconf 84' lang='lat' dir='ltr'>ymni</span> <span class='ocrx_word' id='word_1_285' title='bbox 1033 3743 1162 3797; x_wconf 83' lang='lat' dir='ltr'>Thebani</span> <span class='ocrx_word' id='word_1_286' title='bbox 1175 3745 1289 3814; x_wconf 76' lang='lat' dir='ltr'>nuptias</span> <span class='ocrx_word' id='word_1_287' title='bbox 1304 3746 1402 3801; x_wconf 86' lang='lat' dir='ltr'>Cadmi</span> 
     </span>
     <span class='ocr_line' id='line_1_37' title="bbox 129 3813 1402 3886; baseline 0.002 -16"><span class='ocrx_word' id='word_1_288' title='bbox 129 3820 158 3871; x_wconf 84' lang='lat' dir='ltr'>et</span> <span class='ocrx_word' id='word_1_289' title='bbox 181 3817 351 3871; x_wconf 77' lang='lat' dir='ltr'>Harmoniae</span> <span class='ocrx_word' id='word_1_290' title='bbox 376 3816 505 3886; x_wconf 79' lang='lat' dir='ltr'>elegisse,</span> <span class='ocrx_word' id='word_1_291' title='bbox 529 3816 603 3870; x_wconf 91' lang='lat' dir='ltr'>unde</span> <span class='ocrx_word' id='word_1_292' title='bbox 623 3816 654 3871; x_wconf 84' lang='lat' dir='ltr'><strong><em>fr.</em></strong></span> <span class='ocrx_word' id='word_1_293' title='bbox 676 3820 709 3868; x_wconf 81' lang='lat'><strong><em>29</em></strong></span> <span class='ocrx_word' id='word_1_294' title='bbox 729 3818 758 3869; x_wconf 87' lang='lat' dir='ltr'>et</span> <span class='ocrx_word' id='word_1_295' title='bbox 775 3814 808 3868; x_wconf 82' lang='lat' dir='ltr'><strong><em>lr.</em></strong></span> <span class='ocrx_word' id='word_1_296' title='bbox 828 3820 863 3866; x_wconf 80' lang='lat'><strong><em>30</em></strong></span> <span class='ocrx_word' id='word_1_297' title='bbox 882 3814 987 3867; x_wconf 88' lang='lat' dir='ltr'>maiore</span> <span class='ocrx_word' id='word_1_298' title='bbox 1006 3813 1155 3868; x_wconf 82' lang='lat' dir='ltr'>intervallo</span> <span class='ocrx_word' id='word_1_299' title='bbox 1175 3815 1297 3870; x_wconf 83' lang='lat' dir='ltr'>discreta</span> <span class='ocrx_word' id='word_1_300' title='bbox 1316 3818 1402 3873; x_wconf 85' lang='lat' dir='ltr'>fuisse</span> 
     </span>
     <span class='ocr_line' id='line_1_38' title="bbox 132 3885 1403 3959; baseline 0.001 -18"><span class='ocrx_word' id='word_1_301' title='bbox 132 3891 208 3959; x_wconf 81' lang='lat' dir='ltr'>puto</span> <span class='ocrx_word' id='word_1_302' title='bbox 229 3920 262 3928; x_wconf 94' lang='lat'><em>-</em></span> <span class='ocrx_word' id='word_1_303' title='bbox 282 3894 306 3943; x_wconf 78' lang='lat'><strong><em>2.</em></strong></span> <span class='ocrx_word' id='word_1_304' title='bbox 332 3886 458 3942; x_wconf 76' lang='grc' dir='ltr'><strong><em>ἵπποισιν</em></strong></span> <span class='ocrx_word' id='word_1_305' title='bbox 477 3888 558 3942; x_wconf 83' lang='lat' dir='ltr'><strong>codd.</strong></span> <span class='ocrx_word' id='word_1_306' title='bbox 576 3919 612 3928; x_wconf 92' lang='lat'><em>-</em></span> <span class='ocrx_word' id='word_1_307' title='bbox 629 3895 725 3956; x_wconf 81' lang='grc' dir='ltr'><strong><em>παγᾶν</em></strong></span> <span class='ocrx_word' id='word_1_308' title='bbox 743 3886 868 3942; x_wconf 85' lang='lat' dir='ltr'>Boeokh:</span> <span class='ocrx_word' id='word_1_309' title='bbox 892 3885 985 3955; x_wconf 86' lang='grc' dir='ltr'><strong><em>πάγον</em></strong></span> <span class='ocrx_word' id='word_1_310' title='bbox 1003 3886 1082 3940; x_wconf 89' lang='lat' dir='ltr'><strong>codd.</strong></span> <span class='ocrx_word' id='word_1_311' title='bbox 1101 3918 1137 3926; x_wconf 92' lang='lat'><strong>—</strong></span> <span class='ocrx_word' id='word_1_312' title='bbox 1155 3892 1180 3940; x_wconf 82' lang='lat'><strong><em>4.</em></strong></span> <span class='ocrx_word' id='word_1_313' title='bbox 1197 3885 1249 3941; x_wconf 87' lang='grc' dir='ltr'><strong><em>Ὀλ.</em></strong></span> <span class='ocrx_word' id='word_1_314' title='bbox 1269 3889 1348 3943; x_wconf 86' lang='lat' dir='ltr'><strong>codd.</strong></span> <span class='ocrx_word' id='word_1_315' title='bbox 1370 3921 1403 3931; x_wconf 88' lang='lat'>-</span> 
     </span>
     <span class='ocr_line' id='line_1_39' title="bbox 129 3955 1403 4028; baseline 0 -15"><span class='ocrx_word' id='word_1_316' title='bbox 129 3960 252 4028; x_wconf 88' lang='grc' dir='ltr'><strong><em>λιπαρὰν</em></strong></span> <span class='ocrx_word' id='word_1_317' title='bbox 272 3956 342 4013; x_wconf 84' lang='grc' dir='ltr'><strong><em>καθ’</em></strong></span> <span class='ocrx_word' id='word_1_318' title='bbox 361 3957 440 4013; x_wconf 82' lang='grc' dir='ltr'><strong><em>ὁδόν·</em></strong></span> <span class='ocrx_word' id='word_1_319' title='bbox 461 3959 494 4013; x_wconf 87' lang='lat' dir='ltr'><strong><em>cf.</em></strong></span> <span class='ocrx_word' id='word_1_320' title='bbox 511 3958 542 4014; x_wconf 93' lang='grc'><strong><em>0.</em></strong></span> <span class='ocrx_word' id='word_1_321' title='bbox 557 3978 578 4012; x_wconf 90' lang='lat'><strong><em>11</em></strong></span> <span class='ocrx_word' id='word_1_322' title='bbox 593 3975 617 4014; x_wconf 73' lang='grc' dir='ltr'><strong><em>τι</em></strong></span> <span class='ocrx_word' id='word_1_323' title='bbox 632 3959 700 4021; x_wconf 82' lang='grc' dir='ltr'><strong><em>Διὸς</em></strong></span> <span class='ocrx_word' id='word_1_324' title='bbox 719 3955 787 4012; x_wconf 80' lang='grc' dir='ltr'><strong><em>ὁδόν</em></strong></span> <span class='ocrx_word' id='word_1_325' title='bbox 805 3990 839 3997; x_wconf 94' lang='grc'>-</span> <span class='ocrx_word' id='word_1_326' title='bbox 859 3962 882 4011; x_wconf 82' lang='grc'><strong><em>5.</em></strong></span> <span class='ocrx_word' id='word_1_327' title='bbox 903 3956 988 4027; x_wconf 77' lang='grc' dir='ltr'><strong><em>ἔμμεν</em></strong></span> <span class='ocrx_word' id='word_1_328' title='bbox 1004 3958 1114 4026; x_wconf 82' lang='lat' dir='ltr'>Heyue:</span> <span class='ocrx_word' id='word_1_329' title='bbox 1135 3956 1251 4028; x_wconf 79' lang='grc' dir='ltr'><strong><em>ἔμμεναι</em></strong></span> <span class='ocrx_word' id='word_1_330' title='bbox 1270 3960 1349 4016; x_wconf 85' lang='lat' dir='ltr'><strong>codd.</strong></span> <span class='ocrx_word' id='word_1_331' title='bbox 1370 3992 1403 4001; x_wconf 91' lang='lat'>-</span> 
     </span>
     <span class='ocr_line' id='line_1_40' title="bbox 130 4026 1405 4102; baseline 0.001 -17"><span class='ocrx_word' id='word_1_332' title='bbox 130 4039 154 4086; x_wconf 86' lang='grc' dir='ltr'><strong><em>ῦ.</em></strong></span> <span class='ocrx_word' id='word_1_333' title='bbox 175 4029 301 4094; x_wconf 81' lang='grc' dir='ltr'><strong><em>ὰλαθέας</em></strong></span> <span class='ocrx_word' id='word_1_334' title='bbox 313 4028 399 4097; x_wconf 80' lang='grc' dir='ltr'><strong><em>Ὥρας</em></strong></span> <span class='ocrx_word' id='word_1_335' title='bbox 417 4029 522 4084; x_wconf 81' lang='lat' dir='ltr'>collatu</span> <span class='ocrx_word' id='word_1_336' title='bbox 536 4029 669 4099; x_wconf 75' lang='lat' dir='ltr'>Hesychii</span> <span class='ocrx_word' id='word_1_337' title='bbox 684 4028 778 4100; x_wconf 78' lang='lat' dir='ltr'>glossa</span> <span class='ocrx_word' id='word_1_338' title='bbox 792 4026 920 4091; x_wconf 80' lang='grc' dir='ltr'><strong><em>ἀλαθέως</em></strong></span> <span class='ocrx_word' id='word_1_339' title='bbox 933 4028 1007 4097; x_wconf 80' lang='grc' dir='ltr'><strong><em>ὥρας</em></strong></span> <span class='ocrx_word' id='word_1_340' title='bbox 1020 4028 1145 4086; x_wconf 85' lang='lat' dir='ltr'>Boeckh:</span> <span class='ocrx_word' id='word_1_341' title='bbox 1165 4029 1265 4099; x_wconf 75' lang='grc' dir='ltr'><strong><em>ἀγαθὰ</em></strong></span> <span class='ocrx_word' id='word_1_342' title='bbox 1280 4040 1405 4102; x_wconf 80' lang='grc' dir='ltr'><strong><em>σωτῆρας</em></strong></span> 
     </span>
     <span class='ocr_line' id='line_1_41' title="bbox 131 4100 1315 4169; baseline 0.001 -13"><span class='ocrx_word' id='word_1_343' title='bbox 131 4102 216 4157; x_wconf 88' lang='lat' dir='ltr'>Clem.</span> <span class='ocrx_word' id='word_1_344' title='bbox 253 4102 294 4155; x_wconf 84' lang='lat' dir='ltr'>lle</span> <span class='ocrx_word' id='word_1_345' title='bbox 313 4100 448 4155; x_wconf 80' lang='lat' dir='ltr'>Themide</span> <span class='ocrx_word' id='word_1_346' title='bbox 466 4104 555 4155; x_wconf 88' lang='lat' dir='ltr'>matre</span> <span class='ocrx_word' id='word_1_347' title='bbox 574 4101 711 4154; x_wconf 85' lang='lat' dir='ltr'>Horarum</span> <span class='ocrx_word' id='word_1_348' title='bbox 729 4118 755 4156; x_wconf 86' lang='lat' dir='ltr'><strong><em>v.</em></strong></span> <span class='ocrx_word' id='word_1_349' title='bbox 774 4100 838 4154; x_wconf 83' lang='lat' dir='ltr'>Hes.</span> <span class='ocrx_word' id='word_1_350' title='bbox 858 4100 951 4169; x_wconf 84' lang='lat' dir='ltr'>theog.</span> <span class='ocrx_word' id='word_1_351' title='bbox 971 4117 1009 4154; x_wconf 73' lang='grc' dir='ltr'><strong><em>σοι</em></strong></span> <span class='ocrx_word' id='word_1_352' title='bbox 1030 4102 1059 4153; x_wconf 89' lang='lat' dir='ltr'>et</span> <span class='ocrx_word' id='word_1_353' title='bbox 1076 4100 1156 4154; x_wconf 90' lang='lat' dir='ltr'><strong><em>Pind.</em></strong></span> <span class='ocrx_word' id='word_1_354' title='bbox 1176 4101 1208 4156; x_wconf 87' lang='grc' dir='ltr'><strong><em>Ο.</em></strong></span> <span class='ocrx_word' id='word_1_355' title='bbox 1228 4121 1277 4154; x_wconf 84' lang='lat' dir='ltr'><strong><em>xm</em></strong></span> <span class='ocrx_word' id='word_1_356' title='bbox 1295 4119 1315 4157; x_wconf 86' lang='lat' dir='ltr'><strong><em>s.</em></strong></span> 
     </span>
    </p>

    <p class='ocr_par' dir='ltr' id='par_1_9' title="bbox 130 4169 1408 4883">
     <span class='ocr_line' id='line_1_42' title="bbox 201 4169 1405 4241; baseline 0.003 -16"><span class='ocrx_word' id='word_1_357' title='bbox 201 4173 244 4227; x_wconf 83' lang='lat' dir='ltr'><strong><em>Fr.</em></strong></span> <span class='ocrx_word' id='word_1_358' title='bbox 264 4178 306 4226; x_wconf 76' lang='lat'><strong><em>32.</em></strong></span> <span class='ocrx_word' id='word_1_359' title='bbox 344 4171 459 4225; x_wconf 81' lang='lat' dir='ltr'><strong><em>Aristid.</em></strong></span> <span class='ocrx_word' id='word_1_360' title='bbox 478 4190 499 4224; x_wconf 91' lang='lat'><strong><em>11</em></strong></span> <span class='ocrx_word' id='word_1_361' title='bbox 517 4187 556 4226; x_wconf 74' lang='lat' dir='ltr'><strong><em>ass</em></strong></span> <span class='ocrx_word' id='word_1_362' title='bbox 574 4170 670 4227; x_wconf 67' lang='lat' dir='ltr'>Dino:</span> <span class='ocrx_word' id='word_1_363' title='bbox 695 4171 725 4225; x_wconf 80' lang='grc' dir='ltr'><strong><em>έν</em></strong></span> <span class='ocrx_word' id='word_1_364' title='bbox 743 4180 801 4235; x_wconf 72' lang='grc' dir='ltr'><strong><em>τοῖς</em></strong></span> <span class='ocrx_word' id='word_1_365' title='bbox 820 4169 936 4241; x_wconf 73' lang='grc' dir='ltr'><strong><em>Ὕμνοις</em></strong></span> <span class='ocrx_word' id='word_1_366' title='bbox 954 4172 1065 4236; x_wconf 82' lang='grc' dir='ltr'><strong><em>διεξιὼν</em></strong></span> <span class='ocrx_word' id='word_1_367' title='bbox 1084 4169 1247 4241; x_wconf 77' lang='grc' dir='ltr'><strong><em>(Πίνδαρος)</em></strong></span> <span class='ocrx_word' id='word_1_368' title='bbox 1265 4175 1328 4240; x_wconf 74' lang='grc' dir='ltr'><strong><em>περὶ</em></strong></span> <span class='ocrx_word' id='word_1_369' title='bbox 1349 4184 1405 4229; x_wconf 88' lang='grc' dir='ltr'><strong><em>τῶν</em></strong></span> 
     </span>
     <span class='ocr_line' id='line_1_43' title="bbox 131 4240 1404 4316; baseline 0.002 -19"><span class='ocrx_word' id='word_1_370' title='bbox 131 4244 161 4297; x_wconf 85' lang='grc' dir='ltr'><strong><em>έν</em></strong></span> <span class='ocrx_word' id='word_1_371' title='bbox 180 4242 285 4297; x_wconf 80' lang='grc' dir='ltr'><strong><em>ἅπαντι</em></strong></span> <span class='ocrx_word' id='word_1_372' title='bbox 303 4248 340 4315; x_wconf 82' lang='grc' dir='ltr'><strong><em>τῴ</em></strong></span> <span class='ocrx_word' id='word_1_373' title='bbox 359 4240 450 4316; x_wconf 79' lang='grc' dir='ltr'><strong><em>χρόνῳ</em></strong></span> <span class='ocrx_word' id='word_1_374' title='bbox 468 4259 522 4312; x_wconf 90' lang='grc' dir='ltr'><strong><em>συμ</em></strong></span> <span class='ocrx_word' id='word_1_375' title='bbox 541 4242 678 4297; x_wconf 90' lang='grc' dir='ltr'><strong><em>αινύντων</em></strong></span> <span class='ocrx_word' id='word_1_376' title='bbox 696 4242 874 4312; x_wconf 82' lang='grc' dir='ltr'><strong><em>παθημάτων</em></strong></span> <span class='ocrx_word' id='word_1_377' title='bbox 892 4251 949 4305; x_wconf 87' lang='grc' dir='ltr'><strong><em>τοῖς</em></strong></span> <span class='ocrx_word' id='word_1_378' title='bbox 972 4242 1137 4310; x_wconf 78' lang='grc' dir='ltr'><strong><em>ἀνθρώποις</em></strong></span> <span class='ocrx_word' id='word_1_379' title='bbox 1158 4244 1234 4312; x_wconf 83' lang='lat' dir='ltr'>(fort.</span> <span class='ocrx_word' id='word_1_380' title='bbox 1253 4248 1333 4308; x_wconf 83' lang='grc' dir='ltr'><strong><em>θεοῖς</em></strong></span> <span class='ocrx_word' id='word_1_381' title='bbox 1357 4248 1404 4300; x_wconf 82' lang='grc' dir='ltr'><strong><em>καλ</em></strong></span> 
     </span>
     <span class='ocr_line' id='line_1_44' title="bbox 130 4312 1405 4386; baseline 0.003 -18"><span class='ocrx_word' id='word_1_382' title='bbox 130 4316 303 4383; x_wconf 84' lang='grc' dir='ltr'><strong><em>ἀνθρώποις)</em></strong></span> <span class='ocrx_word' id='word_1_383' title='bbox 318 4316 428 4381; x_wconf 76' lang='grc' dir='ltr'><strong><em>καὶτῆς</em></strong></span> <span class='ocrx_word' id='word_1_384' title='bbox 444 4331 512 4382; x_wconf 88' lang='grc' dir='ltr'><strong><em>μετα</em></strong></span> <span class='ocrx_word' id='word_1_385' title='bbox 532 4317 596 4383; x_wconf 81' lang='grc' dir='ltr'><strong><em>ολῇς</em></strong></span> <span class='ocrx_word' id='word_1_386' title='bbox 613 4315 662 4369; x_wconf 88' lang='grc' dir='ltr'><strong><em>τὸν</em></strong></span> <span class='ocrx_word' id='word_1_387' title='bbox 682 4314 799 4384; x_wconf 85' lang='grc' dir='ltr'><strong><em>Κάδμον</em></strong></span> <span class='ocrx_word' id='word_1_388' title='bbox 817 4314 903 4383; x_wconf 77' lang='grc' dir='ltr'><strong><em>φησὶν</em></strong></span> <span class='ocrx_word' id='word_1_389' title='bbox 922 4314 1041 4367; x_wconf 85' lang='grc' dir='ltr'><strong><em>ἀκοῦσαι</em></strong></span> <span class='ocrx_word' id='word_1_390' title='bbox 1059 4320 1110 4367; x_wconf 91' lang='grc' dir='ltr'><strong><em>τοῦ</em></strong></span> <span class='ocrx_word' id='word_1_391' title='bbox 1127 4312 1292 4379; x_wconf 79' lang='grc' dir='ltr'><strong><em>’Λπόλλωνος</em></strong></span> <span class='ocrx_word' id='word_1_392' title='bbox 1310 4336 1405 4386; x_wconf 88' lang='grc' dir='ltr'><strong><em>μουσι-</em></strong></span> 
     </span>
     <span class='ocr_line' id='line_1_45' title="bbox 133 4381 1406 4459; baseline 0.005 -21"><span class='ocrx_word' id='word_1_393' title='bbox 133 4387 188 4439; x_wconf 85' lang='grc' dir='ltr'><strong><em>κὰν</em></strong></span> <span class='ocrx_word' id='word_1_394' title='bbox 207 4385 301 4451; x_wconf 86' lang='grc' dir='ltr'><strong><em>ὀρθὰν</em></strong></span> <span class='ocrx_word' id='word_1_395' title='bbox 320 4381 558 4455; x_wconf 79' lang='grc' dir='ltr'><strong><em>ἐπιδεικνυμένου,</em></strong></span> <span class='ocrx_word' id='word_1_396' title='bbox 576 4385 649 4440; x_wconf 80' lang='lat' dir='ltr'>Plut.</span> <span class='ocrx_word' id='word_1_397' title='bbox 668 4386 704 4440; x_wconf 86' lang='lat' dir='ltr'><strong><em>de</em></strong></span> <span class='ocrx_word' id='word_1_398' title='bbox 722 4385 803 4455; x_wconf 80' lang='lat' dir='ltr'>Pyth.</span> <span class='ocrx_word' id='word_1_399' title='bbox 821 4401 893 4439; x_wconf 82' lang='lat' dir='ltr'><strong><em>orac.</em></strong></span> <span class='ocrx_word' id='word_1_400' title='bbox 908 4401 933 4439; x_wconf 87' lang='lat' dir='ltr'><strong><em>o:</em></strong></span> <span class='ocrx_word' id='word_1_401' title='bbox 952 4383 968 4437; x_wconf 89' lang='grc' dir='ltr'><strong><em>δ</em></strong></span> <span class='ocrx_word' id='word_1_402' title='bbox 987 4382 1018 4438; x_wconf 73' lang='grc' dir='ltr'><strong><em>δέ</em></strong></span> <span class='ocrx_word' id='word_1_403' title='bbox 1037 4382 1180 4452; x_wconf 83' lang='grc' dir='ltr'><strong><em>Πίνδαρος</em></strong></span> <span class='ocrx_word' id='word_1_404' title='bbox 1198 4387 1319 4442; x_wconf 82' lang='grc' dir='ltr'><strong><em>ἀκοῦσαί</em></strong></span> <span class='ocrx_word' id='word_1_405' title='bbox 1337 4407 1406 4459; x_wconf 88' lang='grc' dir='ltr'><strong><em>φησι</em></strong></span> 
     </span>
     <span class='ocr_line' id='line_1_46' title="bbox 133 4453 1407 4526; baseline 0.003 -15"><span class='ocrx_word' id='word_1_406' title='bbox 133 4465 182 4511; x_wconf 84' lang='grc' dir='ltr'><strong><em>τοῦ</em></strong></span> <span class='ocrx_word' id='word_1_407' title='bbox 202 4462 274 4510; x_wconf 89' lang='grc' dir='ltr'><strong><em>θεοῦ</em></strong></span> <span class='ocrx_word' id='word_1_408' title='bbox 298 4456 348 4510; x_wconf 91' lang='grc' dir='ltr'><strong><em>τὸν</em></strong></span> <span class='ocrx_word' id='word_1_409' title='bbox 366 4453 485 4525; x_wconf 77' lang='grc' dir='ltr'><strong><em>Κάδμον</em></strong></span> <span class='ocrx_word' id='word_1_410' title='bbox 510 4457 646 4526; x_wconf 82' lang='grc' dir='ltr'><strong><em>μουσικὰν</em></strong></span> <span class='ocrx_word' id='word_1_411' title='bbox 672 4456 776 4525; x_wconf 84' lang='grc' dir='ltr'><strong><em>ὀρθάν,</em></strong></span> <span class='ocrx_word' id='word_1_412' title='bbox 804 4458 854 4526; x_wconf 81' lang='grc' dir='ltr'><strong><em>οὐχ</em></strong></span> <span class='ocrx_word' id='word_1_413' title='bbox 877 4456 977 4523; x_wconf 73' lang='grc' dir='ltr'><strong><em>ἡδεῖαν</em></strong></span> <span class='ocrx_word' id='word_1_414' title='bbox 1000 4454 1066 4510; x_wconf 71' lang='grc' dir='ltr'><strong><em>οῦδὲ</em></strong></span> <span class='ocrx_word' id='word_1_415' title='bbox 1092 4457 1234 4526; x_wconf 80' lang='grc' dir='ltr'><strong><em>τρυφερὰν</em></strong></span> <span class='ocrx_word' id='word_1_416' title='bbox 1261 4459 1326 4515; x_wconf 81' lang='grc' dir='ltr'><strong><em>οὐδ’</em></strong></span> <span class='ocrx_word' id='word_1_417' title='bbox 1347 4461 1407 4515; x_wconf 82' lang='grc' dir='ltr'><strong><em>έπι·</em></strong></span> 
     </span>
     <span class='ocr_line' id='line_1_47' title="bbox 135 4523 1406 4615; baseline 0.003 -33"><span class='ocrx_word' id='word_1_418' title='bbox 135 4526 324 4596; x_wconf 80' lang='grc' dir='ltr'><strong><em>κεκλαυμένην</em></strong></span> <span class='ocrx_word' id='word_1_419' title='bbox 341 4534 400 4589; x_wconf 75' lang='grc' dir='ltr'><strong><em>τοῖς</em></strong></span> <span class='ocrx_word' id='word_1_420' title='bbox 418 4523 534 4615; x_wconf 84' lang='grc' dir='ltr'><strong><em>μέλεσιν.</em></strong></span> <span class='ocrx_word' id='word_1_421' title='bbox 571 4527 648 4581; x_wconf 90' lang='lat' dir='ltr'>Idem</span> <span class='ocrx_word' id='word_1_422' title='bbox 666 4527 701 4583; x_wconf 90' lang='lat' dir='ltr'><strong><em>de</em></strong></span> <span class='ocrx_word' id='word_1_423' title='bbox 720 4528 804 4581; x_wconf 87' lang='lat' dir='ltr'>anim.</span> <span class='ocrx_word' id='word_1_424' title='bbox 823 4543 910 4597; x_wconf 78' lang='lat' dir='ltr'><strong><em>procu.</em></strong></span> <span class='ocrx_word' id='word_1_425' title='bbox 931 4533 978 4582; x_wconf 83' lang='lat'><strong><em>33:</em></strong></span> <span class='ocrx_word' id='word_1_426' title='bbox 999 4524 1142 4597; x_wconf 80' lang='grc' dir='ltr'><strong><em>Πίνδαρος</em></strong></span> <span class='ocrx_word' id='word_1_427' title='bbox 1159 4538 1209 4583; x_wconf 85' lang='grc' dir='ltr'><strong><em>τοῦ</em></strong></span> <span class='ocrx_word' id='word_1_428' title='bbox 1228 4535 1301 4585; x_wconf 83' lang='grc' dir='ltr'><strong><em>θεοῦ</em></strong></span> <span class='ocrx_word' id='word_1_429' title='bbox 1319 4551 1406 4601; x_wconf 84' lang='grc' dir='ltr'><strong><em>φησιν</em></strong></span> 
     </span>
     <span class='ocr_line' id='line_1_48' title="bbox 135 4597 1408 4669; baseline 0.002 -15"><span class='ocrx_word' id='word_1_430' title='bbox 135 4600 290 4654; x_wconf 77' lang='grc' dir='ltr'><strong><em>ἐπακοῦσαι</em></strong></span> <span class='ocrx_word' id='word_1_431' title='bbox 313 4615 451 4667; x_wconf 89' lang='grc' dir='ltr'><strong><em>μουσικαν</em></strong></span> <span class='ocrx_word' id='word_1_432' title='bbox 469 4597 564 4664; x_wconf 82' lang='grc' dir='ltr'><strong><em>ὀρθὰν</em></strong></span> <span class='ocrx_word' id='word_1_433' title='bbox 587 4597 817 4669; x_wconf 79' lang='grc' dir='ltr'><strong><em>ἐπιδεικνυμένου</em></strong></span> <span class='ocrx_word' id='word_1_434' title='bbox 834 4598 884 4652; x_wconf 91' lang='grc' dir='ltr'><strong><em>τὸν</em></strong></span> <span class='ocrx_word' id='word_1_435' title='bbox 903 4598 1028 4668; x_wconf 82' lang='grc' dir='ltr'><strong><em>Κάδμον.</em></strong></span> <span class='ocrx_word' id='word_1_436' title='bbox 1064 4599 1226 4655; x_wconf 80' lang='lat' dir='ltr'>Orationem</span> <span class='ocrx_word' id='word_1_437' title='bbox 1250 4605 1356 4657; x_wconf 85' lang='lat' dir='ltr'>rectam</span> <span class='ocrx_word' id='word_1_438' title='bbox 1379 4606 1408 4657; x_wconf 88' lang='lat' dir='ltr'>et</span> 
     </span>
     <span class='ocr_line' id='line_1_49' title="bbox 136 4668 1408 4740; baseline 0.003 -16"><span class='ocrx_word' id='word_1_439' title='bbox 136 4673 255 4724; x_wconf 86' lang='lat' dir='ltr'>metrum</span> <span class='ocrx_word' id='word_1_440' title='bbox 274 4669 311 4723; x_wconf 84' lang='lat' dir='ltr'><strong><em>ud</em></strong></span> <span class='ocrx_word' id='word_1_441' title='bbox 330 4668 475 4739; x_wconf 82' lang='lat' dir='ltr'>exemplar</span> <span class='ocrx_word' id='word_1_442' title='bbox 497 4669 529 4722; x_wconf 83' lang='lat' dir='ltr'><strong><em>fr.</em></strong></span> <span class='ocrx_word' id='word_1_443' title='bbox 549 4685 588 4724; x_wconf 74' lang='lat' dir='ltr'><strong><em>ru</em></strong></span> <span class='ocrx_word' id='word_1_444' title='bbox 611 4669 699 4724; x_wconf 91' lang='lat' dir='ltr'>restit.</span> <span class='ocrx_word' id='word_1_445' title='bbox 720 4669 832 4724; x_wconf 87' lang='lat' dir='ltr'>Boeokh</span> <span class='ocrx_word' id='word_1_446' title='bbox 855 4699 888 4709; x_wconf 92' lang='lat'>-</span> <span class='ocrx_word' id='word_1_447' title='bbox 913 4669 1028 4740; x_wconf 86' lang='lat' dir='ltr'>Spectat</span> <span class='ocrx_word' id='word_1_448' title='bbox 1053 4670 1106 4724; x_wconf 85' lang='lat' dir='ltr'><strong><em>hoc</em></strong></span> <span class='ocrx_word' id='word_1_449' title='bbox 1132 4688 1245 4725; x_wconf 84' lang='lat' dir='ltr'>carmen</span> <span class='ocrx_word' id='word_1_450' title='bbox 1268 4673 1408 4728; x_wconf 84' lang='lat' dir='ltr'>Pindarus</span> 
     </span>
     <span class='ocr_line' id='line_1_50' title="bbox 135 4740 1408 4812; baseline 0.005 -16"><span class='ocrx_word' id='word_1_451' title='bbox 135 4743 144 4796; x_wconf 92' lang='lat' dir='ltr'>i</span> <span class='ocrx_word' id='word_1_452' title='bbox 166 4759 195 4795; x_wconf 85' lang='lat' dir='ltr'><strong><em>so</em></strong></span> <span class='ocrx_word' id='word_1_453' title='bbox 218 4742 298 4796; x_wconf 81' lang='lat' dir='ltr'><strong><em>l&#39;..m</em></strong></span> <span class='ocrx_word' id='word_1_454' title='bbox 317 4758 343 4797; x_wconf 84' lang='grc' dir='ltr'><strong><em>οι</em></strong></span> <span class='ocrx_word' id='word_1_455' title='bbox 366 4741 411 4810; x_wconf 85' lang='lat' dir='ltr'><strong><em>(cl.</em></strong></span> <span class='ocrx_word' id='word_1_456' title='bbox 431 4740 465 4795; x_wconf 84' lang='lat' dir='ltr'><strong><em>N.</em></strong></span> <span class='ocrx_word' id='word_1_457' title='bbox 483 4760 501 4792; x_wconf 81' lang='grc' dir='ltr'><strong><em>τ</em></strong></span> <span class='ocrx_word' id='word_1_458' title='bbox 519 4756 545 4797; x_wconf 80' lang='lat'><strong><em>25</em></strong></span> <span class='ocrx_word' id='word_1_459' title='bbox 560 4743 616 4807; x_wconf 75' lang='lat' dir='ltr'><strong><em>aa).</em></strong></span> <span class='ocrx_word' id='word_1_460' title='bbox 654 4742 771 4811; x_wconf 73' lang='lat' dir='ltr'>Sumpta</span> <span class='ocrx_word' id='word_1_461' title='bbox 794 4743 859 4793; x_wconf 89' lang='lat' dir='ltr'>suut</span> <span class='ocrx_word' id='word_1_462' title='bbox 880 4740 913 4795; x_wconf 85' lang='lat' dir='ltr'><strong><em>t&#39;r.</em></strong></span> <span class='ocrx_word' id='word_1_463' title='bbox 934 4749 967 4795; x_wconf 78' lang='lat'><strong><em>32</em></strong></span> <span class='ocrx_word' id='word_1_464' title='bbox 987 4746 1016 4797; x_wconf 90' lang='lat' dir='ltr'>et</span> <span class='ocrx_word' id='word_1_465' title='bbox 1039 4748 1073 4794; x_wconf 88' lang='grc'><strong><em>33</em></strong></span> <span class='ocrx_word' id='word_1_466' title='bbox 1097 4759 1130 4795; x_wconf 85' lang='lat' dir='ltr'><strong><em>ox</em></strong></span> <span class='ocrx_word' id='word_1_467' title='bbox 1154 4744 1245 4812; x_wconf 87' lang='lat' dir='ltr'>epodo</span> <span class='ocrx_word' id='word_1_468' title='bbox 1269 4746 1408 4802; x_wconf 75' lang='lat' dir='ltr'><strong><em>carminis.</em></strong></span> 
     </span>
     <span class='ocr_line' id='line_1_51' title="bbox 134 4811 659 4883; baseline 0 -15"><span class='ocrx_word' id='word_1_469' title='bbox 134 4814 241 4868; x_wconf 69' lang='lat' dir='ltr'>Eodem</span> <span class='ocrx_word' id='word_1_470' title='bbox 259 4813 399 4883; x_wconf 89' lang='lat' dir='ltr'>pertinere</span> <span class='ocrx_word' id='word_1_471' title='bbox 418 4812 530 4867; x_wconf 79' lang='lat' dir='ltr'>videtur</span> <span class='ocrx_word' id='word_1_472' title='bbox 547 4811 580 4867; x_wconf 83' lang='lat' dir='ltr'><strong><em>fr.</em></strong></span> <span class='ocrx_word' id='word_1_473' title='bbox 601 4819 659 4868; x_wconf 79' lang='lat'><strong>178.</strong></span> 
     </span>
    </p>
   </div>
   <div class='ocr_carea' id='block_1_8' title="bbox 189 4909 1197 4955">
    <p class='ocr_par' dir='ltr' id='par_1_10' title="bbox 189 4909 1197 4955">
     <span class='ocr_line' id='line_1_52' title="bbox 189 4909 1197 4955; baseline 0.003 -3"><span class='ocrx_word' id='word_1_474' title='bbox 189 4913 313 4954; x_wconf 73' lang='lat' dir='ltr'>Primanus</span> <span class='ocrx_word' id='word_1_475' title='bbox 328 4913 362 4953; x_wconf 84' lang='lat' dir='ltr'><strong><em>sd.</em></strong></span> <span class='ocrx_word' id='word_1_476' title='bbox 377 4912 481 4953; x_wconf 74' lang='lat' dir='ltr'><strong><em>curm</em></strong></span> <span class='ocrx_word' id='word_1_477' title='bbox 1164 4909 1197 4955; x_wconf 74' lang='lat'><strong><em>25</em></strong></span> 
     </span>
    </p>
   </div>
   <div class='ocr_carea' id='block_1_9' title="bbox 0 0 1732 5378">
    <p class='ocr_par' dir='ltr' id='par_1_11' title="bbox 0 0 1732 5378">
     <span class='ocr_line' id='line_1_53' title="bbox 0 0 1732 5378; baseline 0 0"><span class='ocrx_word' id='word_1_478' title='bbox 0 0 1732 5378; x_wconf 95' lang='lat' dir='ltr'><strong><em> </em></strong></span> 
     </span>
    </p>
   </div>
  </div>
 </body>
</html>
