3406 5378
276 339 341 402 250
746 343 893 394 rruosnr
913 343 1080 396 sermore.

278 508 441 569 maioribus
470 508 628 585 traditum,
658 511 694 567 ut
721 509 824 569 heroes
852 509 1021 569 domesticis
1041 509 1190 569 laudibus
1213 513 1398 587 ornarentur,
1423 510 1553 585 primum

277 598 408 659 omnium
437 597 565 674 Aeaeus,
594 597 673 656 filius
701 598 779 658 lovis
809 601 839 657 et
862 598 995 676 Aeginae
1025 599 1186 676 nymphae,
1214 602 1280 657 tum
1307 598 1362 657 filii
1390 599 1454 658 eius
1484 604 1552 677 tres,

277 688 383 746 Peleus
407 687 550 746 Telamon
574 686 704 763 Phocus,
732 686 836 746 deinde
860 687 941 746 Pelei
968 687 1048 747 filius
1071 688 1202 747 Achilles
1237 690 1268 747 et
1297 706 1389 764 nepos
1421 688 1552 764 Neopto-

277 777 384 852 lemus,
427 775 596 835 Telamonis
635 775 690 834 filii
727 775 805 834 Aiax
843 780 874 835 et
910 777 1030 836 Teucer.
1092 777 1225 847 Quorum
1262 777 1387 836 heroum
1425 777 1552 854 fabulas,

277 864 451 925 coniunctas
479 864 547 923 illas
576 884 644 924 cum
675 865 856 924 facinoribus
887 865 1024 925 Herculis
1053 869 1083 925 et
1110 866 1181 924 fatis
1209 865 1280 924 belli
1308 866 1445 943 Troiani,
1479 866 1552 926 adeo

278 954 425 1012 Pindarus
453 952 483 1011 in
512 953 647 1029 epiniciis
670 954 854 1031 Aegineticis
881 954 1065 1031 decantavit,
1096 958 1132 1013 ut
1160 974 1248 1030 saepe
1275 954 1394 1014 easdem
1421 974 1468 1014 res
1492 956 1553 1015 fere

277 1043 387 1102 eisdem
410 1042 507 1101 verbis
529 1047 672 1120 narraret,
695 1045 731 1102 ut
754 1043 877 1103 insidias
905 1044 993 1103 Peleo
1018 1043 1055 1103 ab
1074 1045 1184 1103 Acasto
1209 1046 1338 1102 structas
1361 1044 1398 1102 N.
1418 1063 1452 1102 111
1472 1055 1554 1103 sess.

277 1133 313 1191 N.
333 1150 364 1189 ιν
384 1143 464 1190 eles.
493 1130 529 1189 N.
549 1151 569 1190 v
587 1143 677 1209 asse,
697 1132 778 1192 Pelei
797 1136 828 1191 et
847 1133 981 1193 Thetidis
1000 1133 1122 1209 nuptias
1141 1132 1178 1191 N.
1198 1152 1229 1190 ιι
1249 1144 1281 1191 6⁵2
1293 1152 1329 1192 ss,
1354 1132 1376 1191 I.
1391 1151 1447 1191 vru
1462 1146 1495 1193 26
1508 1152 1555 1210 ss,

277 1221 378 1281 Aiacis
397 1223 524 1280 mortem
542 1221 746 1280 voluntariam
764 1221 800 1280 N.
820 1241 863 1280 vu
883 1234 963 1281 ross
996 1223 1033 1280 N.
1053 1241 1108 1279 rur
1127 1234 1160 1281 23
1172 1240 1217 1298 ss,
1242 1221 1412 1282 Telamonis
1431 1225 1462 1280 et
1481 1221 1555 1281 Her·

278 1310 353 1371 culis
383 1329 534 1369 armorum
563 1310 736 1369 societatem
759 1311 795 1369 N.
814 1330 846 1369 ιν
865 1323 898 1370 25
909 1329 945 1370 ss.
988 1311 1061 1370 Ι.ιί
1081 1323 1175 1387 atas,
1205 1310 1331 1370 Achillis
1359 1311 1450 1370 fortia
1474 1312 1555 1370 facta

278 1401 314 1460 N.
333 1418 368 1457 111
387 1411 465 1458 43ss.
506 1399 542 1457 N.
561 1417 592 1457 vr
612 1411 693 1458 coss.
730 1400 752 1458 I.
772 1419 792 1457 v
810 1411 844 1458 39
855 1419 891 1460 ss.
937 1401 985 1458 lta
1012 1420 1081 1459 vero
1110 1401 1238 1459 colorem
1271 1399 1436 1458 carminum
1465 1403 1556 1476 poeta

279 1488 423 1564 variavit,
456 1491 492 1546 ut
523 1488 610 1547 modo
638 1507 730 1547 unam
758 1491 908 1565 quandam
940 1490 1073 1548 fabulam
1106 1489 1220 1564 prolixe
1248 1490 1383 1565 referret,
1415 1488 1445 1546 id
1473 1490 1555 1565 quod

279 1577 406 1637 maxime
430 1576 460 1634 in
483 1577 664 1636 carminibus
688 1577 978 1654 dactylo-epitriticis
1002 1579 1074 1638 feeit
1098 1576 1145 1658 (0.
1166 1597 1228 1635 rur.
1260 1578 1296 1636 N.
1317 1597 1344 1636 v.
1365 1596 1427 1636 rur.
1456 1578 1479 1638 I.
1499 1570 1555 1658 ιι),

279 1666 367 1726 modo
386 1665 519 1742 plurium
539 1686 637 1725 rerum
657 1666 758 1741 capita
776 1668 1032 1744 complecteretur,
1052 1671 1087 1726 ut
1105 1666 1281 1742 praesertim
1300 1666 1329 1724 in
1349 1667 1405 1725 hoc
1425 1667 1556 1725 carmine

279 1754 488 1831 pulcherrime,
502 1755 581 1830 quod
597 1759 705 1831 tamen,
721 1756 859 1830 quamvis
873 1756 1027 1831 splendore
1043 1756 1181 1816 dictionis
1196 1759 1226 1814 et
1240 1755 1377 1814 ubertate
1390 1755 1556 1833 figurarum

280 1843 466 1920 audaciaque
485 1844 728 1920 metaphorarum
747 1845 852 1903 ceteris
871 1845 1039 1918 antecellat,
1054 1865 1150 1921 neque
1165 1845 1250 1903 dulce
1265 1848 1310 1903 est
1329 1863 1424 1919 neque
1439 1845 1556 1904 animos

280 1933 444 2013 legentium
463 1935 518 1991 aut
536 1933 621 2011 gravi
641 1933 749 1991 affectu
766 1936 932 1993 commovet
946 1939 1000 1992 aut
1014 1935 1052 1993 ad
1066 1953 1160 1993 unum
1176 1934 1325 2009 quendam
1340 1933 1428 1992 finem
1442 1932 1555 2011 dirigit.

822 2088 867 2153 De
889 2088 1011 2153 metris.

371 2201 518 2262 Carminis
541 2200 631 2259 huius
651 2200 767 2259 numeri
790 2206 861 2260 sunt
879 2201 994 2261 Aeolici
1013 2195 1054 2283 (v.
1076 2193 1123 2282 79)
1143 2205 1174 2260 et
1192 2201 1366 2279 logaoedici,
1391 2200 1558 2277 persimiles

281 2293 325 2352 illi
359 2290 499 2352 carminis
527 2291 562 2349 N.
583 2309 633 2347 ru.
685 2290 786 2366 Atque
818 2291 975 2367 plerosque
1009 2310 1110 2350 versus
1142 2282 1209 2371 (etr.
1230 2302 1253 2351 1.
1274 2303 1297 2349 ν.
1318 2301 1342 2348 4.
1363 2301 1387 2350 6.
1416 2309 1460 2365 ep.
1482 2302 1505 2348 1.
1526 2283 1557 2368 2)

282 2379 354 2441 κατὰ
378 2379 517 2440 διποδίαν
545 2379 727 2439 scandendos
756 2398 818 2439 esse
841 2384 938 2457 patet,
966 2399 1062 2456 neque
1091 2379 1143 2456 qui
1171 2379 1200 2437 in
1225 2379 1370 2455 tripodias
1394 2385 1557 2439 excurrunt

281 2489 384 2532 versus
408 2463 474 2551 (str.
494 2481 518 2528 3.
539 2461 579 2550 o),
603 2469 672 2527 huic
696 2469 850 2545 dipodicae
876 2468 1023 2528 scansioni
1049 2471 1252 2545 reliagantur3
1276 2487 1301 2525 v.
1322 2468 1399 2527 Prol.
1420 2486 1446 2524 a.
1485 2467 1558 2525 lude

282 2560 413 2637 reliquos
441 2577 562 2636 quoque
592 2577 695 2617 versus
726 2559 774 2616 vix
802 2578 820 2616 a
847 2578 893 2616 me
921 2559 1080 2633 impetrare
1111 2557 1209 2632 potui,
1238 2560 1274 2614 ut
1302 2577 1338 2615 ne
1367 2560 1397 2615 et
1422 2558 1501 2632 ipsos
1526 2555 1557 2614 in

282 2649 418 2727 dipodius
436 2648 606 2707 dividerem.
644 2647 744 2723 Atque
764 2647 851 2706 facile
870 2647 924 2706 hoo
943 2645 1007 2706 fieri
1020 2648 1121 2722 potest
1134 2646 1164 2703 iu
1180 2645 1287 2704 ultimo
1304 2664 1392 2704 versu
1407 2645 1558 2722 strophae,

282 2739 369 2798 modo
397 2757 466 2797 eum
490 2737 688 2796 acatalectum
712 2740 766 2795 aut
789 2736 885 2811 capite
918 2755 972 2795 suo
1005 2735 1157 2811 privatum
1185 2752 1247 2793 esse
1271 2734 1370 2793 ducas.
1416 2734 1498 2793 ldem
1522 2736 1559 2792 ut

282 2829 313 2887 in
341 2827 447 2887 ultimo
476 2844 563 2886 versu
592 2825 679 2900 epodi
707 2827 821 2885 factum
847 2844 910 2884 esse
934 2827 1147 2900 statueremuS,
1177 2841 1300 2882 caesura
1328 2825 1396 2898 post
1419 2826 1558 2882 octavam

282 2916 430 2994 syllabam
457 2915 487 2973 in
516 2913 653 2973 omnibus
681 2915 810 2989 strophis
838 2916 958 2973 servata
984 2913 1106 2973 adducti
1136 2931 1247 2972 sumus.
1298 2912 1425 2972 Maiores
1456 2915 1559 2971 autern

283 3006 476 3066 difficultates
500 3023 585 3062 omne
609 3023 726 3062 carmen
751 3003 781 3061 in
805 3002 941 3079 dipodius
964 3002 1109 3061 dividenti
1133 3002 1267 3062 obiciunt
1290 3019 1393 3061 versus
1412 3000 1559 3076 septimus

283 3096 422 3172 strophae
454 3095 484 3151 et
515 3091 623 3150 tertius
655 3096 746 3170 atque
779 3096 906 3169 quartus
935 3092 1035 3169 epodi,
1069 3111 1145 3169 quae
1178 3109 1361 3168 quamquam
1391 3089 1559 3148 artificiosis

284 3184 427 3244 machinis
451 3183 481 3240 et
505 3180 625 3241 adscitis
648 3183 832 3259 temporibus
856 3181 994 3240 inanibus
1018 3181 1162 3241 removeri
1184 3183 1311 3256 possunt
1333 3179 1389 3239 hoo
1412 3177 1513 3238 modo:

522 3336 544 3387 A
604 3330 964 3371 -u;u-vu;ul..
1019 3343 1134 3368 ιυ-

514 3426 518 3434 “
602 3437 796 3478 -υ;υυμ
860 3448 1036 3476 ,ου-υκαι
1117 3465 1134 3474 -

520 3556 621 3588 ὐυ-
729 3534 888 3583 moos.
942 3532 1336 3583 ,υινυΙ-Ξυυυυ-

284 3652 360 3711 nihil
379 3656 479 3710 tamen
499 3650 662 3709 diiudicare
682 3667 773 3707 ausus
792 3665 866 3724 sum,
882 3645 1024 3723 qnoniam
1043 3663 1101 3704 non
1122 3644 1151 3701 in
1171 3661 1281 3719 pompa
1295 3662 1313 3701 a
1328 3641 1416 3699 choro
1436 3639 1560 3716 paribus

284 3741 434 3820 gressibus
457 3739 633 3816 procedente
657 3738 729 3798 haec
753 3737 811 3796 oda
833 3737 956 3795 cantata
979 3752 1041 3793 esse
1065 3733 1191 3808 videtur,
1214 3732 1266 3791 sed
1289 3731 1319 3788 in
1343 3720 1559 3808 curia(v.‘10)

284 3832 363 3890 inter
376 3830 488 3906 epulas.
512 3829 659 3907 Aeginam
674 3846 744 3887 sero
759 3829 849 3902 poeta
863 3844 922 3883 non
936 3824 999 3900 ipse
1014 3842 1131 3882 carmen
1148 3821 1275 3897 advexit,
1290 3819 1340 3878 sed
1355 3818 1463 3877 Thebis
1478 3818 1561 3877 misit

284 3914 345 4003 (vv.
365 3932 391 3978 4.
412 3913 469 4000 w).
505 3917 607 3977 Nihilo
627 3916 723 3976 secius
742 3918 841 3973 tanren
861 3914 984 3972 chorum
1003 3913 1145 3970 iuvenum
1166 3901 1207 3989 (v.
1222 3921 1247 3969 4.
1264 3902 1312 3987 66)
1327 3908 1368 3967 sio
1387 3907 1560 3983 loquentem

282 4010 361 4085 fecit,
386 4012 539 4085 tamquam
565 4007 627 4083 ipse
652 4004 755 4066 cantui
777 4004 934 4062 interesset
956 4001 1158 4076 victoremque
1182 4017 1320 4075 praesens
1346 3996 1559 4072 alloqueretur.

330 4195 369 4264 Ὠ
391 4202 510 4264 πότνια
535 4201 659 4280 Μοῖσα,
682 4204 782 4281 μᾶτερ
807 4191 956 4278 ἁμετέρα,
971 4232 985 4241 -
1000 4195 1164 4276 λίσσομαι,
1355 4191 1435 4270 Στρ.
1458 4183 1501 4249 α’.

337 4308 398 4372 τὰν
420 4303 605 4382 πολυξέναν
629 4302 665 4368 ἐν
689 4304 860 4388 ἱερομηνίᾳ
874 4340 888 4349 -
903 4299 1050 4383 Νεμεάδι

356 4536 435 4571 snum
458 4534 562 4570 suerro.
604 4515 688 4568 Iuscr.
712 4530 765 4568 om.
790 4514 829 4579 B,
856 4507 1052 4582 Ἀριστοκλείδῃ
1077 4507 1207 4579 Αἰγινήτῃ
1231 4512 1440 4575 παγκρατιαστῇ
1465 4504 1494 4559 D
1523 4535 1558 4544 -

286 4597 308 4645 1.
329 4586 350 4644 ὦ
369 4606 422 4644 οιιι.
442 4590 470 4642 Β
490 4618 521 4627 -
541 4592 565 4641 2.
586 4587 724 4652 παλαίειν.
744 4585 809 4640 BD
828 4614 860 4624 -

356 4749 543 4788 couusurran.
583 4746 605 4783 r.
628 4734 650 4783 1.
680 4728 777 4782 schol:
808 4722 912 4796 μητέρα
941 4722 1041 4777 ἑαυτοῦ
1070 4716 1129 4775 εἶπε
1157 4720 1209 4789 τὴν
1232 4724 1354 4775 Μοῦσαν
1382 4713 1561 4782 dllleduqoc

284 4805 360 4861 ὦσαν
386 4800 586 4872 ἐπικαιόμενος
612 4799 641 4854 ἐκ
664 4808 720 4854 τῶν
738 4802 872 4853 Μουσῶν·
899 4796 929 4850 ἐκ
952 4793 1005 4865 γάρ
1028 4813 1071 4848 τοι
1095 4796 1218 4847 Μουσῶν
1242 4792 1288 4845 eal
1314 4787 1447 4861 ἑκηβόλου
1469 4786 1561 4841 Ἀπόλ-
