3406 5378
282 294 322 359 16
747 297 897 349 PINDABI
915 297 1080 349 EPINICIA.

274 467 381 540 poetae
413 462 607 524 admiserunt.
658 463 724 534 Qua
753 463 789 522 de
820 482 910 523 causa
939 463 971 521 in
1001 464 1140 539 strophae
1174 462 1294 540 quidem
1316 482 1405 523 versu
1428 463 1555 540 septimo

276 553 413 612 bacchios
437 554 568 629 recipere
592 573 651 613 non
674 553 826 630 dubitavi,
850 556 953 612 contra
976 553 1006 610 in
1029 553 1163 611 versibus
1186 555 1238 611 str.
1262 565 1287 611 3.
1312 564 1336 612 t.
1360 574 1405 629 ep.
1427 566 1450 612 1.
1469 566 1494 630 4,
1518 574 1554 612 ne

275 642 486 719 antibacchioS,
505 662 634 718 quorum
652 642 750 717 prima
768 643 858 719 longa
877 643 978 700 soluta
996 644 1081 718 esset,
1101 641 1259 700 admittere
1278 660 1407 720 cogerer,
1425 642 1555 717 primam

275 751 378 790 versus
406 732 553 807 syllabam
583 732 705 808 longam
735 731 887 789 anacrusis
910 731 972 790 vim
1000 730 1133 789 obtinere
1163 734 1193 789 et
1224 730 1375 805 paeonicis
1403 731 1556 790 ordinibus

275 839 414 879 versuum
438 823 489 879 str.
504 832 528 879 2.
545 832 560 879 6
580 820 738 879 iambicam
762 820 931 880 anacrnsim
954 819 1148 895 praemissam
1171 839 1234 879 esse
1258 818 1432 897 significavi.
1465 821 1554 880 Prae·

276 911 358 968 terea
377 909 408 967 in
427 910 517 969 tertio
536 927 633 985 versu,
653 927 721 967 cum
744 912 797 967 aut
820 910 927 986 longae
950 907 1033 966 finali
1056 908 1164 984 prioris
1187 909 1311 968 membri
1335 927 1438 968 versus
1462 909 1553 968 ambi-

275 1002 324 1056 tus
353 997 486 1074 quinque
515 1004 689 1077 temporum¹
713 997 888 1056 tribuendus
916 1000 971 1056 aut
997 997 1143 1055 transitus
1167 1016 1185 1055 a
1207 997 1324 1057 creticis
1352 998 1390 1056 ad
1417 999 1554 1058 bacchios

278 1087 454 1146 statuendus
477 1087 577 1164 fuerit,
600 1086 729 1162 priorem
753 1087 932 1147 sententiam
956 1086 1095 1161 amplecti
1119 1086 1222 1162 malui,
1246 1086 1383 1162 quamvis
1406 1087 1553 1146 Aristides

275 1176 311 1234 de
330 1194 405 1234 mus.
420 1181 433 1233 I
448 1188 482 1234 33
501 1175 703 1253 rhythmicum
727 1179 845 1252 tempus
869 1175 1002 1251 quinque
1025 1194 1178 1234 morarum
1201 1193 1264 1234 esse
1287 1178 1384 1254 neget
1417 1176 1553 1252 Denique

275 1264 465 1324 ditrochaeus
488 1265 518 1323 in
543 1266 642 1324 locum
665 1264 766 1324 cretici
789 1265 873 1341 pedis
896 1263 955 1322 nisi
973 1264 1029 1322 sub
1046 1263 1135 1323 finem
1154 1265 1293 1340 strophae
1313 1258 1354 1344 (v.
1369 1264 1398 1337 8)
1417 1269 1448 1323 et
1466 1266 1554 1341 epodi

277 1346 318 1434 (v.
336 1346 366 1433 6)
381 1374 440 1413 non
459 1354 608 1414 successit.
646 1353 772 1430 Magnas
790 1373 860 1413 vero
879 1352 1073 1412 difficultates
1091 1355 1201 1429 parant
1218 1353 1366 1430 tripodiae
1385 1354 1553 1414 trochaicae

276 1443 468 1502 catalecticae
495 1442 660 1519 paeonibus
688 1442 719 1500 in
747 1443 833 1518 epodi
860 1442 996 1501 versibus
1026 1442 1154 1501 secundo
1183 1445 1214 1501 et
1236 1442 1326 1502 tertio
1349 1443 1553 1520 interpositae.

277 1531 377 1607 Atque
402 1532 432 1590 in
456 1532 584 1590 secundo
607 1549 696 1590 versu
718 1531 838 1590 facilius
861 1550 913 1589 eae
932 1531 1004 1589 ferri
1026 1533 1160 1608 possunt,
1184 1531 1265 1606 quod
1285 1533 1368 1591 totus
1391 1550 1494 1591 versus
1517 1552 1553 1592 ex

280 1619 418 1695 tripodiis
438 1624 568 1697 constat3
591 1620 642 1679 sed
665 1620 695 1677 in
720 1620 809 1679 tertio
828 1639 917 1679 versu
935 1639 1004 1679 cum
1021 1638 1114 1678 unam
1133 1619 1294 1695 tripodium
1317 1620 1413 1679 tribus
1437 1622 1554 1680 creticis

278 1708 440 1767 admiscere
459 1708 629 1767 dubitarem
652 1727 748 1784 neque
767 1709 929 1767 transitum
947 1728 965 1766 a
984 1707 1101 1767 creticis
1119 1708 1244 1783 pedihus
1268 1709 1306 1768 ad
1328 1709 1466 1769 bacchios
1484 1730 1552 1786 pro·

276 1796 391 1874 harem,
421 1798 459 1855 ad
482 1797 647 1856 remedium
677 1797 855 1873 quintuplae
884 1798 992 1874 longae
1022 1797 1256 1874 confugiendum
1286 1798 1366 1856 duxi.
1413 1797 1552 1858 Ceterum

276 1886 450 1945 audaciores
465 1887 604 1962 rationes,
620 1904 695 1961 quas
710 1886 740 1943 in
755 1886 903 1961 rhythmis
922 1885 1011 1944 huius
1030 1885 1169 1945 carminis
1188 1887 1367 1947 edomandis
1386 1885 1551 1965 Schmidtii,

274 1974 421 2034 Henricus
444 1977 475 2034 et
497 1975 661 2033 Mauricius
689 1968 829 2055 (Pindars
858 1975 1040 2051 olympiscbe
1072 1975 1303 2054 Siegesgestnge
1330 1997 1358 2052 p.
1383 1994 1437 2034 nur
1460 1996 1497 2036 ss.
1521 1980 1552 2035 et

276 2063 352 2122 Stzb.
376 2063 404 2122 d.
425 2064 452 2121 b.
474 2064 528 2123 Ak.
549 2084 575 2122 a.
596 2066 681 2122 1872
705 2084 733 2138 p.
751 2075 804 2122 4⁸20
824 2056 875 2143 ss.)
898 2064 1043 2140 inierunt,
1071 2064 1205 2123 refellere
1228 2064 1266 2123 ab
1290 2065 1438 2142 angustiis
1461 2066 1551 2125 buius

276 2152 513 2212 commentarioli
536 2153 668 2211 alienum
690 2153 756 2210 fuit.
793 2153 841 2211 Ad
863 2155 1047 2229 postremum
1071 2173 1175 2212 moneo
1198 2172 1302 2213 versus
1325 2155 1465 2230 strophae
1488 2174 1551 2214 sex·

276 2245 342 2299 tum
366 2244 397 2301 et
419 2242 580 2318 septimum
604 2242 634 2299 in
657 2261 752 2300 unum
774 2260 894 2301 versum
920 2242 1109 2302 aBoeckhio
1133 2243 1270 2301 secundis
1294 2244 1373 2302 curis
1396 2244 1552 2320 copulatos

276 2349 347 2407 esse,
362 2331 434 2389 mihi
449 2331 578 2407 priorem
592 2331 739 2390 rationem
754 2331 850 2409 magis
865 2331 1022 2408 placuisse,
1037 2331 1081 2389 ita
1100 2333 1209 2409 tamen,
1224 2335 1259 2389 ut
1273 2332 1397 2391 alterius
1411 2333 1551 2392 editionis

274 2438 413 2480 numeros
432 2420 548 2479 uncinis
566 2420 697 2479 inclusos
716 2420 747 2478 in
766 2421 887 2480 sinistra
906 2420 1040 2498 margine
1060 2420 1207 2479 adderem.
1231 2420 1395 2480 Cantatum
1413 2440 1475 2481 esse
1495 2423 1551 2482 hoc

275 2527 393 2567 carmen
423 2513 497 2585 puto
529 2509 607 2569 inter
635 2509 805 2569 convivium
833 2501 875 2590 (v.
900 2502 948 2588 oa)
977 2510 1107 2568 achoro
1136 2509 1321 2584 tripudiante
1344 2510 1451 2568 fidibus
1474 2511 1551 2570 acci·

273 2597 412 2656 nantibus
432 2594 472 2677 (v.
489 2611 512 2656 1.
530 2591 586 2680 52).
618 2599 749 2658 Saltasse
769 2602 871 2657 autem
889 2599 1013 2657 chorum
1031 2597 1099 2656 inde
1118 2598 1236 2676 colligo,
1256 2599 1336 2675 quod
1360 2602 1390 2657 et
1412 2618 1550 2677 paeanes,

276 2706 404 2762 quorum
427 2688 606 2763 praecipuus
629 2688 786 2764 rhythmus
808 2706 904 2763 paeon
924 2688 970 2745 vel
995 2687 1122 2746 creticus
1144 2678 1211 2764 init,
1231 2687 1335 2746 saltari
1354 2688 1498 2766 solebant,
1519 2693 1551 2747 et

273 2775 482 2851 rhythmorum
505 2779 591 2834 tanta
614 2776 782 2852 aequalitas
806 2776 837 2834 in
860 2776 915 2834 bac
939 2776 996 2835 oda
1015 2778 1134 2835 servata
1153 2779 1206 2853 est,
1223 2780 1259 2834 ut
1277 2777 1368 2835 etiam
1386 2796 1549 2852 pausarum

273 2863 433 2923 intervalla
464 2864 552 2923 facile
585 2863 700 2923 definiri
734 2865 850 2940 possint
891 2856 981 2945 (conf.
1005 2865 1083 2923 Prol.
1107 2885 1135 2940 p.
1159 2857 1234 2945 avr).
1287 2865 1417 2925 Perbene
1448 2870 1550 2926 autern

273 2953 399 3028 speciem
423 2953 546 3029 paeanis
568 2953 625 3012 hoc
654 2952 817 3029 epinicium
845 2952 956 3030 induit,
985 2973 1045 3029 quo
1068 2953 1195 3013 victoria
1219 2952 1388 3033 Olympica,
1399 2955 1443 3013 ita
1465 2975 1549 3031 prae·

272 3040 403 3117 dicatur,
431 3046 467 3099 ut
494 3041 584 3100 simul
613 3040 680 3117 piae
710 3061 812 3118 preces
843 3061 897 3118 pro
931 3043 1028 3102 salute
1058 3042 1158 3120 regiae
1189 3042 1294 3102 domus
1323 3043 1490 3103 fundantur
1519 3049 1550 3104 et

272 3130 481 3205 mysteriorum
506 3133 610 3189 sancta
632 3131 775 3209 dogmata
798 3132 975 3192 revelentur,

430 3353 720 3441 Ἀναξιφόρμιγγες
742 3356 857 3442 ὕμνοι,
1267 3362 1347 3443 Στρ.
1371 3356 1416 3423 α’.

433 3469 507 3528 τίνα
529 3467 627 3547 θεόν,
650 3461 715 3528 τίν’
740 3465 847 3547 ήρωα,
871 3468 945 3529 τίνα
969 3461 1001 3527 d’
1027 3464 1134 3548 ἄνδρα
1157 3464 1393 3550 κελαδήσομεν;

345 3763 425 3797 vlam
444 3763 549 3799 bacrio.
586 3745 669 3799 Inscr.
698 3745 811 3813 Θήρωνι
827 3743 1027 3835 Ἀκραγαντίνῳ
1050 3743 1153 3815 ἅρματι
1171 3746 1199 3799 Β
1222 3778 1256 3785 -
1281 3745 1372 3800 Schol.
1392 3746 1429 3799 ad
1452 3745 1547 3803 insen:

273 3814 427 3904 ye'ypumat
447 3815 462 3869 ὁ
482 3813 605 3891 &nicanor
626 3817 738 3884 Θήρωνι
754 3815 953 3886 Ἀκραγαντινω
972 3815 1075 3887 ἅρματι
1093 3816 1238 3884 νικήσαντι
1257 3815 1426 3887 (νενικηκότι
1440 3818 1478 3885 Β)
1497 3818 1548 3887 τὴν

273 3891 304 3954 σζ
335 3886 373 3941 62.
398 3892 554 3955 (numerum
573 3885 750 3958 Olympiadis
769 3905 822 3942 om.
842 3888 888 3956 A),
908 3874 989 3943 adv.
1011 3904 1060 3943 ree:
1086 3888 1187 3955 Θήρων
1206 3888 1253 3942 ος’
1275 3885 1292 3956 ἢ
1312 3888 1352 3953 οζ’
1374 3887 1492 3958 ἐνίκησε,
1511 3890 1548 3942 ad

274 3977 299 4015 v.
321 3976 358 4015 ιειι
377 3957 456 4013 ἐνίκα
475 3955 526 4014 οὖν
546 3959 602 4014 03'.
623 3989 656 3999 -
675 3965 700 4013 2.
720 3956 783 4013 τίνα
802 3957 831 4012 δ’
851 3958 886 4027 dp
905 3960 932 4012 A
952 3991 984 4000 -
1004 3956 1060 4013 τίν’
1082 3959 1174 4027 ἄνδρα
1196 3959 1250 4014 OD
1272 3992 1300 3999 —

343 4120 531 4155 conuau'rsnu.
564 4119 589 4155 v.
606 4107 630 4156 1.
646 4102 895 4170 ἀναξιφόρμιγγες·
921 4100 1081 4171 phormingi
1100 4101 1234 4169 hymnum
1253 4100 1390 4172 imperare
1410 4101 1547 4156 Pindarus

271 4172 368 4239 voluit,
396 4172 465 4225 artis
491 4173 624 4241 antiquae
650 4171 727 4242 leges
754 4176 881 4238 secutus;
906 4175 1006 4241 postea
1023 4172 1121 4226 ordine
1140 4171 1250 4226 inverso
1269 4171 1355 4226 tibias
1374 4172 1393 4225 h
1414 4190 1478 4227 mno
1496 4171 1547 4225 im·

270 4260 368 4313 perure
392 4243 571 4312 conqueritur
594 4242 725 4297 Pratinas
749 4260 766 4296 a
788 4288 793 4298 .
813 4243 913 4297 Athen.
934 4262 978 4298 κει
997 4261 1036 4298 arr
1065 4275 1098 4282 —
1127 4248 1151 4296 2.
1176 4242 1304 4297 imitatus
1327 4247 1371 4297 est
1421 4242 1548 4297 ’ndarum

271 4314 367 4367 ordine
386 4312 459 4367 male
478 4314 589 4369 inverso
608 4315 741 4368 Horatius
760 4262 788 4369 d
803 4333 813 4365 1
828 4330 865 4369 ra:
885 4332 962 4384 qrtem
975 4317 1064 4370 virum
1079 4321 1128 4369 cut
1142 4316 1224 4368 heroa
1244 4316 1307 4385 lyra
1324 4316 1365 4369 orl
1383 4316 1444 4370 acri
1458 4318 1463 4381 Ι
1478 4315 1548 4369 tibia

270 4388 355 4440 sumis
380 4387 512 4439 celebrare
538 4385 607 4451 olio,
624 4388 627 4452 Ι
644 4404 721 4456 quem
746 4386 846 4440 desim?
881 4384 959 4439 Adeo
985 4388 1080 4439 autem
1106 4383 1239 4438 Horatius
1265 4384 1381 4439 Pindari
1406 4402 1486 4440 exem
1506 4385 1549 4439 lar

270 4455 420 4524 expressit,
440 4458 472 4508 ut
490 4474 559 4523 quas
578 4455 627 4510 ille
646 4456 769 4525 quinque
786 4455 934 4538 pericopas
953 4456 1070 4524 fecerat,
1090 4473 1138 4510 eas
1157 4455 1218 4526 ipsc
1237 4456 1397 4525 quindecim
1416 4459 1493 4526 strop
1514 4456 1547 4523 is,

271 4542 387 4595 quarum
408 4526 499 4580 trinae
519 4527 547 4579 in
566 4527 715 4582 triadicam
734 4527 879 4598 periodum
898 4530 1071 4598 cogerentur,
1090 4527 1228 4582 redderet.
1265 4527 1340 4581 Inter
1358 4528 1479 4582 Graecos
1497 4526 1547 4580 tri·

270 4596 373 4668 plicam
392 4596 476 4650 istam
494 4597 704 4653 distinctionem
719 4598 824 4652 imitati
839 4601 904 4653 sunt
917 4599 1034 4668 Antiph.
1049 4619 1058 4650 1
1074 4615 1098 4653 aa
1114 4599 1178 4653 οὔτε
1192 4600 1280 4661 θεοὺς
1294 4597 1362 4652 otc’
1378 4597 1471 4667 ἥρωας
1484 4596 1545 4652 οὔτ’

270 4669 440 4736 ἀνθρώπους
459 4668 657 4739 αἰσχυνθεῖσα,
685 4671 800 4725 Isocrat.
819 4686 840 4737 e,
859 4686 885 4723 aa
908 4670 1001 4733 οὐδεὶς
1024 4669 1088 4724 οὔτε
1116 4670 1222 4739 θνητὸς
1245 4668 1312 4723 οὔθ’
1338 4666 1456 4739 ἡμίθεος
1483 4668 1544 4724 οὔτ’

271 4740 418 4802 ἀθάνατος
437 4739 618 4808 εὑρεθήσεται
640 4739 753 4796 κάλλιον
771 4742 864 4811 λαβὼν
883 4739 991 4795 ἐκείνου
1010 4743 1060 4812 τήν
1079 4743 1223 4815 βασιλείαν
1244 4772 1276 4780 -
