3406 5378
558 384 608 440 ΙΙΙ.
637 386 686 437 DE
705 386 814 440 LUDIS
832 387 879 440 ET
896 388 1073 444 EPINICIIS.
1402 387 1463 444 LXI

296 591 331 617 ,υ
348 593 366 617 s
385 546 533 633 dactylus
557 549 697 634 cyclicus
721 550 820 616 trium
844 556 1037 638 tempomm.

331 671 339 699 ¹
385 678 518 721 caesura
541 657 576 721 in
600 657 750 722 omnibus
774 659 919 743 strophis
943 665 1078 725 servata.

338 762 342 829 Ι
384 763 458 828 finis
484 764 547 829 coli
570 765 605 828 in
628 765 793 830 codicibus
818 766 1014 850 scholiisque
1038 766 1190 831 metricis.

333 897 348 936 ε.
385 871 470 935 ictus
494 871 590 955 primi
615 873 769 956 cuiusque
792 873 882 956 pedis
907 875 977 938 coli.

331 1022 348 1045 s
383 977 468 1042 ictus
490 978 588 1062 primi
611 980 702 1063 pedis
726 980 860 1044 alterius
884 980 1032 1065 dipodiae
1057 981 1120 1047 coli
1144 982 1345 1066 tetrapodici.

330 1101 352 1152 Λ
385 1090 503 1169 λεῖμμα
527 1085 594 1149 sire
618 1108 719 1170 pausa
741 1085 837 1149 unius
862 1087 1025 1170 temporis.

329 1195 352 1259 d
379 1214 482 1275 pausa
505 1194 642 1257 duorum
666 1197 856 1277 temporum.

326 1296 350 1369 λ
377 1321 480 1384 pausa
503 1299 604 1363 trium
627 1305 819 1383 temporum.

326 1402 350 1477 X
378 1428 482 1491 pausa
505 1411 645 1490 quatuor
668 1411 860 1491 temporum.

270 1548 377 1635 Longi
390 1547 512 1612 fuimus
521 1548 557 1612 in
567 1549 701 1613 metrica
712 1553 781 1612 arte
791 1547 923 1613 Pindari
934 1551 1133 1635 exponenda,
1146 1551 1285 1616 fortasse
1295 1552 1460 1638 longiores

183 1678 280 1742 quam
303 1656 327 1719 ii
352 1655 601 1740 exspectabunt,
628 1655 684 1740 qui
713 1654 888 1738 deperditis
916 1656 1003 1719 notis
1031 1656 1164 1722 musicis
1194 1658 1300 1722 oleum
1327 1659 1460 1742 perdere

182 1762 238 1846 qui
260 1762 296 1825 in
323 1762 375 1826 his
404 1761 649 1845 quaestionibus
677 1762 834 1826 desudent
862 1761 1071 1827 arbitrantur,
1114 1763 1176 1828 Sed
1204 1787 1400 1848 quamquam
1428 1771 1461 1831 et

181 1868 245 1953 ipsi
268 1868 363 1933 facile
387 1869 553 1954 largimur,
576 1869 622 1933 rei
648 1868 868 1954 gravissimae,
892 1891 988 1952 quam
1008 1869 1189 1935 accuratius
1208 1892 1305 1935 nosse
1322 1872 1358 1935 in
1375 1872 1462 1936 votis

181 1980 231 2040 est
254 1975 404 2040 maximis
429 1977 484 2039 sed
507 1976 669 2060 inanibus,
692 1976 907 2040 modulationi
929 1976 1001 2041 dico
1021 1976 1196 2042 carminum
1218 1982 1251 2041 et
1269 1978 1361 2042 vivae
1381 1980 1463 2063 voci,

180 2083 324 2148 metricis
343 2083 471 2168 legibus
490 2082 541 2147 vel
560 2083 772 2147 subtilissime
788 2083 963 2167 exploratis
977 2107 1092 2168 parum
1107 2083 1189 2148 lucis
1204 2084 1335 2168 affimdi,
1353 2090 1462 2150 tamen

180 2189 398 2275 rhythmicam
413 2190 681 2273 compositionem
694 2212 732 2254 ex
743 2190 878 2254 metrica
887 2190 993 2253 forma
1003 2190 1071 2254 erui
1082 2212 1177 2274 posse
1189 2212 1261 2255 cum
1271 2213 1461 2274 persuasum

180 2296 367 2380 habeamus,
385 2296 573 2382 philologis,
590 2301 627 2359 ut
645 2297 731 2361 hunc
751 2296 866 2361 saltem
885 2298 982 2361 finem
1002 2302 1225 2380 assequantur,
1244 2319 1355 2362 omnes
1375 2298 1460 2362 vires

181 2405 394 2469 intendendos
409 2425 479 2468 esse
494 2426 671 2467 censemus.
699 2403 832 2467 Pindari
846 2410 955 2468 autem
971 2404 1114 2469 carmina
1127 2403 1200 2487 plus
1216 2426 1313 2487 qnam
1332 2403 1462 2468 chorica

181 2512 307 2576 cantica
329 2516 499 2596 poetarum
524 2509 725 2575 scenicorum
750 2511 789 2574 ad
813 2510 984 2596 caliginem
1008 2510 1190 2575 difficilium
1220 2509 1335 2574 harum
1363 2532 1461 2594 quae-

181 2618 324 2683 stionum
348 2617 584 2682 discutiendam
608 2618 714 2682 valere
736 2617 769 2680 in
789 2617 947 2681 confessis
966 2622 1025 2681 cst.
1063 2616 1147 2681 Nam
1168 2619 1253 2702 quod
1271 2617 1307 2681 in
1326 2618 1461 2683 scenicis

179 2724 293 2809 poetis,
317 2745 455 2808 quorum
474 2725 618 2789 carmina
636 2725 789 2811 pleraque
809 2747 847 2788 ex
866 2723 951 2788 binis
971 2724 1021 2788 vel
1041 2724 1139 2788 etiam
1159 2724 1296 2810 singulis
1317 2725 1460 2809 strophis

180 2835 341 2916 constant,
364 2854 459 2916 saepe
483 2831 673 2916 ambiguum
697 2836 756 2915 est,
779 2852 842 2915 quo
866 2830 938 2895 loco
961 2830 1168 2914 periodorum
1189 2836 1223 2895 et
1241 2823 1463 2896 membroruni

179 2937 259 3002 fines
284 2938 447 3003 statuendi
472 2938 547 3021 sint,
569 2939 632 3002 hoo
655 2939 688 3001 in
712 2937 863 3022 Pindaro,
886 2938 977 3002 ouius
1002 2939 1146 3002 carmina
1169 2959 1288 3023 magno
1311 2938 1460 3024 stropha-

178 3065 251 3108 rum
265 3065 400 3108 nnmero
417 3044 543 3127 florent,
556 3044 623 3108 fere
637 3043 758 3128 ubique
773 3044 860 3109 clara
873 3045 907 3108 in
921 3044 992 3110 luca
1006 3045 1151 3129 positum
1166 3049 1223 3110 est.
1251 3044 1344 3109 Nihil
1358 3045 1461 3131 igitur

180 3150 414 3235 desperandum
430 3173 500 3214 esse
514 3151 673 3234 duximus,
689 3155 721 3216 et
736 3151 763 3214 si
777 3151 947 3235 peritiores
962 3157 995 3216 et
1006 3152 1167 3216 doctiores
1176 3151 1362 3239 philologos
1372 3158 1459 3217 utne

179 3257 263 3322 hanc
290 3264 416 3342 partem
444 3262 575 3323 nostrae
604 3257 793 3341 disciplinae
817 3263 983 3341 tamquam
1007 3259 1210 3342 desperatam
1236 3259 1461 3343 derelinquant

181 3365 464 3450 commoverimus,
488 3365 568 3430 satis
591 3366 717 3428 fructus
741 3364 890 3428 laborum
913 3364 1027 3429 tulisse
1050 3366 1146 3429 nobis
1169 3365 1357 3431 videbimur.

786 3684 846 3751 ΙΙΙ.

571 3835 625 3893 DE
650 3834 768 3894 LUDIS
792 3835 844 3892 ΕΤ
867 3833 1066 3894 EPINICIIS.

265 3972 542 4057 marvanorum
562 3972 630 4037 sive
650 3970 793 4037 ἐπινίκια
812 3970 893 4055 μέλη
916 3993 1034 4044 nomen
1053 3970 1094 4033 ab
1114 3992 1151 4034 eo
1172 3976 1349 4055 traxerunt,
1372 3972 1458 4056 quod

177 4086 252 4165 post
284 4080 454 4145 victoriam
487 4084 687 4164 reportatam
715 4079 750 4143 in
777 4079 905 4144 laudern
933 4078 1065 4143 victoris
1095 4078 1218 4163 scripta
1250 4083 1334 4143 sunt.
1376 4077 1458 4143 Cum

178 4193 288 4253 autem
311 4187 451 4271 epinicia
481 4187 581 4251 etiam
608 4192 685 4271 post
715 4187 867 4252 victorias
896 4186 934 4251 de
962 4185 1113 4250 hostibus
1142 4186 1242 4251 armis
1270 4191 1456 4271 reportatas

176 4295 330 4360 instituta
358 4293 495 4377 fuerint,
526 4295 580 4358 hic
608 4294 748 4379 epinicia
776 4317 867 4359 sacra
895 4299 928 4358 et
956 4292 1101 4358 carmina
1129 4315 1167 4357 ea
1194 4294 1265 4358 sola
1292 4293 1457 4380 intellego

177 4425 259 4486 quae
274 4402 314 4466 ad
328 4401 468 4466 ludicras
486 4400 638 4466 victorias
652 4401 687 4465 in
701 4401 786 4466 ludis
803 4401 944 4484 publicis
958 4405 1069 4484 partas
1083 4401 1257 4485 pertinent.
1294 4400 1457 4485 Epinicio-

176 4533 249 4574 rum
263 4509 366 4595 igitur
381 4507 513 4573 Pindari
526 4507 791 4593 interpretationi
806 4514 843 4573 ut
857 4509 942 4572 viam
957 4507 1200 4592 patefaciamus,
1220 4509 1259 4574 de
1274 4509 1367 4592 ludis,
1389 4508 1457 4593 qui·

176 4616 237 4682 bns
261 4615 378 4682 Graeci
402 4617 545 4681 interae
574 4617 759 4700 certabant,
789 4620 822 4679 et
851 4616 889 4679 de
917 4614 1084 4698 praemiis,
1111 4615 1230 4697 quibus
1258 4616 1398 4680 victores
1421 4616 1456 4679 in

176 4723 261 4789 ludis
293 4724 368 4789 istis
400 4723 614 4807 ornabantur,
647 4724 741 4787 nobis
775 4722 996 4785 disserendum
1025 4726 1083 4785 est.
1135 4719 1337 4806 Quamquam
1370 4721 1455 4786 enim

175 4831 326 4897 homines
350 4830 540 4915 priusquam
564 4831 596 4894 in
621 4831 706 4895 ludis
729 4829 869 4914 publicis
893 4833 1070 4914 certarent,
1099 4833 1168 4893 arto
1192 4829 1303 4912 utique
1325 4827 1455 4892 institui
