3406 5378
257 366 322 420 VIII
759 369 1036 423 PROLEGOMENA.

262 554 332 597 esse
356 532 442 595 inter
465 529 587 614 peritos
611 530 733 596 iudices
752 536 889 597 constat.
927 531 1013 608 Quas
1032 532 1187 598 minutias
1207 534 1234 598 si
1253 533 1325 617 quis
1346 540 1451 621 curat,
1473 558 1544 601 non

260 643 328 703 tam
352 643 390 703 ut
412 637 592 702 orationem
611 641 726 722 poetae
746 640 894 703 emendet
913 661 1009 722 quam
1029 644 1066 704 ut
1085 662 1165 723 quac
1184 641 1268 705 ratio
1287 641 1372 706 inter
1391 642 1541 728 singulos

262 745 388 810 codices
417 744 598 810 intercedat
627 744 807 809 accuratius
836 751 1025 832 cognoscat,
1056 745 1172 811 horrea
1194 747 1450 832 locupletissima
1472 750 1541 815 edi-

259 851 359 916 tionis
383 849 659 917 Mommsenianae
683 853 785 917 adeat.

347 957 508 1043 Quatuor,
528 980 608 1042 quos
624 959 721 1023 modo
735 959 893 1044 recensui,
909 960 1074 1025 codicibus
1089 961 1228 1025 formam
1242 966 1351 1026 textus
1366 962 1540 1050 Pindarici,

257 1065 386 1149 qualem
401 1065 572 1150 Byzantini
588 1088 607 1130 a
621 1065 785 1131 veteribus
801 1065 932 1132 Graecis
947 1074 1145 1154 acceperant,
1159 1068 1287 1153 plenam
1301 1071 1539 1154 repraesentari

255 1195 360 1258 neque
393 1173 433 1236 ad
464 1172 711 1238 instaurandam
743 1173 812 1238 eius
845 1175 1034 1241 memoriam
1062 1175 1134 1239 aliis
1164 1175 1327 1241 codicibus
1356 1199 1437 1261 opus
1466 1200 1537 1243 esse

256 1282 352 1367 plane
385 1280 466 1345 mihi
498 1303 689 1364 persuasum
722 1287 781 1346 est.
831 1280 945 1366 Neque
977 1304 1058 1366 quae
1090 1284 1185 1346 docta
1215 1287 1248 1347 et
1274 1283 1424 1370 diligenti
1452 1305 1537 1349 com-

255 1387 456 1454 mentatione
489 1388 625 1452 Abelins
657 1386 764 1452 Wien.
798 1385 888 1453 Stud.
916 1406 952 1450 1v
981 1389 1144 1452 225-62
1180 1389 1219 1453 de
1255 1388 1348 1453 novis
1381 1389 1536 1455 subsidiis

255 1499 432 1580 apparatus
461 1494 565 1559 critici
591 1500 625 1559 et
647 1499 819 1560 stemmate
843 1494 987 1559 codicum
1013 1495 1205 1581 disputavit,
1231 1495 1265 1559 in
1289 1494 1387 1560 aliam
1411 1500 1537 1561 senten-

256 1603 337 1668 tiam
356 1624 408 1666 me
428 1606 606 1666 traxerunt.
644 1600 730 1666 Nam
751 1623 829 1686 quas
849 1623 900 1665 me
919 1601 1026 1685 ipsum
1046 1623 1085 1666 ex
1104 1601 1176 1666 aliis
1196 1601 1361 1667 codicibus
1381 1603 1537 1670 lectiones
1661 1688 1665 1695 Ι

258 1710 488 1794 comprobasse
517 1713 550 1773 et
576 1708 611 1773 in
635 1714 760 1773 textum
789 1708 948 1792 recepisse
977 1709 1139 1795 coarguit,
1166 1731 1221 1773 eas
1248 1730 1315 1774 non
1343 1731 1381 1774 ex
1405 1710 1540 1777 meliore

256 1816 348 1882 sonte
375 1816 522 1900 fluxisse,
550 1816 606 1880 sed
633 1815 789 1881 facillima
813 1838 911 1899 opera
934 1839 953 1879 a
975 1816 1133 1900 librariis,
1162 1815 1293 1881 scholiis
1317 1816 1370 1882 hic
1393 1817 1461 1882 illic
1485 1819 1538 1883 ad-

256 1922 384 2008 hibitis,
408 1928 569 1988 correctas
594 1944 663 1987 esse
688 1927 829 2006 apparet.
873 1920 935 1987 Sed
959 1945 1032 1987 cum
1055 1928 1130 1987 ante
1154 1923 1405 2008 typographiam
1428 1923 1539 1990 inven-

257 2029 384 2094 tamin
411 2029 626 2094 deterioribus
655 2028 819 2094 codicibus
847 2029 1004 2094 nonnulla
1031 2030 1147 2094 menda
1170 2028 1299 2094 sublata
1322 2031 1403 2116 sint,
1431 2032 1537 2097 omnis

257 2141 366 2201 autem
394 2135 544 2200 lectionis
573 2141 721 2220 receptae
750 2140 916 2200 auctorem
945 2140 1099 2201 testemve
1127 2134 1207 2200 mihi
1229 2136 1437 2201 indicandum
1464 2161 1537 2223 pro-

255 2243 452 2328 posuissem,
480 2243 533 2308 hic
556 2242 624 2307 illio
648 2243 746 2307 etiam
770 2243 826 2309 alii
850 2242 990 2326 codices,
1017 2243 1070 2327 qui
1096 2243 1160 2308 illis
1184 2245 1373 2330 integritate
1397 2246 1537 2328 proximi

256 2355 365 2414 essent
394 2354 427 2414 et
454 2372 493 2414 ex
521 2349 638 2433 quibus
667 2352 837 2416 emendata
865 2350 962 2416 lectio
990 2350 1121 2415 fluxisse
1149 2352 1327 2438 videretur,
1358 2352 1392 2416 in
1423 2351 1536 2417 critico

257 2461 414 2541 apparatu
439 2455 518 2521 mihi
543 2458 817 2523 commemorandi
841 2461 941 2522 erant.
987 2456 1070 2523 Sunt
1094 2464 1203 2523 autem
1226 2459 1273 2523 hi:

255 2564 291 2627 Ε
309 2594 351 2616 =
371 2563 533 2629 Mediceus
549 2565 604 2648 32,
624 2566 664 2629 37
686 2587 767 2630 saec.
782 2563 860 2629 XIV
874 2565 932 2648 in,
952 2565 1097 2629 continet
1112 2565 1262 2649 Olympia
1280 2571 1314 2630 et
1327 2564 1447 2650 Pythia
1461 2590 1535 2632 cum

310 2669 443 2735 scholiis
462 2669 630 2735 Vaticanis
654 2671 778 2757 mixtis,
803 2671 945 2756 optimus
965 2671 1064 2735 codex
1084 2677 1133 2735 est
1153 2672 1310 2737 secundae
1330 2672 1442 2737 elassis
1461 2678 1537 2756 post

308 2775 410 2841 libros
433 2776 468 2841 Β
489 2782 522 2840 et
544 2776 578 2840 D
606 2798 709 2860 neque
736 2780 846 2840 tamen
874 2777 914 2841 ad
937 2780 1031 2842 vetus
1055 2778 1217 2861 exemplar
1241 2783 1350 2843 textus
1372 2777 1535 2844 Pindarici

309 2883 546 2948 restituendum
569 2883 665 2966 plane
688 2883 898 2947 necessarius.

257 2990 291 3054 F
310 3021 351 3043 =
370 2989 534 3054 Mediceus
560 2991 616 3076 32,
639 2990 682 3054 33
710 3011 792 3054 saec.
815 2989 893 3054 XIV
916 2991 973 3073 in,
1006 2991 1150 3056 continet
1178 2990 1329 3076 Olympia
1357 2998 1391 3057 et
1417 2992 1536 3078 Pythia

311 3118 382 3160 eum
408 3095 541 3161 scholiis
565 3095 734 3161 Vaticanis
758 3096 882 3181 mixtis3
907 3097 1013 3162 affinis
1037 3101 1087 3162 est
1110 3097 1213 3164 codici
1236 3098 1277 3163 E.

261 3202 291 3267 G
311 3234 352 3256 =
373 3201 600 3289 GottingensIs
617 3205 634 3268 1
655 3225 736 3269 saec.
752 3203 846 3289 XIII,
869 3204 1014 3270 continet
1033 3204 1068 3269 0.
1084 3222 1214 3269 n—x1v
1234 3210 1266 3270 et
1285 3205 1319 3270 P.
1335 3225 1441 3270 1—X11
1462 3229 1535 3272 cum

310 3309 444 3375 scholiis
467 3309 636 3376 Vaticanis
660 3310 785 3395 mixtis,
809 3310 916 3376 affinis
941 3316 991 3377 est
1014 3312 1116 3378 codici
1139 3313 1179 3376 E.

257 3522 290 3586 Ρ
309 3554 351 3575 =
371 3521 539 3588 Palatinus
563 3524 779 3590 bibliothecae
804 3523 1087 3611 Heidelbergcnsis
1106 3526 1150 3590 40
1174 3548 1256 3591 saec.
1273 3526 1368 3613 XIII,
1392 3530 1536 3595 continet

311 3628 463 3714 Olympia
495 3635 528 3694 et
555 3630 675 3714 Pythia
707 3632 775 3696 sine
803 3633 967 3697 veteribus
995 3631 1142 3718 scholiis3
1174 3632 1281 3698 aifinis
1315 3635 1453 3701 maxime
1486 3643 1536 3702 est

309 3735 474 3801 codicibus
497 3736 576 3802 DE.

260 3844 286 3925 Q
311 3874 353 3896 =
372 3842 535 3909 Mediceus
554 3847 611 3930 32,
629 3848 672 3911 3ὁ
697 3868 776 3910 saec.
796 3844 890 3927 XIII,
918 3845 1064 3910 continet
1088 3846 1238 3932 Olympia
1264 3853 1298 3912 et
1319 3847 1439 3933 Pythia
1461 3872 1534 3916 cum

311 3951 443 4017 scholiis
468 3951 635 4017 Vaticanis
659 3951 783 4038 mixtis,
807 3958 965 4037 cognatus
989 3957 1038 4016 est
1062 3953 1164 4017 codici
1189 3952 1227 4016 P.

257 4055 289 4121 R
311 4088 352 4109 =
373 4057 515 4123 Urbinas
532 4060 595 4123 144
614 4081 695 4124 saec.
710 4058 779 4143 XV,
800 4059 945 4124 continet
964 4058 1114 4144 Olympia
1133 4065 1166 4124 et
1179 4059 1298 4144 Pythia
1312 4084 1386 4127 cum
1401 4064 1534 4130 scholiis

310 4162 478 4229 Vaticanis
502 4165 627 4249 mixtis3
651 4165 758 4230 affinis
783 4171 833 4231 est
857 4164 959 4230 codici
985 4166 1018 4247 Q.

261 4375 349 4440 0=
368 4375 534 4441 Leidensis
558 4376 584 4453 Q
605 4379 625 4440 4
650 4398 730 4441 saec.
749 4378 829 4442 XIII
849 4402 910 4464 em,
933 4380 1079 4445 continet
1102 4381 1279 4446 0.1-x111
1303 4406 1376 4449 oum
1400 4387 1533 4451 scholiis

308 4481 477 4547 Vaticanis
501 4482 625 4566 mixtis3
649 4489 807 4569 cognatus
831 4491 880 4551 est
904 4487 1068 4552 codicibus
1094 4487 1122 4554 U
1142 4493 1174 4553 et
1197 4490 1237 4554 E.

258 4589 293 4653 N
311 4619 353 4641 =
373 4586 609 4653 Ambrosianus
632 4590 660 4654 E
686 4591 745 4656 103
769 4613 850 4657 saec.
876 4590 952 4656 XIII
971 4614 1033 4679 ex.;
1057 4597 1222 4680 conspirat
1245 4621 1319 4664 cum
1347 4599 1386 4684 0,
1409 4622 1473 4685 qua
1496 4602 1534 4666 de

309 4717 343 4759 re
367 4695 478 4761 confer
501 4720 529 4761 v.
551 4695 573 4761 l.
597 4695 633 4761 Ο.
652 4714 689 4760 x1
713 4699 759 4762 10.
