3406 5378
509 392 557 443 III.
582 393 631 442 DE
650 392 758 444 LUDIS
778 395 823 443 ET
842 394 1017 447 EPINICIIS.
1319 393 1406 447 XCIII

248 552 417 636 ’Ἀνθηκεν
439 552 509 618 τόδ’
531 554 662 639 άγαλμα
686 557 872 640 Κορίνθιος
895 556 994 641 ὅσπερ
1019 555 1110 620 ἐνίκα

302 659 339 724 ἐν
362 666 509 744 Δελφοῖς
531 681 610 724 ποτε
633 661 838 737 Νικολάδας,

259 765 315 831 καὶ
339 769 593 850 Παναθηναίοις
615 768 801 852 στεφάνους
824 768 903 852 λάβε
926 769 1017 834 πέντ’
1039 768 1089 834 ἐπ’
1111 769 1246 846 ἀέθλοις

303 871 376 957 ἑξῆς
399 873 601 958 άμφιφορεῖς
624 873 750 939 ἐλαίου·

259 979 395 1065 Ἰσθμοῦ
419 978 451 1043 δ’
472 980 508 1044 ἐν
533 978 633 1067 ζαθέᾳ
656 979 728 1065 τρὶς
751 981 910 1066 ἐπισχερὼ
934 982 1007 1048 ἄλλ’
1029 983 1182 1067 ἐγένοντο

302 1086 383 1173 ἀκτῇ
408 1085 679 1171 Ποντομέδοντος
702 1081 805 1153 ἆθλα·

259 1193 312 1259 καλ
336 1193 449 1281 Νεμέᾳ
470 1192 543 1278 τρὶς
566 1192 716 1276 ἐνίκησεν
739 1193 794 1258 καί
818 1197 966 1280 τετράκις
989 1199 1071 1262 ἄλλα

307 1301 477 1388 Πελλάνᾳ,
501 1302 562 1364 δύο
586 1298 619 1363 δ’
640 1299 675 1364 ἐν
695 1305 846 1389 Λυκαίῳ,

260 1406 313 1473 καὶ
337 1406 463 1494 Νεμέᾳ,
486 1404 540 1471 καὶ
564 1406 601 1471 ἐν
621 1408 757 1494 Αἰγίνᾳ,
781 1418 922 1495 κρατερᾷ
948 1407 978 1473 δ’
998 1407 1198 1498 Ἐπιδαύρῳ,

303 1515 358 1580 καλ
383 1516 490 1601 Θήβᾳ,
514 1513 682 1599 Μεγάρων
706 1511 742 1578 δὲ
765 1515 872 1603 δάμῳ·

259 1622 295 1688 ἐν
318 1619 354 1686 δὲ
380 1625 584 1708 Φλιουντείῳ
609 1622 732 1708 σταδίῳ
757 1623 796 1685 τά
819 1645 853 1686 τε
876 1621 972 1687 πέντε
995 1626 1174 1707 κρατήσας,

300 1730 474 1813 ηὕφρανεν
497 1727 643 1812 μεγάλαν
667 1730 851 1812 Κόρινθον.

215 1873 265 1937 Ex
288 1871 340 1935 his
363 1870 470 1935 titulis
494 1875 591 1953 atque
615 1869 861 1956 epigrammatis
885 1877 979 1936 etex
1003 1872 1146 1937 iudicum
1166 1875 1406 1939 commentariis

126 1979 353 2067 (ὑπομνήμασι
377 1977 462 2042 Plut.
483 1976 547 2040 Sol.
572 1974 625 2063 11)
655 1976 797 2064 catalogi
826 1979 1092 2063 conficiebantur,
1121 1981 1238 2063 quibus
1263 1981 1318 2064 qui
1342 1982 1407 2046 vio-

126 2094 214 2151 tores
242 2085 380 2170 singulis
408 2083 441 2147 in
470 2083 701 2148 certaminibus
730 2083 885 2168 cuiusque
910 2086 985 2151 anni
1009 2087 1186 2151 renuntiati
1209 2092 1317 2151 essent
1340 2111 1408 2171 per-

128 2193 362 2259 scribehantur.
412 2190 507 2255 Tales
540 2190 629 2254 fuere
656 2188 901 2275 Ὀλυμπιονῖκαι
929 2191 1069 2277 Hippiae
1102 2193 1281 2278 sophistae,
1313 2215 1408 2277 quem

126 2300 267 2384 primum
299 2298 437 2364 indicem
467 2297 765 2382 Olympionicarum
794 2297 1068 2384 (Ὀλυμπιονικῶν
1101 2297 1313 2385 ἀναγραφήν)
1346 2300 1409 2365 edi-

127 2407 213 2471 disse
239 2405 325 2470 Plut.
349 2406 446 2470 Num.
473 2407 489 2469 1
520 2404 634 2487 tradit,
667 2410 700 2467 et
728 2403 916 2470 Aristotelis
942 2404 1188 2489 Ὀλυμπιονῖκαι
1217 2412 1250 2470 et
1279 2411 1407 2471 Πυθιο-

126 2525 233 2596 νῖκαι,
261 2535 400 2598 quorum
427 2512 586 2575 librorum
613 2511 731 2594 prioris
760 2512 916 2576 memoria
944 2512 1039 2597 plane
1066 2513 1232 2577 intercidit
1255 2511 1297 2598 (v.
1322 2512 1408 2577 Itose

128 2622 229 2687 Arist.
254 2619 455 2705 pseudepigr.
474 2618 569 2703 547),
596 2617 729 2682 alterius
757 2618 941 2704 fragmenta
968 2618 1093 2702 aliquot
1117 2619 1238 2704 partim
1262 2620 1296 2683 in
1319 2620 1409 2685 scho-

127 2728 182 2793 liis
209 2727 354 2811 Pindari‚
381 2725 501 2810 partim
530 2725 571 2788 ab
600 2725 673 2788 aliis
702 2725 915 2809 scriptoribus
943 2730 1072 2790 servata
1099 2732 1228 2791 exstant
1257 2725 1408 2813 (Aristot.

128 2836 177 2900 ed.
197 2834 284 2899 acad.
304 2832 409 2897 Berol.
430 2837 452 2896 t.
472 2850 494 2895 v
517 2855 547 2916 p.
569 2829 679 2917 1578).
721 2830 892 2896 Praeterea
915 2832 949 2895 iu
972 2855 1067 2897 usum
1088 2832 1408 2920 chronographorum

128 2941 308 3007 abbreviati
337 2939 478 3023 catalogi
506 2937 803 3023 Olympionicarum
833 2939 972 3005 confecti
1001 2944 1090 3023 sunt,
1119 2940 1175 3024 qui
1203 2941 1274 3005 sola
1301 2942 1408 3006 stadio

128 3049 289 3115 victorum
308 3047 449 3131 nomina,
468 3047 550 3110 unde
570 3045 777 3129 Olympiades
797 3045 944 3132 singulae
962 3047 1170 3129 notabantur,
1189 3048 1409 3113 continebant.

128 3154 415 3220 Isthmionicarum
448 3162 579 3236 quoque·
608 3152 750 3237 catalogi
782 3152 816 3215 in
845 3152 977 3216 scholiis
1005 3152 1096 3216 Pind.
1116 3154 1140 3216 l.
1162 3172 1169 3216 ι
1194 3156 1231 3219 11
1262 3153 1313 3239 (ἐν
1340 3166 1411 3230 ταῖς

126 3260 359 3346 Ἰσθμιονικῶν
378 3258 601 3345 ἀναγραφαῖς)
621 3263 924 3342 commemorantur,
947 3263 980 3323 et
1000 3258 1269 3325 Nemeonicarum
1288 3261 1411 3325 indices

129 3392 149 3434 a
173 3368 394 3455 grammaticis
413 3365 606 3450 Asclepiade
630 3369 663 3429 et
681 3365 822 3450 Didymo
847 3365 1011 3430 adhibitos
1030 3388 1100 3432 esse
1119 3367 1243 3432 scholia
1261 3369 1300 3432 ad
1321 3368 1360 3432 N.
1375 3387 1412 3432 ιι

127 3476 224 3541 inscr.
248 3481 281 3541 et
299 3474 340 3541 N.
361 3492 422 3538 vin
446 3474 543 3538 inscr.
567 3476 739 3537 testantur.
782 3470 845 3537 Sed
868 3477 995 3537 maturo
1018 3474 1134 3538 horum
1157 3473 1308 3538 ludorum
1327 3497 1411 3539 com-

130 3582 307 3646 mentarios
330 3581 534 3647 intercidisse
557 3579 657 3644 tradit
676 3578 854 3644 Pausanias
878 3598 914 3642 vr
936 3582 987 3665 13,
1006 3582 1039 3646 8:
1062 3581 1210 3666 τετράκις
1233 3582 1295 3666 γάρ
1315 3583 1356 3664 δὴ
1376 3581 1412 3646 ἐν

130 3688 273 3774 ἀνδράσι
296 3687 535 3772 κατεμαχέσατο
559 3687 577 3752 δ
602 3687 787 3770 Τίσανδρος
810 3686 936 3761 πύκτας
955 3685 991 3751 ἐν
1007 3684 1175 3774 Ὀλυμπίῳ,
1199 3697 1355 3752 τοσαῦται
1375 3685 1410 3751 δὲ

130 3794 186 3861 καὶ
200 3800 320 3861 Πυθοῖ
337 3798 512 3878 γεγόνασιν
530 3794 620 3882 αὐτῷ
640 3806 744 3858 νῖκαι·
764 3795 963 3877 Κορινθίοις
982 3790 1018 3857 δὲ
1037 3795 1098 3858 οὐκ
1111 3790 1153 3876 ἦν
1166 3816 1217 3858 πω
1232 3803 1410 3876 τηνικαῦτα

130 3900 210 3968 οὐδὲ
230 3901 389 3988 Ἀργείοις
412 3901 445 3977 ἐς
468 3903 615 3977 ἅπαντας
637 3901 856 3985 ὑπομνήματα
879 3902 957 3976 τοὺς
976 3898 1087 3984 Νέμεα
1111 3911 1280 3976 νικῶντας.
1319 3900 1411 3964 Unde

130 4030 235 4093 noque
266 4011 302 4073 in
333 4009 466 4074 scholiis
494 4008 625 4073 Pindari
655 4009 693 4072 de
720 4013 881 4092 tempore,
913 4028 977 4090 quo
1006 4006 1162 4071 Isthmica
1189 4012 1222 4071 ot
1250 4007 1412 4072 Nemeaea

131 4116 272 4202 epinicia
299 4116 481 4201 composita
508 4116 589 4200 sint,
617 4114 793 4200 quidquam
823 4113 904 4179 certi
930 4113 1069 4177 relatum
1097 4120 1159 4199 est,
1185 4137 1289 4198 neque
1317 4115 1352 4179 Ο.
1378 4132 1412 4178 lx

136 4225 199 4288 1⁶23
228 4224 268 4287 ad
295 4223 369 4288 lites
398 4223 685 4309 grammaticorum
714 4221 908 4286 dirimendas
931 4220 1079 4286 Isthmici
1107 4221 1248 4307 catalogi
1274 4221 1413 4311 adhibiti

133 4335 220 4396 sunt.
266 4330 412 4415 Denique
435 4336 472 4394 ut
496 4329 657 4414 quomodo
680 4328 737 4392 isti
761 4327 901 4413 catalogi
926 4327 1064 4392 confecti
1088 4328 1208 4392 fuerint
1232 4328 1413 4416 intellegas

133 4436 325 4525 Phlegontis
354 4437 589 4504 chronieorum
619 4437 727 4500 locum
755 4458 774 4499 a
802 4434 921 4499 l’hotio
949 4433 1026 4497 bibl.
1050 4435 1118 4498 cod.
1142 4437 1183 4499 97
1208 4459 1238 4521 p.
1258 4436 1300 4501 83
1310 4435 1411 4500 Bekk.

133 4551 297 4610 servatum
317 4567 476 4629 apponere
496 4542 670 4629 expedit¹):
690 4542 726 4607 ἐν
744 4551 783 4627 τῇ
803 4541 872 4627 ροζ’
890 4540 1083 4626 Ὀλυμπιάδι
1102 4540 1193 4606 ε’νίκα
1207 4540 1412 4626 Ἑκατόμυιος

135 4655 301 4735 Μιλήσιος
319 4653 455 4717 στάδιον
473 4648 528 4714 καὶ
547 4651 686 4714 δίαυλον
706 4648 774 4733 [καὶ
791 4649 929 4731 ὁπλίτην
944 4647 1040 4733 τρίςΙ,
1055 4644 1210 4731 ’Τψικλῖγς
1225 4652 1413 4725 Σικυώνιος

221 4850 246 4916 1)
265 4846 366 4900 Confer
384 4862 457 4914 quae
476 4861 562 4914 supra
581 4861 608 4913 p.
623 4842 748 4896 LXXVII
768 4843 803 4896 de
823 4843 874 4897 hoc
894 4842 1025 4912 catalogo
1046 4840 1262 4911 disputavimus.
