3406 5378
739 1149 903 1201 ΙΣΘΜΙΟΝ.
923 1147 964 1201 Z‘.

478 1312 898 1396 nTPEblAnla
944 1311 1231 1396 ΘΗΒΑΙΩι

738 1507 966 1557 ΠΑΓΚΗΑΤΙΩι.

762 1790 938 1861 Strophae.

523 3185 542 3212 υ
663 3162 868 3231 &susal

728 3340 969 3422 Argumentum.

302 3468 504 3544 Strep'siadem
523 3470 697 3530 Thebanum
718 3470 844 3529 Isthmia
862 3471 1018 3546 pancratio
1038 3469 1143 3528 vicisse
1163 3471 1404 3545 avunculumque
1423 3468 1488 3527 eius

213 3557 427 3635 cognominem,
441 3559 564 3619 Diodoti
582 3558 687 3637 filium,
703 3560 754 3636 qui
769 3560 861 3636 paulo
877 3563 946 3618 ante
964 3579 1018 3634 pro
1037 3557 1137 3634 patria
1155 3562 1280 3616 mortam
1299 3557 1488 3633 occubuerat,

212 3648 380 3706 consortem
403 3648 516 3725 gloriae
540 3648 645 3708 fecisse
669 3669 703 3707 ex
727 3648 856 3707 carmine
880 3648 945 3724 ipso
969 3647 1174 3723 comperimus,
1211 3647 1255 3704 Da
1277 3649 1409 3723 tompore
1429 3646 1488 3705 vic-

213 3735 309 3793 toriae
333 3735 408 3794 nihil
433 3738 591 3797 memoriae
615 3738 760 3796 traditum
784 3736 962 3813 invenimuS,
981 3736 1031 3795 sed
1050 3736 1130 3811 quod
1150 3736 1185 3793 de
1204 3739 1355 3794 senectute
1375 3740 1405 3794 et
1424 3738 1487 3794 fato

213 3825 342 3883 instante
366 3828 456 3901 poeta
480 3827 569 3886 verba
592 3827 667 3887 facit
691 3820 731 3908 (v.
751 3820 814 3907 41),
843 3825 910 3884 inde
935 3825 1041 3883 memte
1064 3823 1231 3883 lloechhius
1255 3825 1388 3901 collegit,
1412 3845 1488 3902 pug-

211 3933 293 3992 nam,
322 3934 383 3991 qua
411 3915 597 3992 Strepsiades
625 3916 793 3976 avunculus
816 3914 919 3990 periit,
944 3934 1003 3973 non
1027 3914 1233 3972 Plataeensem
1256 3912 1487 3990 intellegendam

210 4022 286 4081 esse,
315 4010 345 4063 et
368 4005 460 4064 etiam
482 4006 582 4064 minus
606 4004 788 4081 superiorem
812 4003 946 4079 aliquam
970 4021 1118 4080 pugnam,
1143 4002 1193 4060 sed
1218 4000 1488 4077 Oenophytensem,

211 4112 272 4167 qna
291 4093 424 4152 Thebani
444 4094 584 4153 destituti
602 4111 621 4150 a
639 4091 881 4152 Lacedaemoniis
901 4084 943 4169 (u.
964 4104 997 4151 lu
1016 4111 1069 4169 sq.,
1093 4092 1128 4150 ef.
1149 4090 1240 4148 Thue.
1260 4109 1269 4146 1
1292 4102 1342 4147 iba
1361 4094 1391 4149 et
1410 4091 1488 4149 Plat.

210 4182 323 4241 Menex.
339 4194 390 4240 aaa
405 4176 447 4263 b),
467 4184 646 4260 quibuscum
665 4181 817 4242 coniuncti
836 4181 1019 4258 sexagesimo
1039 4180 1166 4240 secundo
1186 4179 1233 4237 die
1253 4182 1323 4237 aute
1338 4172 1378 4258 (v.
1394 4179 1487 4238 Thuc.

212 4271 230 4329 l.
252 4263 285 4350 l.)
304 4270 501 4330 Athenienses
520 4274 551 4330 et
569 4270 697 4350 Argivos
716 4271 753 4329 ad
773 4272 944 4348 Tanagram
963 4271 1105 4346 vicerant,
1125 4267 1162 4326 ab
1177 4268 1409 4326 Atheniensibus
1428 4268 1489 4326 fusi

212 4362 242 4417 et
270 4359 370 4435 fugati
399 4363 478 4420 sunt.
525 4359 606 4431 Quae
636 4379 739 4438 pugna
766 4380 833 4420 cum
861 4379 940 4419 anno
965 4362 1027 4419 457
1053 4361 1176 4418 exeunte
1204 4357 1253 4416 vel
1277 4359 1341 4417 456
1366 4358 1487 4417 ineunte

212 4446 369 4505 commissa
396 4449 448 4525 sit,
477 4449 679 4525 Strepaiadem
708 4453 762 4507 ant
789 4468 857 4508 vere
886 4449 957 4507 anni
980 4450 1043 4509 456
1069 4439 1129 4528 (01.
1150 4448 1200 4523 80,
1226 4439 1260 4527 4)
1289 4450 1344 4505 aut
1371 4447 1487 4507 duobus

212 4536 297 4593 annis
327 4538 408 4614 post,
437 4557 505 4597 vere
537 4538 608 4597 anni
635 4541 700 4598 454
730 4530 791 4619 (01.
811 4540 867 4614 81,
893 4530 928 4617 2)
957 4537 1084 4596 Isthmia
1113 4535 1218 4595 vicisse
1249 4536 1403 4611 probabile
1433 4540 1486 4594 est.

212 4626 351 4684 Alterum
373 4628 410 4683 ut
433 4626 605 4704 admittam,
631 4627 782 4687 mentione
805 4627 985 4703 Pythiorum
1007 4627 1038 4683 in
1061 4624 1118 4684 fine
1142 4624 1282 4683 carminis
1306 4626 1387 4685 faeta
1409 4644 1488 4684 com·

212 4734 345 4791 aioncor3
375 4733 445 4774 uam
474 4716 610 4792 proxima
638 4715 749 4792 Pythia
779 4722 846 4792 post
876 4734 1010 4792 pugnam
1040 4715 1078 4774 ad
1106 4712 1286 4789 Oenophyta
1316 4734 1393 4773 anno
1422 4716 1485 4774 454

212 4803 363 4870 celebrata
382 4808 461 4866 sunt.
498 4805 600 4883 Longe
623 4805 770 4865 diversam
793 4805 942 4864 nationem
965 4804 1101 4881 Hcyuius
1124 4808 1155 4861 ct
1180 4803 1325 4879 llergkius
1348 4804 1488 4881 inicmaol,
