3406 5378
550 384 600 442 111.
627 385 804 441 1111111111
823 386 870 440 ET
887 387 1065 445 nemone.
1358 388 1447 445 LXIII

162 544 316 633 praemiis
349 546 562 635 ornabantur,
595 555 709 615 contra
736 548 848 617 Iliadis
880 548 948 616 ludi
982 550 1234 636 splendidissimi
1267 559 1373 640 erant,
1405 555 1445 620 ab

163 656 292 721 Achille
310 656 345 720 in
363 657 521 721 honorem
541 658 661 722 mortui
676 659 772 722 amici
786 657 945 724 Patroclis
961 661 1000 724 ad
1016 661 1112 725 funus
1128 662 1197 726 eius
1217 662 1446 727 illustrandum

163 761 317 827 instituti.
351 763 398 829 Ut
412 764 498 827 enim
511 770 625 829 nostra
639 767 796 830 memoria
815 767 936 831 milites
951 791 970 832 a
984 768 1152 853 sepultura
1166 769 1257 834 ducis
1274 771 1446 835 redeuntes

164 869 285 934 hilares
317 871 430 935 modos
462 870 608 936 buccinis
641 872 823 957 fistulisque
856 879 989 954 canunt,
1022 875 1069 940 sic
1097 875 1197 940 etiam
1229 876 1357 960 Graeci,
1388 877 1446 941 ubi

164 977 276 1042 tristes
300 982 334 1042 et
357 978 474 1043 maesti
497 999 614 1063 corpus
637 979 728 1044 ducis
751 981 802 1045 vel
826 982 922 1046 amici
945 981 1090 1046 defuncti
1110 982 1245 1069 inrogo
1265 1005 1447 1048 concrema-

165 1089 288 1169 verant,
309 1085 403 1149 ludos
426 1085 645 1150 instituebant
668 1088 708 1150 ad
731 1088 857 1152 animos
880 1089 1072 1154 recreandos
1096 1095 1193 1174 atque
1216 1096 1293 1175 post
1319 1091 1445 1155 luctum

165 1192 400 1257 exhilarandos.
450 1192 560 1276 Atque
597 1194 680 1258 hanc
716 1195 920 1279 potissimam
958 1218 1087 1261 causam
1124 1196 1217 1261 ludos
1254 1198 1446 1262 instituendi

165 1298 305 1365 heroicis
337 1300 539 1383 temporibus
573 1300 687 1385 fuisse,
718 1303 866 1386 exempla
897 1303 977 1366 satis
1007 1304 1112 1367 multa
1139 1304 1331 1369 documento
1360 1309 1446 1370 sunt.

167 1405 222 1471 Sic
243 1405 365 1472 Nestor
387 1405 425 1471 Il.
444 1423 532 1470 xxm
551 1408 665 1472 63011.
696 1408 730 1471 in
753 1408 865 1473 funere
888 1409 1085 1494 Amaryncei
1108 1432 1128 1473 a
1149 1410 1226 1474 filiis
1254 1410 1324 1475 eius
1352 1411 1445 1475 ludos

164 1513 271 1579 factos
294 1536 365 1579 esse
387 1518 509 1597 narrat,
531 1512 693 1579 Hesiodus
717 1536 790 1600 opp.
810 1516 925 1580 65411.
948 1517 984 1579 in
1006 1515 1092 1580 ludis
1114 1516 1305 1582 funebribus
1329 1539 1347 1581 a
1368 1517 1445 1583 filiis

164 1619 449 1706 Amphidamantis
468 1620 589 1685 mortui
605 1619 755 1686 Chalcide
774 1622 935 1687 institutis
954 1622 1116 1707 tripodem
1134 1625 1315 1707 praemium
1329 1624 1443 1709 hymni

165 1750 201 1793 se
224 1733 434 1795 consecutum
457 1728 569 1811 refert,
593 1728 772 1792 certamina
793 1729 828 1793 in
850 1730 962 1793 funere
984 1728 1094 1794 Peliae
1118 1725 1222 1816 (ἆθλα
1246 1730 1298 1796 ἐπὶ
1322 1729 1443 1819 Πελίᾳ)

164 1839 199 1900 et
215 1834 422 1901 Stesichorus
445 1835 563 1900 cecinit
586 1835 672 1900 etin
690 1835 773 1900 cista
788 1835 918 1921 Cypseli
937 1838 1106 1921 exsculpta
1124 1837 1300 1903 Pausanias
1318 1857 1340 1901 v
1359 1840 1442 1924 17‚9

164 1942 255 2028 vidit,
272 1943 424 2008 funebres
444 1943 537 2007 ludos
556 1943 764 2007 inhonorem
782 1942 941 2008 Thoantis
960 1943 1047 2029 regis
1066 1944 1188 2008 mortui
1206 1943 1321 2009 Lemni
1340 1944 1445 2010 factos

165 2055 280 2116 auctor
301 2051 421 2116 veteris
444 2050 597 2116 carminis
619 2048 879 2137 Argonautici1),
901 2050 936 2113 in
959 2050 1116 2115 honorem
1139 2051 1330 2117 Archemori
1353 2053 1446 2136 pueri

165 2178 185 2220 a
212 2162 361 2242 serpente
389 2157 542 2223 exstincti
573 2179 675 2241 prope
706 2156 862 2222 Nemeam
893 2156 1064 2222 institutos
1097 2162 1211 2224 auctor
1238 2158 1444 2243 Thebaidis2)

164 2270 386 2329 narraverunt.
427 2265 504 2329 Alia
526 2265 565 2328 de
589 2263 662 2327 aliis
685 2264 770 2328 ludis
793 2263 983 2328 funebribus
1007 2269 1040 2328 et
1062 2264 1202 2331 heroicis
1226 2270 1259 2329 et
1279 2265 1445 2330 historicis

165 2372 368 2456 temporibus
385 2370 548 2436 Institutio
567 2371 712 2435 referunt
726 2369 888 2434 Homerus
902 2369 940 2434 Il.
951 2388 1025 2434 xxss
1037 2373 1109 2436 164.
1132 2370 1310 2435 Pausanias
1320 2389 1343 2435 v
1356 2375 1406 2456 17,
1415 2374 1445 2437 9.

165 2478 351 2544 Herodotus
365 2480 467 2545 1138.
497 2477 701 2562 Thucydides
715 2495 739 2540 v
757 2479 804 2541 ll.
830 2477 928 2542 Isocr.
943 2479 973 2562 9,
989 2482 1015 2543 1.
1039 2477 1204 2564 Vergilius
1218 2478 1299 2543 Aen.
1313 2496 1336 2542 v
1350 2481 1393 2544 64
1403 2502 1445 2543 ss.
1531 2517 1534 2524 ν

164 2584 317 2671 Hyginus
339 2585 499 2651 1111273.
541 2586 628 2662 Quin
655 2585 755 2650 etiam
782 2585 823 2649 ad
852 2584 1009 2650 barbaros
1037 2584 1090 2650 hic
1118 2607 1188 2649 mos
1215 2585 1361 2669 perlatus
1387 2591 1446 2652 est.

166 2691 308 2778 Odrysas
327 2693 458 2777 quidem
477 2695 517 2758 ad
535 2695 680 2759 tumulos
698 2698 901 2757 mortuorum
920 2692 1011 2777 equis
1030 2692 1250 2757 decucurrisse
1264 2692 1447 2778 Xenophon

166 2799 389 2885 Hell.1112,5
412 2800 525 2885 tradit,
549 2806 582 2865 et
602 2823 622 2865 a
640 2799 796 2865 Romanis
815 2821 882 2864 non
900 2799 1006 2864 solum
1025 2821 1159 2864 munera
1176 2799 1395 2885 gladiatorum
1413 2806 1447 2865 et

164 2908 314 2994 pugilum
336 2907 371 2971 in
393 2909 551 2973 honorem
574 2913 778 2973 mortuorum
801 2929 897 2992 saepe
920 2907 1008 2972 facta
1030 2912 1115 2990 sunt,
1139 2907 1195 2970 sed
1216 2907 1316 2972 etiam
1335 2907 1446 2972 fabula

165 3013 319 3100 Terentii,
342 3015 394 3080 cui
416 3037 535 3081 nornen
558 3014 725 3099 Adelphoe
749 3018 808 3098 est,
826 3013 866 3104 in
886 3013 972 3078 ludis
989 3013 1182 3078 funebribus
1202 3013 1333 3078 Aemilii
1352 3012 1446 3078 Pauli

165 3121 307 3206 primum
330 3127 404 3187 acta
426 3127 485 3187 est.

254 3229 364 3294 Aliam
387 3228 664 3315 opportunitatem
686 3229 780 3293 ludos
804 3228 942 3294 faciendi
967 3228 1095 3293 faustus
1123 3232 1256 3293 eventus
1284 3228 1361 3293 belli
1391 3230 1445 3293 ob-

57 3374 60 3378 ·
166 3336 252 3401 tulit.
294 3336 444 3421 Namque
468 3342 500 3401 et
523 3336 692 3400 hominum
716 3336 816 3400 ani1ni
839 3336 978 3401 libenter
1000 3340 1075 3420 post
1099 3340 1224 3399 atroces
1248 3334 1325 3399 belli
1349 3358 1445 3400 casus

166 3442 357 3527 laboresque
379 3442 617 3527 reficiebantur,
640 3449 672 3507 et
695 3442 801 3526 spolia
817 3444 856 3507 de
875 3443 1024 3507 hostibus
1044 3447 1139 3527 capta
1156 3443 1283 3527 copiam
1302 3443 1446 3526 praemia

165 3550 345 3615 victoribus
369 3550 532 3615 tribuendi
554 3549 726 3615 faciebant.
768 3550 891 3615 Verum
913 3550 1075 3615 recentius
1094 3549 1156 3614 hoc
1175 3571 1277 3635 genus
1296 3548 1446 3613 ludorum

166 3656 267 3722 fuisse
292 3657 494 3742 crediderim3
516 3657 551 3720 in
574 3657 709 3722 Homeri
734 3658 862 3742 quidem
883 3657 1082 3740 Hesiodique
1106 3656 1302 3721 carmInibus
1320 3656 1447 3720 nullum

167 3765 350 3849 exemplum
368 3764 484 3829 talium
501 3764 652 3829 ludorum
671 3769 786 3830 exstat
824 3763 887 3829 Sed
906 3764 1042 3849 Pythias
1063 3763 1157 3827 ludos
1176 3764 1216 3828 ab
1235 3763 1448 3847 Amphictyo-

166 3871 263 3937 nibus
281 3872 423 3957 primum
442 3871 534 3937 Crisa
552 3873 632 3937 urbe
652 3876 748 3956 capta
766 3894 805 3936 ex
824 3872 985 3935 manubiis
1004 3871 1154 3935 hostibus
1174 3870 1328 3934 detractis
1343 3870 1446 3934 factos

168 4000 237 4044 esse
261 3980 361 4044 schol.
380 3978 470 4043 Pind.
490 4003 520 4064 p.
539 3981 614 4064 297,
638 3978 758 4044 Strabo
777 3996 814 4042 111
833 3981 908 4061 421,
930 3977 1108 4043 Pausanias
1127 3996 1190 4041 vm
1212 3979 1251 4043 18
1271 3976 1446 4041 memoriae

166 4086 386 4171 prodiderunt.
427 4087 479 4151 Ad
502 4109 614 4152 eorum
637 4108 714 4151 vero
742 4087 924 4172 exemplum
947 4085 1106 4150 Pindarus
1131 4085 1166 4149 Ο.
1185 4102 1210 4148 x
1229 4086 1323 4150 5511.
1347 4084 1447 4148 etiam

167 4190 355 4279 Olympicos
372 4194 467 4259 ludos
485 4195 627 4281 primum
642 4196 682 4258 ab
697 4193 836 4258 Hercule
850 4198 926 4277 post
941 4193 1102 4258 devictum
1118 4192 1265 4278 Augeam
1279 4214 1318 4257 ex
1333 4192 1447 4276 spoliis

167 4299 246 4365 belli
272 4300 378 4366 factos
406 4324 477 4367 esse
504 4303 606 4366 finxit.
653 4301 901 4366 Recentioribus
935 4322 1062 4384 quoque
1092 4300 1293 4383 temporibus
1323 4298 1448 4384 Graeci,

168 4407 224 4491 qui
246 4430 312 4472 una
331 4430 404 4474 cum
423 4409 509 4494 Cyro
529 4408 765 4493 expeditionem
785 4412 898 4472 contra
915 4406 1088 4472 Persarum
1106 4428 1215 4492 regem
1234 4406 1447 4472 Artaxerxem

169 4521 392 4601 susceperant,
429 4518 486 4581 ubi
517 4517 705 4603 ingentibus
740 4514 893 4600 periculis
924 4514 1063 4580 felicIter
1095 4515 1255 4601 superatis
1287 4516 1327 4580 ad
1359 4538 1447 4580 mare

258 4788 284 4851 1)
303 4802 329 4838 v.
348 4781 428 4837 Pind.
449 4781 580 4836 111121.

258 4859 285 4925 2)
304 4874 329 4911 v.
349 4854 430 4908 Pind.
450 4854 483 4908 N.
499 4858 564 4906 1128
583 4855 613 4907 ot
631 4851 718 4908 schol.
738 4853 818 4909 Pind.
837 4856 916 4912 Nem.
936 4860 1069 4927 114141,
1089 4854 1170 4911 Paua.
1190 4860 1308 4923 11112.
