3406 5378
687 365 822 433 irruas
841 365 886 436 n]
1356 367 1420 430 311

150 545 182 591 10
201 525 255 592 καὶ
279 525 432 609 γυναιξὶν
454 529 702 611 καλλικόμοισιν
726 526 890 611 ἀριστεύει
913 527 1027 593 πάλαι·

203 636 287 711 Ζεὺς
306 632 356 698 ἐπ’
377 633 564 718 Ἀλκμήναν
583 633 723 699 Δανάαν
741 657 775 699 τε
794 635 906 719 μολὼν
928 645 1048 701 τοῦτον
1070 634 1232 720 κατέφανε
1254 639 1367 719 λόγον·
1388 655 1421 701 ao

200 740 300 825 πατρὶ
324 739 355 806 δ’
379 740 571 827 Ἀδράστοιο
596 744 723 824 Λυγκεῖ
743 763 776 807 τε
800 752 934 827 φρενῶν
966 717 977 736 ’

245 850 373 932 καρπὸν
396 848 511 935 εὐθείᾳ
535 847 740 934 συνάρμοξεν
763 850 852 936 δίκᾳ·

200 1079 305 1165 θρέψε
330 1079 361 1145 δ’
387 1081 508 1164 αι’χμάν
529 1078 784 1165 Ἀμφιτρύωνος.
821 1079 838 1145 ὁ
863 1078 894 1144 δ’
921 1082 1008 1168 ὄλβῳ
1032 1080 1193 1167 φέρτατος
1241 1080 1304 1147 Ἐπ.
1324 1081 1367 1146 α’.

201 1185 279 1251 ἵκετ’
305 1187 337 1263 ἐς
361 1190 473 1252 κείνου
497 1186 627 1269 γενεάν,
651 1184 719 1250 ἐπεὶ
743 1185 779 1251 έν
802 1186 951 1273 χαλκέοις
974 1187 1088 1265 ὅπλοις
1387 1208 1419 1254 25

150 1312 182 1358 15
208 1297 370 1377 Τηλεβόας
393 1296 523 1379 ἔναρεν·
547 1303 592 1381 τῷ
617 1291 695 1376 <δ’>
718 1295 798 1371 ὅψιν
822 1293 1005 1379 ἐειδόμενος

201 1400 381 1466 ἀθανάτων
403 1404 558 1484 βασιλεὺς
580 1400 687 1465 αὐλάν
710 1400 851 1485 ἐσῆλθεν

201 1506 318 1592 σπέρμ’
343 1506 542 1592 ἀδείμαντον
565 1505 678 1591 φέρων
697 1504 888 1593 Ἡρακλέος·
912 1505 953 1574 οὗ
975 1507 1047 1573 κατ’
1065 1507 1234 1593 Ὄλυμπον
1298 1549 1316 1586 .
1386 1528 1420 1575 30

200 1616 318 1698 ἀλοχος
332 1612 437 1697 ‘'H-llo
460 1617 558 1680 τελεί-

244 1722 375 1808 ςιπαρά
398 1720 512 1806 ματέρι
537 1719 679 1804 βαι’νοισ’
706 1724 789 1805 ἔστι,
813 1725 970 1787 καλλίστα
993 1728 1093 1787 θεῶν.

1226 1870 1275 1930 Στ
1299 1918 1305 1931 .
1351 1867 1367 1931 ’.

200 1973 306 2057 βραχύ
325 1942 380 2056 μοι
400 1974 503 2056 στόμα
522 1969 619 2036 πάντ’
641 1969 861 2054 ἀναγήσασθ’,
882 1971 970 2036 ὅσων
987 1970 1134 2058 Ἀργεῖον
1152 1975 1216 2056 ἔχει
1236 1871 1368 2057 τέάεύάς
1387 1990 1420 2037 35

219 2226 259 2271 10.
279 2219 407 2287 γυναιξὶν
427 2217 552 2271 Schmidt
572 2218 682 2286 γυναιξὶ
705 2218 771 2271 BD
790 2251 824 2257 -
845 2224 884 2271 ll.
910 2226 1010 2271 τοῦτον
1033 2235 1065 2271 ex
1086 2217 1200 2272 scholiis
1220 2219 1347 2274 Schmid:
1371 2219 1420 2274 τόν

147 2291 217 2355 BD,
236 2288 334 2342 πιστόν
352 2288 397 2342 vel
417 2288 479 2342 ἐτὸν
498 2287 568 2342 coni.
584 2288 676 2359 Bergk
696 2319 728 2327 —
750 2295 790 2342 1⁶2.
810 2289 895 2356 πατρὶ
914 2287 941 2342 δ’
963 2289 1066 2342 lemma
1084 2289 1113 2342 in
1133 2291 1174 2344 D:
1193 2288 1278 2357 πατρί
1296 2289 1322 2343 τ’
1339 2291 1419 2344 codd.

148 2393 179 2399 -
200 2361 262 2414 fort.
283 2361 334 2413 σὺν
357 2358 421 2429 ὅρμ,
440 2391 475 2398 -
496 2364 536 2413 11.
557 2358 584 2421 ἐς
609 2357 646 2413 ἐκ.
666 2361 693 2413 Β
711 2391 746 2398 -
765 2359 827 2413 fort.
848 2359 971 2429 γαμετάν
991 2393 1022 2400 -
1045 2366 1085 2414 15.
1109 2360 1220 2428 ἔναρεν
1239 2367 1276 2414 τῶ
1301 2359 1328 2415 δ’
1351 2361 1420 2429 ὅψιν

147 2431 217 2484 coni.
241 2431 395 2484 Hermann:
425 2429 507 2497 ἔναιρε
530 2428 635 2498 (ἔναιρε
661 2431 698 2499 Β)
721 2450 747 2483 τι
771 2429 797 2483 οἰ
820 2432 847 2484 Β
862 2432 902 2496 D,
927 2429 1054 2498 ἐναρόντι
1080 2431 1106 2484 οἱ
1130 2448 1163 2485 ex
1187 2416 1272 2486 schol.
1297 2432 1420 2495 achinis,

147 2500 295 2570 ἐναρόντος
322 2501 390 2628 όηὺν
418 2502 587 2569 Mommsen,
617 2500 728 2569 ἔναρεν,
756 2503 807 2557 fol
834 2500 861 2555 δ’
890 2501 958 2569 ὄψιν
986 2502 1098 2556 Hcimer
1125 2503 1203 2557 Stud.
1228 2502 1308 2558 Pind.
1332 2522 1358 2559 το
1385 2536 1419 2545 -

148 2580 188 2627 19.
208 2571 327 2643 ἀργείων
395 2604 428 2613 -

143 2754 227 2822 poeta
245 2751 298 2805 Am
319 2751 447 2806 hiaraum
466 2750 547 2817 dixit,
565 2751 658 2805 locum
680 2749 793 2806 Homeri
815 2755 886 2805 Pasa
906 2749 967 2805 ἐπεὶ
984 2750 1116 2821 πολέμοιο
1136 2750 1222 2821 νέφος
1241 2753 1305 2820 περὶ
1324 2751 1417 2807 πάντα

145 2823 277 2877 καλύπτει
330 2844 402 2891 κτωρ
426 2822 577 2893 respiciens
596 2825 707 2877 etcum
725 2825 806 2892 parte
825 2821 994 2876 scholiorum
1014 2826 1049 2891 (v.
1067 2822 1153 2877 schol.
1168 2823 1202 2885 B)
1222 2823 1264 2877 ita
1281 2822 1418 2893 interpre-

143 2898 220 2964 tans,
239 2897 271 2948 ut
290 2894 375 2964 νέφος
394 2893 600 2965 appositionem
618 2893 740 2948 nominis
758 2893 886 2947 Hectoris
906 2910 966 2947 esse
985 2896 1099 2964 putaret
1118 2926 1150 2934 -
1171 2900 1212 2948 12.
1237 2893 1418 2964 συνάρμοξεν,

144 2964 394 3035 εο11.Ἀργσς,αου
424 2966 504 3032 Ζεύς,
527 2969 560 3019 ut
580 2965 651 3020 bene
676 2964 778 3019 statuit
805 2963 992 3031 Friederichs‚
1021 2964 1100 3018 Pind.
1121 2965 1199 3020 Stud.
1240 2983 1305 3029 ‚sm
1333 2967 1419 3020 verba

145 3037 218 3092 enim
235 3039 304 3100 Ζεὺς
319 3082 324 3092 ,
341 3082 347 3092 .
364 3081 369 3091 .
384 3034 467 3105 λόγον
485 3037 514 3090 in
553 3035 695 3091 arcnthesi
713 3035 808 3090 media
826 3035 974 3090 interiecta
991 3039 1058 3089 sunt
1076 3069 1110 3077 -
1129 3035 1207 3091 δίκα·
1251 3036 1324 3104 alac,
1344 3037 1418 3108 patri

145 3108 272 3178 Adrasti,
296 3111 325 3163 et
347 3108 470 3176 Lynceo,
494 3056 617 3177 Apharei
639 3106 711 3173 filio,
734 3106 837 3160 mentis
858 3105 1027 3177 sapientiam
1048 3092 1313 3177 (φρενῶνκαρπύν,
1333 3109 1368 3164 cf.
1387 3109 1417 3162 P.

144 3200 164 3232 u
179 3184 215 3248 τι)
230 3196 292 3233 cum
308 3179 418 3233 iustitia
431 3178 556 3232 iunctam
570 3177 682 3247 tribuit;
701 3178 736 3234 cf.
751 3178 784 3232 N.
800 3197 827 3230 rx
841 3194 875 3232 ιι.
895 3178 924 3232 Ρ.
935 3197 953 3231 v
969 3194 1005 3241 τις
1022 3179 1094 3233 bene
1108 3181 1203 3235 autem
1217 3179 1336 3233 Talaum
1356 3197 1417 3234 cum

145 3252 254 3320 Lynceo
277 3252 361 3320 poeta
384 3249 539 3319 copulavit,
563 3249 676 3318 quando
695 3266 790 3304 eorum
809 3248 936 3318 sepulcra
955 3249 1034 3303 iuxta
1052 3251 1147 3320 posita
1164 3253 1258 3317 erant,
1282 3253 1313 3305 ut
1336 3251 1419 3305 docet

145 3323 225 3377 l’aus.
240 3341 262 3375 11
276 3338 310 3388 τι,
325 3340 336 3376 ι
351 3355 384 3361 -
401 3327 449 3375 13.1
461 3318 566 3389 θρέψε·
586 3320 697 3391 proprie
712 3321 746 3375 de
760 3320 855 3390 patria
869 3338 933 3374 suos
947 3320 1023 3375 cives
1039 3320 1180 3376 nutriente
1194 3321 1313 3389 dicitur;
1332 3322 1367 3377 cf.
1383 3322 1417 3375 N.

144 3413 163 3446 11
180 3410 216 3460 ως
231 3392 397 3462 Amphitryo
407 3392 482 3446 enim
495 3409 558 3444 cum
569 3390 650 3462 Argis
664 3395 748 3445 natus
762 3394 791 3446 et
804 3391 939 3445 educatus
955 3395 1036 3461 esset,
1050 3395 1149 3463 postea
1159 3392 1270 3447 Thebas
1284 3392 1419 3462 migravit

145 3497 178 3505 -
190 3470 222 3518 13
232 3482 267 3518 ss.
288 3463 416 3517 fabulam
430 3463 553 3530 delore,
567 3466 599 3517 ut
614 3462 775 3517 Alcmenam
790 3466 985 3533 corrumperet,
999 3464 1119 3518 formam
1133 3463 1344 3533 Amphitryonis
1359 3482 1416 3518 ma·

143 3536 200 3602 riti,
218 3535 268 3604 qui
287 3537 384 3588 contra
398 3533 535 3588 'l'eleboas
549 3534 690 3605 profectus
709 3536 779 3600 erat,
797 3534 930 3589 induente
949 3534 1030 3588 multi
1049 3535 1224 3604 rettulerunt,
1243 3534 1417 3623 lepidissime

144 3606 260 3660 Plautus
280 3605 309 3659 in
323 3605 526 3675 Amphitruone
541 3638 574 3645 —
591 3610 631 3660 13.
652 3604 666 3659 ό
686 3603 713 3659 δ’
731 3605 802 3677 ὄλβῳ
815 3603 964 3674 φέρτατος·
988 3606 1067 3668 Ζεύς·
1088 3606 1122 3661 cf,
1137 3607 1156 3660 I.
1173 3625 1210 3659 vn
1224 3623 1237 3661 τ
1250 3627 1300 3661 τον
1314 3604 1417 3675 φέρτα-

143 3698 192 3732 τον
210 3682 288 3732 δεῶν
306 3708 342 3716 -
362 3683 403 3732 14.
423 3674 493 3730 ἵκετ’
510 3676 538 3738 ἐς
555 3674 651 3731 κείνου
669 3675 778 3746 γενεάν,
797 3675 827 3729 iu
841 3676 1053 3746 Amphitryonis
1071 3680 1183 3746 gentem
1202 3679 1231 3731 et
1249 3676 1417 3731 affinitatem

144 3748 249 3818 Iupiter
274 3765 290 3802 o
311 3747 396 3801 timus
415 3747 553 3803 maximus
573 3749 650 3802 venit
668 3747 818 3801 concubitu
837 3764 899 3800 cum
918 3748 978 3801 elus
997 3765 1081 3802 uxore
1100 3746 1183 3815 init03
1209 3748 1244 3803 cf.
1265 3747 1417 3802 Hesiodum

144 3823 212 3874 scut.
228 3836 254 3875 τε
299 3818 420 3873 erculem
438 3821 468 3873 et
485 3818 620 3889 Iphiclem
639 3818 778 3874 dicentem
799 3818 965 3888 κεκριμένην
984 3818 1084 3888 γενεήν
1108 3851 1141 3858 -
1164 3819 1289 3889 χαλκέοις
1310 3818 1416 3883 ὅπλοις·

143 3909 231 3945 aenea
257 3908 335 3944 arma
361 3890 425 3944 aevi
450 3890 555 3945 heroici
578 3908 596 3943 a
617 3890 714 3945 ferreis
741 3889 825 3943 armis
851 3889 1038 3945 recentiorum
1063 3893 1219 3961 temporum
1245 3890 1417 3961 distinguere

143 3962 281 4016 Pindarus
299 3961 445 4016 cousuevit
466 3995 497 4002 —
518 3968 559 4017 15.
583 3961 694 4030 ἔναρεν
720 3961 779 4016 scil.
798 3969 890 4024 κεῖνος
911 3961 969 4016 sive
989 3961 1168 4031 Amphitr503
1192 3960 1231 4029 δ’,
1255 3963 1331 4030 quod
1354 3965 1419 4032 post

143 4039 180 4104 τῷ
199 4034 375 4087 Hermannus
394 4032 554 4099 inculcavit
573 4032 667 4086 nescio
687 4050 724 4086 an
743 4050 836 4087 carere
855 4031 1041 4103 possimus-
1058 4038 1099 4087 18.
1119 4032 1218 4087 schol:
1235 4030 1417 4100 Ἡρακλέοςη

144 4104 247 4174 γαμετὴ
266 4104 338 4158 κατὰ
352 4103 401 4158 τὸν
415 4102 554 4191 Ὄλυμπον
568 4101 640 4176 Ἥβη
660 4103 738 4167 παρὰ
757 4113 790 4174 τῇ
810 4101 900 4191 τελείρι
919 4105 1005 4173 αὐτῆς
1024 4105 1105 4173 μητρλ
1119 4113 1255 4173 προϊοῦσα
1268 4105 1418 4171 πορεύεται

142 4185 197 4229 τῶν
216 4180 293 4230 θεῶν
312 4175 532 4244 ἐκπρεπεστατη·
552 4173 673 4245 λέγωδὲ
694 4173 798 4244 μητέρα
816 4179 925 4229 τελείαν
941 4175 994 4244 τὴν
1006 4173 1097 4244 Ἥραν
1116 4177 1164 4230 καλ
1183 4175 1326 4246 Αἰσχύλος·
1344 4171 1417 4243 Ἥρα

143 4244 232 4301 τελεία
254 4246 342 4315 Ζηνὸς
361 4243 461 4300 εύναία
480 4249 583 4317 δάμαρ,
603 4245 730 4316 ἔστιγὰρ
749 4245 820 4333 αὕτη
842 4244 963 4316 γαμηλία
983 4248 1031 4300 καὶ
1054 4244 1145 4317 goyla,
1169 4244 1225 4301 ἔστι
1245 4245 1275 4300 δὲ
1296 4246 1318 4298 δ’
1330 4245 1418 4316 γάμος

142 4317 245 4382 τέλειος
268 4317 317 4372 διὰ
339 4317 370 4371 τὸ
393 4315 550 4386 τελειότητα
574 4316 636 4390 βίον
660 4321 883 4383 κατασκευαζειν.
921 4318 1049 4372 Ceterum
1076 4318 1123 4372 hic
1146 4335 1256 4387 quoque
1280 4316 1418 4372 Pindarus

142 4392 304 4445 accuratam
327 4388 458 4442 notitiam
478 4388 644 4475 Argivorum
666 4392 908 4443 monumentorum
930 4407 999 4474 prae
1022 4406 1052 4443 se
1072 4390 1137 4457 fert3
1166 4389 1319 4444 Pausanias
1343 4389 1418 4443 enim

143 4462 227 4515 refert
246 4481 265 4513 rr
286 4477 319 4528 11,
337 4476 350 4514 5
369 4457 477 4529 λέγεται
495 4462 526 4513 δε
545 4458 750 4529 παρεστηκέναι
768 4469 801 4531 τῇ
814 4457 888 4533 Ἥρᾳ
906 4479 989 4532 τεχνη
1009 4460 1180 4523 Ναυκύδους
1198 4460 1309 4531 ἄγαλμα
1322 4457 1417 4533 Ἥβης,

143 4533 294 4601 ἐλέφαντος
312 4532 360 4585 καλ
378 4539 459 4586 τοῦτο
478 4533 525 4585 καὶ
545 4539 656 4600 χρυσοῦ.

215 4611 256 4658 19.
275 4602 443 4673 Argivorum
461 4603 592 4658 decorum
610 4602 848 4658 enumerationem
867 4601 953 4656 simili
972 4602 1054 4656 modo
1078 4605 1163 4671 atque
1185 4603 1205 4657 Ι.
1220 4622 1247 4655 vi
1262 4619 1288 4658 ao
1302 4604 1415 4656 abrum-

142 4676 192 4744 pit,
213 4678 244 4729 ut
262 4675 299 4728 ad
318 4673 450 4728 victorias
464 4674 570 4729 Thesei
584 4676 710 4728 transeat
725 4707 757 4714 -
773 4675 861 4746 βραχὺ
878 4718 882 4728 .
901 4719 905 4726 .
922 4717 927 4726 .
943 4673 1153 4743 ἀναγήσασθαι·
1175 4690 1205 4727 os
1220 4674 1290 4727 mihi
1304 4673 1416 4728 brevius

142 4751 185 4800 est
204 4764 289 4815 quam
307 4745 383 4815 quod
402 4745 496 4800 omnia
514 4746 616 4800 decora
634 4762 765 4800 enarrare
779 4745 882 4816 possit3
901 4747 930 4798 et
943 4749 1089 4814 praeterea
1103 4746 1172 4815 (καλ)
1187 4745 1313 4799 taedium
1327 4744 1417 4799 homi-

142 4836 209 4872 num
228 4817 296 4872 mihi
316 4816 481 4886 fugiendum
499 4819 543 4871 est
562 4849 595 4857 -
616 4823 731 4886 Αργεῑον
749 4815 873 4885 τέμενος,
897 4816 972 4885 quod
995 4819 1056 4870 tota
1079 4821 1154 4872 terra
1173 4816 1279 4885 Argiva
1304 4817 1416 4870 lunonis
