3406 5378
704 405 853 457 recusus
871 405 895 455 v
915 402 985 473 [vy.
1416 399 1481 462 355

261 571 383 653 μυρίον
406 571 540 653 χρόνον·
564 565 702 651 μελέταν
726 562 762 629 δὲ
785 577 959 649 σοφισταῖς
1281 561 1366 627 Ἀντ.
1385 561 1428 647 β’.

262 676 345 750 Διὸς
368 673 458 738 ἕκατι
480 677 671 759 πρόσβαλον
694 675 902 757 σεβιζόμενοι.

209 800 242 844 no
263 781 298 845 ἐν
321 778 381 865 μὲν
405 783 565 845 Αἰτωλῶν
588 782 742 844 θυσίαισι
765 791 925 863 φαενναῖς

264 889 413 952 Οἰνεΐδαι
437 891 604 972 κρατεροί,

263 994 299 1059 ἐν
322 991 358 1059 δὲ
385 997 509 1076 Θήβαις
534 995 692 1069 ίπποσόας
713 991 835 1069 Ἰόλαος
1448 1007 1483 1053 40

264 1100 360 1183 γέρας
379 1103 454 1183 ἔχει,
475 1103 623 1183 Περσεὺς
642 1097 672 1163 δ’
696 1099 733 1164 ἐν
750 1098 875 1185 Ἄργει,
895 1099 1065 1184 Κάστορος
1088 1096 1118 1161 δ’
1140 1099 1240 1182 αἰχμὰ
1259 1099 1430 1163 Πολυδεύ-

307 1231 380 1292 κεος
403 1205 431 1270 τ’
458 1205 505 1271 ἐπ’
534 1206 675 1290 Εὐρώτα
697 1205 863 1291 ῥείθροις·

264 1400 333 1467 ἀλλ’
362 1401 398 1466 ἐν
423 1402 557 1488 Οἰνώνᾳ
579 1404 797 1486 μεγαλήτορες
820 1399 917 1487 ὀργαί
1304 1397 1369 1465 ’tls
1387 1399 1431 1484 β’.

211 1528 244 1575 3ο
265 1513 393 1574 Αἰακοῦ
416 1509 546 1573 παίδων
568 1532 611 1572 τε.
648 1506 700 1572 τοί
722 1506 777 1572 καί
801 1511 864 1572 σὺν
886 1508 1005 1592 μάχαις
1450 1525 1484 1571 ιο

265 1616 317 1693 δὶς
340 1619 438 1681 πόλιν
467 1616 590 1699 Τρώων
613 1616 755 1700 πράθον,
779 1613 953 1699 ἑσπόμενοι

264 1722 440 1808 Ἡρακλῆι
463 1725 640 1808 πρότερον,

264 1829 318 1895 καὶ
342 1832 406 1894 σὺν
427 1827 615 1914 Ἀτρείδαις.
662 1829 720 1892 ἔλα
742 1836 807 1892 νῦν
828 1852 884 1912 μοι
907 1829 1061 1892 πεδόθεν.

267 1937 352 2021 λε’γε,
376 1940 463 2011 τίνες
486 1936 635 2017 Κύκνον,
658 1937 745 2010 τίνες
763 1932 903 2020 Ἕκτορα
926 1934 1069 2018 πέφνον,

285 2154 328 2201 31.
348 2141 478 2213 κρατεροί
496 2144 593 2198 Tricl.:
619 2147 752 2213 καρτεροί
767 2145 829 2199 BD
849 2176 881 2183 -
901 2150 942 2198 36.
964 2142 1112 2214 ἑσπόμενοι
1131 2147 1171 2200 B:
1192 2142 1322 2215 ἑπόμενοι
1341 2144 1383 2209 1);
1403 2143 1486 2212 ἔπρα-

213 2224 269 2273 θον
289 2216 423 2286 σπόμινοι
441 2215 512 2271 coni.
527 2216 633 2286 Berglr3
653 2219 683 2269 at
697 2215 731 2269 cf.
747 2216 766 2270 l.
782 2234 809 2268 vr
826 2232 857 2270 ιι.
877 2215 908 2270 0.
924 2234 972 2268 vru
988 2233 1063 2269 11.1x
1077 2233 1111 2270 so.
1131 2216 1160 2270 P.
1176 2235 1203 2268 ιν
1218 2233 1244 2270 ιο
1259 2247 1291 2255 -
1307 2221 1349 2268 37.
1369 2216 1489 2284 ἡρακλῆϊ

214 2289 311 2344 Tricl.:
330 2289 446 2356 ἰγραιιλεῑ
459 2287 533 2352 BD;
549 2285 681 2354 Ἡρακλεῖ
698 2306 727 2340 τε
745 2284 882 2354 πρότερον
896 2286 968 2340 coni.
983 2286 1112 2356 Hartung
1125 2319 1160 2326 -
1174 2292 1216 2340 38.
1234 2288 1377 2355 ἀτρείδαις
1390 2285 1487 2341 Triclz

214 2359 387 2427 ότρείδαισιν
407 2360 433 2411 Β
445 2358 475 2411 D
495 2389 526 2396 -
545 2354 688 2412 παιδόδεν
706 2358 736 2412 D
757 2389 788 2397 —

214 2521 262 2556 cnr
281 2501 334 2555 hoc
353 2500 477 2570 epitheto
496 2497 585 2553 tibiae
603 2498 756 2570 insignitae
775 2498 845 2566 sint,
868 2498 933 2553 ride
951 2499 988 2552 ad
1008 2498 1039 2553 Ο.
1059 2518 1097 2552 vn
1116 2517 1153 2567 ιι,
1177 2499 1223 2553 cui
1241 2500 1302 2555 loco
1321 2500 1379 2554 iam
1398 2500 1488 2554 addas

215 2572 328 2627 Pindari
347 2573 441 2625 aetate
460 2570 640 2636 Pronomum,
665 2570 809 2625 tibicinem
828 2569 992 2624 Thebanum
1016 2570 1214 2639 clarissimum,
1240 2571 1379 2639 floruisse,
1405 2588 1488 2639 quem

213 2645 300 2699 tibias
318 2641 503 2712 multiplices,
523 2641 560 2695 ad
578 2640 672 2695 varias
691 2640 852 2696 harmonias
871 2644 953 2712 aptas
971 2641 1112 2696 invenisse
1131 2641 1234 2696 docent
1252 2641 1334 2696 Paua.
1353 2661 1381 2694 nr
1400 2658 1435 2709 ιε,
1454 2658 1487 2698 ιο,

213 2717 278 2770 Ath.
298 2734 344 2769 mv
362 2732 390 2784 p.
405 2729 474 2768 cars.
506 2712 595 2767 Menti
615 2715 709 2766 autem
728 2714 829 2782 poetae
847 2729 904 2768 non
922 2713 1138 2767 Homeridarum
1154 2713 1332 2838 rhapsodiae,
1352 2712 1401 2767 sed
1420 2713 1488 2782 lyri-

214 2785 425 2868 corumhymni
443 2787 473 2838 et
492 2782 665 2865 dithyramhi
683 2783 906 2866 obversabantur
920 2817 953 2866 -5
969 2788 1186 2866 absorptorum·
1227 2783 1290 2838 uiue
1309 2784 1430 2866 nominis
1444 2784 1488 2839 vie

213 2854 1025 2999 balthutaetlfflllllttttltltl
1041 2856 1287 3008 :aaran
1301 2872 1488 2996 tetemet:

215 3000 324 3055 Aelian.
344 2999 409 3052 hist.
429 3015 474 3052 an.
494 3013 553 3066 11,1
569 3006 623 3051 τῶν
643 2996 724 3065 ἱερῶν
743 3002 832 3067 μελῶν
851 2997 988 3067 σοφισταί.
1025 2999 1066 3052 De
1086 2997 1243 3052 coniunctis
1261 2997 1340 3053 tibiis
1359 2999 1389 3052 et
1407 2996 1488 3068 phor-

215 3072 308 3141 minge
332 3073 362 3124 et
384 3068 522 3135 oratione,
549 3085 667 3137 quarum
691 3085 784 3123 rerum
808 3069 894 3124 tertia
919 3069 1011 3124 verbis
1035 3069 1152 3141 μελέταν
1171 3078 1310 3138 σοφιστῶν
1329 3068 1490 3123 declaratur

216 3143 260 3207 (cf.
281 3142 312 3196 0.
333 3160 379 3194 ιιι
398 3143 441 3209 ιο),
461 3140 556 3194 confer
575 3139 605 3195 O.
625 3159 656 3192 ru
674 3155 687 3194 a
705 3136 846 3211 φόρμιγγά
864 3160 894 3195 τε
912 3138 1113 3211 ποικιλόγαρυν
1131 3142 1180 3195 καλ
1199 3140 1271 3213 βοδιν
1289 3141 1381 3195 αὐλών
1401 3139 1490 3194 ἐπέων

215 3233 244 3268 τε
263 3213 346 3267 θέσιν
364 3245 400 3252 -
417 3217 460 3265 29.
481 3211 549 3274 Διὸς
567 3209 644 3265 ἰιιατι
663 3209 846 3282 σεβιζόμενοι,
868 3212 943 3281 quod
961 3212 1059 3266 heroes
1078 3212 1143 3266 Iove
1161 3211 1216 3266 orti
1235 3212 1393 3282 (διογενεῖς)
1411 3213 1489 3279 eunt3

216 3286 255 3339 sic
274 3284 348 3338 enim
367 3282 547 3353 interpretari
571 3281 646 3336 malo
665 3299 750 3406 paam
770 3283 838 3346 Διὸς
857 3281 934 3337 ἕκατι
953 3300 1015 3336 cnm
1035 3292 1180 3352 σοφισταῖς
1197 3279 1357 3407 πρόσμαλσν
1376 3282 1489 3336 coniun-

215 3374 280 3427 gere
300 3356 381 3410 etde
401 3354 537 3409 facultate
555 3353 646 3424 poetis
686 3352 801 3407 ivinitus
824 3354 901 3409 facta
920 3355 1046 3424 accipere
1065 3388 1099 3394 —
1118 3360 1160 3408 31.
1183 3355 1266 3409 Οἰνεΐ
1281 3373 1323 3407 αι·
1347 3352 1490 3424 Meleager

216 3429 331 3497 eiusque
355 3427 456 3480 fratres
479 3425 583 3479 honore
607 3424 769 3478 afficiuntur
790 3457 820 3464 -
840 3430 883 3480 33.
907 3425 937 3480 ἐν
955 3424 1054 3495 Ἄργει·
1079 3443 1135 3479 non
1158 3425 1188 3479 in
1210 3426 1280 3480 urbe
1299 3425 1372 3492 sola,
1392 3425 1441 3479 scd
1460 3425 1490 3478 in

216 3503 276 3553 toto
291 3516 359 3567 agro
374 3499 487 3567 Argivo,
504 3495 730 3564 quandoquidem
745 3511 863 3567 regnum
876 3496 1019 3566 Tirynthia
1035 3499 1064 3551 et
1077 3497 1266 3565 Mycenarum,
1281 3514 1338 3551 non
1352 3499 1490 3566 Argorum

216 3572 332 3624 Perseus
347 3569 415 3622 olim
429 3566 576 3621 obtinebat
591 3598 624 3607 -
639 3571 681 3621 84.
699 3566 824 3640 Οἰνώνᾳ·
839 3570 932 3621 vetere
947 3568 1000 3622 hoc
1014 3567 1125 3621 nomine
1140 3567 1250 3621 insulae
1266 3566 1390 3638 Aeginae
1405 3573 1490 3636 pocta

217 3642 302 3695 etiam
322 3640 356 3694 Ne
371 3654 444 3691 vmr
464 3654 531 3691 usne
550 3639 605 3703 eet;
625 3637 723 3692 eadem
743 3637 870 3708 Oenopia
888 3639 908 3693 Ι,
923 3657 972 3691 vm
991 3655 1015 3693 er
1035 3638 1138 3693 dicitur
1157 3670 1191 3679 -
1210 3645 1252 3691 37.
1269 3637 1406 3707 Ἡρακλῆι·
1422 3635 1491 3706 πρό-

216 3732 306 3779 τερον,
322 3710 464 3777 Telamon,
484 3710 536 3763 σὺν
551 3706 707 3777 Ἀτρείδαις,
722 3708 794 3762 Aiax
812 3712 896 3777 atque
910 3709 1026 3778 Teucer,
1047 3711 1166 3764 eandem
1184 3709 1354 3763 sententiam
1369 3709 1490 3763 artifices

216 3782 315 3852 templi
335 3780 493 3851 Aeginetici
515 3780 658 3835 Minervae
677 3779 765 3834 secuti
784 3784 982 3851 tympanorum
1003 3780 1032 3834 in
1056 3781 1145 3834 altero
1168 3797 1292 3850 pugnam
1316 3779 1444 3835 Herculis
1463 3783 1493 3834 et

217 3852 389 3920 Telamonis,
413 3852 443 3905 in
466 3851 556 3906 altero
578 3868 703 3922 pugnam
721 3851 816 3906 Aiacis
840 3854 869 3906 et
887 3851 986 3906 Teucri
1010 3855 1107 3906 contra
1125 3851 1262 3906 Troianos
1285 3854 1438 3921 posuerunt
1458 3881 1490 3891 -

218 3930 259 3980 38.
283 3923 419 3978 πεδόθεν·
445 3926 572 3978 veterum
594 3922 843 3993 grammaticorum
867 3922 918 3977 alii
943 3922 995 3978 ἀπ’
1016 3925 1115 3993 ἀρχῆς,
1139 3922 1190 3976 alii
1216 3921 1262 3976 ἐπ’
1284 3920 1398 3984 εὐθείας
1424 3921 1492 3976 ὀδοῦ

217 3998 266 4050 καὶ
291 3994 330 4050 δι’
352 3995 457 4065 ὁμαλοῦ
483 3994 749 4065 interpretabantur.
791 3994 897 4048 Harum
922 3995 1185 4064 interpretationum
1210 3993 1333 4064 priorem
1357 3993 1413 4046 huc
1436 4009 1491 4047 non

217 4067 365 4138 pertinere,
379 4066 436 4120 iam
451 4084 485 4121 ex
501 4084 534 4121 eo
553 4069 678 4148 apparot,
698 4065 774 4134 quod
793 4064 822 4118 in
841 4081 876 4119 ea
894 4082 966 4134 quae
985 4064 1112 4135 sequitur
1130 4067 1210 4135 parte
1230 4063 1361 4119 carminis
1381 4080 1399 4117 a
1416 4064 1491 4146 prin-

218 4138 292 4208 cipio
312 4154 403 4192 rerum
441 4141 505 4191 oeta
523 4141 679 4191 orationem
697 4152 754 4190 non
772 4135 874 4207 incipit
891 4153 981 4204 neque
995 4135 1108 4191 omnino
1123 4135 1352 4206 chronologicum
1366 4135 1493 4189 ordinem

218 4213 318 4264 servat.
356 4156 439 4262 Illudp
450 4211 544 4261 autem
563 4207 720 4275 quaeritur,
741 4209 836 4260 utrum
854 4206 979 4261 πεδόθεν
999 4207 1060 4277 ‘per
1079 4210 1207 4277 apertum
1226 4208 1368 4277 campum’
1390 4205 1493 4272 valeat,

218 4281 357 4350 quomodo
380 4279 516 4332 Homerus
539 4275 649 4331 πεδίοιο
672 4281 788 4332 δίεσθαι
806 4277 849 4346 (Il.
869 4297 936 4330 xxm
954 4282 1003 4347 ιιι)
1021 4282 1051 4332 et
1068 4277 1179 4333 aedicto
1197 4280 1310 4332 διώκειν
1329 4278 1370 4346 (Il.
1389 4296 1439 4333 xm
1458 4280 1494 4345 οι)

218 4354 302 4420 (lixit,
327 4369 364 4405 an
386 4353 418 4403 ut
436 4349 471 4402 de
490 4349 575 4403 humo
593 4348 623 4402 in
642 4348 732 4402 altum
749 4349 850 4404 tendat
861 4352 952 4419 poeta
970 4367 1000 4403 se
1019 4353 1207 4418 commoneat,
1231 4349 1277 4402 cni
1300 4348 1384 4404 alteri
1408 4349 1493 4402 inter-

218 4423 370 4495 pretationi
393 4421 436 4474 ris
460 4419 656 4475 adverbiorum
679 4420 709 4475 in
732 4452 765 4461 -
788 4425 844 4476 θεν
866 4419 958 4491 magis
982 4421 1060 4475 favet
1077 4453 1112 4461 —
1131 4426 1173 4475 38.
1193 4423 1246 4476 σὺν
1262 4419 1415 4489 Ἀτρείδαις
1434 4419 1493 4474 scil.

220 4494 378 4566 ἑσπόμενοι·
398 4492 432 4548 cf.
447 4493 528 4547 Hom.
543 4509 582 4548 ιιε
599 4493 650 4546 σὺν
669 4489 696 4545 δ’
719 4490 806 4546 εἵπετ’
824 4489 970 4554 Ὀδυσσεύς
994 4524 1026 4532 -
1050 4498 1083 4546 39
1098 4510 1134 4548 ss.
1157 4492 1387 4562 interrogationis
1412 4492 1494 4562 signa

219 4571 283 4638 post
306 4564 467 4637 χαλκοάραν
489 4567 519 4619 et
541 4563 643 4635 ὄχθαις
668 4563 762 4633 posui,
788 4567 821 4618 nt
845 4566 923 4618 recta
949 4563 1074 4618 oratione
1130 4566 1207 4618 etam
1225 4563 1268 4618 uti
1287 4563 1440 4617 indicarem
1461 4595 1492 4603 —

219 4646 260 4693 39.
281 4637 315 4691 de
335 4636 355 4690 C
376 4654 428 4691 cno
447 4639 476 4690 et
494 4636 642 4690 Memnone
660 4634 694 4689 cl.
711 4635 742 4690 0.
756 4653 778 4687 11
796 4651 829 4689 ao.
858 4634 1011 4704 Telephum
1030 4633 1061 4687 in
1108 4634 1171 4704 ysia
1190 4635 1227 4689 ad
1245 4634 1360 4690 Caicum
1378 4634 1494 4688 fluvium

220 4711 256 4763 ab
275 4655 385 4762 AchilTe
405 4707 583 4761 vulneratum
601 4721 661 4761 esse
681 4708 779 4760 auctor
797 4704 960 4774 Cypriorum
980 4709 1156 4775 narraverat3
1175 4707 1210 4761 cf.
1230 4705 1260 4761 Ο.
1280 4726 1308 4759 rx
1327 4723 1360 4761 rr.
1389 4704 1495 4759 Eodem

219 4781 248 4832 in
271 4780 395 4833 carmine
414 4778 550 4847 Cycnum,
576 4775 701 4847 Neptuni
727 4775 830 4844 filium,
857 4793 921 4830 cum
939 4775 1061 4830 Graecos
1080 4777 1201 4832 Troiano
1224 4776 1300 4831 litori
1320 4775 1495 4847 appellentes

220 4854 339 4921 arceret,
360 4851 396 4904 ab
416 4848 525 4903 Achille
545 4848 668 4903 occisum
687 4864 747 4903 esne
765 4846 887 4903 relatum
905 4849 967 4902 erat
984 4879 1019 4887 —

1230 4937 1284 4991 aa*
