3406 5378
749 371 885 441 [ruma
904 374 949 441 X.]
1422 376 1487 440 309

211 539 308 615 Argos
331 540 421 614 poeta
445 538 611 617 transtulit,
634 542 670 597 ut
687 539 936 616 Amphitryonem
960 542 1107 620 Argivum
1131 561 1193 603 esse
1217 543 1343 622 fingeret
1367 538 1407 623 (v.
1429 540 1486 625 13),

211 631 279 703 post
306 629 446 704 Mycenas
476 646 593 687 eversas
621 647 782 706 omnesque
810 648 881 706 opes
907 631 1038 709 Argivae
1069 635 1165 692 terrae
1195 633 1226 691 in
1256 633 1360 693 urbem
1388 636 1486 712 Argoa

211 716 336 775 collatas
359 717 415 775 hoc
438 736 557 776 carmen
581 717 724 794 scriptum
747 737 809 778 esse
834 723 1063 797 argumentatus
1087 725 1140 781 est.
1182 722 1264 783 Idem
1288 723 1485 799 compositum

211 824 272 864 esse
297 808 460 882 antequam
481 806 587 883 Argivi
606 807 834 866 Atheniensium
857 808 930 867 socii
953 809 1026 869 facti
1045 810 1201 870 Boeotiam
1220 811 1403 890 invaderent,
1419 813 1440 893 i.
1461 833 1485 873 c.

210 899 280 954 ante
299 895 403 954 foedus
422 895 500 953 inter
517 895 651 954 Athenas
672 899 703 954 et
721 896 818 974 Argos
839 895 884 955 Ol.
905 899 955 974 80,
977 901 995 957 3
1015 898 1118 975 ictum,
1138 920 1172 958 ex
1191 920 1226 960 eo
1245 899 1383 977 efficitur,
1404 902 1484 977 quod

210 983 391 1062 Argivorum
424 983 511 1043 rebus
544 984 649 1043 eximie
681 989 771 1061 poeta
803 985 834 1042 in
865 985 921 1046 hoc
954 987 1083 1047 carmine
1112 990 1200 1048 favet.
1257 990 1321 1049 Iam
1351 1009 1420 1049 curn
1451 1010 1485 1049 ex

210 1092 297 1132 versu
317 1084 350 1131 29
370 1076 527 1150 appareat,
552 1093 611 1150 quo
635 1077 768 1149 tempore
791 1074 847 1134 hoc
870 1094 988 1134 carmen
1013 1081 1177 1156 caneretur,
1203 1076 1375 1155 Olympicos
1398 1079 1485 1139 ludos

209 1162 270 1220 iam
289 1163 553 1240 appropinquasse,
573 1162 689 1221 natales
708 1163 847 1223 carminis
865 1165 998 1240 proxime
1018 1169 1086 1225 ante
1107 1164 1152 1226 Ol.
1170 1171 1208 1226 79
1230 1171 1285 1226 aut
1304 1170 1346 1228 80
1361 1193 1404 1215 =
1419 1171 1482 1227 465

209 1255 265 1309 aut
288 1254 348 1311 461
373 1271 397 1310 a.
419 1251 485 1311 Chr.
504 1251 656 1328 ponendos
680 1270 742 1311 esse
766 1252 911 1313 existimo.
948 1254 1026 1315 Huic
1046 1257 1148 1314 autem
1169 1257 1296 1332 tempori
1320 1257 1393 1316 hene
1417 1276 1484 1317 con·

209 1340 299 1418 venit,
319 1341 399 1416 quod
418 1343 448 1399 et
467 1343 678 1419 argumentum
700 1345 730 1400 et
753 1341 909 1418 dispositio
933 1343 1022 1402 huius
1046 1345 1185 1403 carminis
1209 1347 1306 1404 multa
1329 1365 1398 1406 cum
1421 1365 1483 1405 car·

208 1429 287 1488 mine
312 1429 430 1507 O.x111,
453 1429 534 1506 quod
557 1432 666 1488 a464
691 1429 805 1489 facturn
829 1450 891 1490 esse
915 1437 1041 1508 constat,
1066 1434 1234 1493 communia
1258 1434 1357 1495 habet.

301 1519 336 1576 In
354 1518 505 1595 prooemio
525 1521 614 1594 poeta
632 1523 793 1595 postquam
814 1520 942 1598 Gratias,
961 1525 995 1579 ut
1013 1522 1111 1581 Danai
1134 1522 1238 1581 urbem
1262 1523 1483 1584 celeberrimam

213 1612 360 1686 canerent,
376 1607 534 1686 invocavit,
548 1607 679 1684 primum
695 1608 851 1683 potissima
865 1609 970 1670 decora
980 1611 1085 1690 Argivi
1104 1613 1169 1690 agii
1187 1612 1360 1672 summatim
1375 1613 1483 1691 tangit,

211 1697 407 1773 Herculisque
431 1696 512 1754 fama
535 1699 604 1772 post
627 1697 744 1757 labores
769 1698 799 1756 in
823 1699 938 1757 caelum
961 1700 1071 1776 recepti
1096 1703 1126 1760 et
1149 1701 1320 1761 dulcissimo
1343 1702 1482 1780 coniugio

212 1788 355 1845 luventae
372 1786 497 1844 fruentis
511 1785 616 1862 utitur,
627 1789 663 1843 ut
677 1786 772 1845 simile
786 1786 923 1847 laborum
937 1790 1103 1864 praemium
1117 1789 1223 1849 victori
1238 1790 1340 1850 iuveni
1355 1810 1483 1869 augure-

212 1881 262 1934 tur
286 1870 411 1957 (1—18).
458 1876 492 1933 In
516 1875 612 1934 altera
633 1875 773 1952 pericopa
797 1868 934 1957 (stropha
957 1878 1146 1955 antistropha
1169 1880 1271 1957 epodo,
1295 1900 1341 1940 vv.
1363 1874 1482 1961 19-36)

212 1966 322 2024 Theaei
345 1965 488 2023 virtutem
511 1964 542 2022 in
566 1963 644 2023 ludis
666 1963 801 2040 Pythicis
823 1965 972 2025 Isthmicis
995 1967 1151 2027 Nemeaeis
1170 1969 1401 2028 Atheniensibus
1422 1970 1482 2028 iam

211 2054 434 2131 comprobatam
447 2056 478 2112 et
491 2073 560 2112 mox
573 2053 604 2111 in
615 2052 779 2129 Olympicis
793 2054 1042 2130 comprobandam
1057 2059 1207 2131 praeclare
1222 2058 1328 2117 laudat
1337 2052 1481 2139 (19—36).

212 2144 325 2202 Deinde
349 2143 381 2201 in
404 2142 493 2201 tertia
516 2143 655 2218 pericopa
678 2142 805 2201 maiores
824 2142 934 2200 Theaei
956 2147 1106 2204 maternos
1129 2146 1220 2205 simili
1243 2148 1340 2224 gloria
1363 2147 1481 2207 victori·

211 2252 296 2290 arum
320 2233 485 2290 multarum
508 2231 642 2290 floruisse
665 2234 781 2308 narrat,
805 2231 884 2307 quod
904 2251 968 2307 ¹non
990 2234 1099 2292 mirum
1122 2254 1208 2311 posse
1231 2235 1337 2314 videri,
1362 2236 1481 2313 quando

212 2321 408 2397 Tyndaridae,
429 2320 481 2396 qui
500 2320 630 2378 athletae
650 2319 807 2379 clarissimi
825 2320 938 2379 fuerint
956 2324 987 2378 et
1004 2321 1144 2382 ludorum
1167 2324 1379 2383 certaminibus
1398 2344 1481 2401 prae-

212 2411 280 2487 sint,
299 2429 317 2468 a
336 2409 496 2485 Pamphae,
515 2428 575 2468 uno
594 2428 630 2467 ex
648 2407 811 2468 maioribus
830 2409 948 2487 Theaei,
967 2410 1095 2486 hospitio
1115 2413 1230 2488 excepti
1254 2414 1314 2471 sint
1337 2407 1481 2495 (al—54).

212 2500 278 2558 Huc
308 2498 436 2558 deducta
466 2498 599 2558 oratione
630 2497 661 2556 in
691 2497 808 2556 duabus
838 2497 976 2557 extremis
1005 2499 1152 2576 pericopis
1198 2496 1316 2581 55—90)
1347 2502 1482 2562 fabulam

212 2588 344 2649 Castoris
368 2591 398 2647 et
421 2587 553 2647 Pollucis
580 2589 696 2665 narrat,
727 2606 855 2663 quorum
878 2606 947 2646 cum
969 2606 1047 2646 unus
1071 2493 1206 2669 (tlastorb
1230 2591 1266 2648 ah
1289 2591 1481 2668 Apharetidis

211 2696 314 2738 caesus
332 2680 418 2755 esset,
437 2677 513 2736 alter
531 2668 668 2758 (Pollux)
687 2679 849 2753 postquam
866 2680 993 2735 mortem
1010 2677 1113 2736 fratris
1134 2676 1252 2753 Lynceo
1272 2683 1302 2738 et
1320 2681 1373 2739 Ida
1391 2681 1481 2740 inter·

210 2768 296 2826 fectis
319 2767 404 2825 ultus
427 2768 481 2845 est,
504 2784 565 2824 una
588 2785 655 2825 cum
679 2766 772 2824 fratre
796 2765 987 2826 dilectissimo
1006 2765 1163 2825 dimidium
1182 2769 1300 2844 tempus
1319 2770 1373 2828 sub
1393 2772 1480 2847 terra,

211 2856 368 2914 dimidium
391 2856 422 2913 in
446 2856 538 2931 caelo,
562 2873 653 2931 quam
676 2855 758 2913 solus
781 2874 835 2932 per
858 2874 943 2914 omne
966 2873 1074 2913 aarum
1098 2854 1275 2915 immortalis
1299 2857 1329 2915 in
1353 2856 1481 2936 Olpnnpo

210 2946 309 3005 vivere
328 2944 446 3004 maluit.
482 2944 530 3003 Ah
548 2945 604 3004 hac
627 2946 729 3004 autem
752 2945 856 3003 fabula
878 2963 936 3002 non
960 2943 1021 3001 iam
1045 2944 1083 3002 ad
1102 2944 1198 3023 Argos
1217 2945 1404 3008 Theaeumve
1423 2948 1481 3008 vic·

210 3039 303 3092 torem
328 3033 417 3109 redit,
448 3033 498 3092 sed
522 3052 617 3109 acque
640 3036 732 3109 atque
756 3033 785 3091 in
808 3032 938 3093 carmine
962 3032 998 3091 N.
1018 3051 1028 3090 1
1051 3034 1230 3094 suavissima
1253 3036 1348 3111 specie
1373 3037 1481 3095 amoris

210 3123 334 3181 fraterni
357 3142 474 3182 carmen
498 3121 621 3181 claudit.

752 3273 796 3340 De
819 3276 941 3342 metris.

299 3388 446 3449 Carminis
475 3387 565 3447 huius
592 3391 688 3446 metra
713 3388 845 3447 medium
873 3389 971 3449 locum
999 3389 1134 3448 obtinent
1162 3389 1240 3448 inter
1266 3409 1385 3467 gravem
1415 3390 1482 3449 sim·

210 3480 377 3555 plicitaiem
396 3477 592 3553 antiquorum
608 3476 772 3536 carminum
791 3477 1151 3556 dactyloepitriticorum,
1170 3478 1255 3537 velut
1272 3478 1304 3538 P.
1324 3497 1375 3537 xri.
1398 3480 1434 3538 N.
1454 3498 1482 3537 v.

211 3568 245 3629 Ο.
265 3587 309 3645 111,
328 3572 359 3626 et
376 3571 495 3646 gratam
516 3565 693 3626 varietatem
717 3567 910 3645 noviciorum,
934 3567 1018 3626 velut
1041 3564 1220 3628 O.vn.x111.
1244 3568 1280 3625 N.
1295 3587 1358 3625 vin.
1390 3568 1483 3637 Vetu-

209 3662 272 3717 stas
295 3657 427 3716 cernitur
449 3657 480 3713 in
504 3655 629 3715 servatis
649 3655 765 3715 duobus
784 3655 938 3714 elementis
956 3655 1235 3732 dactylo-epitritici
1255 3656 1401 3732 carminis,
1421 3656 1482 3732 epi·

210 3748 282 3806 trito
306 3746 371 3805 dico
395 3749 426 3805 et
449 3744 579 3821 tripodia
602 3743 762 3822 dactylica,
793 3744 937 3803 novitatis
965 3744 1098 3803 studium
1123 3744 1155 3802 in
1177 3763 1267 3803 cursu
1291 3764 1482 3804 numerorum

209 3837 254 3894 bia
278 3837 308 3894 in
332 3835 440 3894 ultimo
463 3853 551 3894 versu
579 3822 666 3910 epodi
693 3833 861 3909 interrupto
890 3836 921 3892 et
947 3833 979 3891 in
1001 3833 1147 3893 versiculo
1176 3833 1319 3909 acephalo
1342 3835 1481 3910 strophae

210 3924 379 4001 praemisso.
426 3923 572 4001 Strophae
596 3924 626 3982 et
649 3923 735 3999 epodi
758 3941 881 3997 procero
904 3941 993 3982 versu
1016 3925 1047 3981 et
1069 3922 1122 3999 qui
1145 3921 1384 4000 magnitudinem
1407 3926 1483 3981 cete·

210 4035 311 4075 rorum
338 4032 479 4073 versuum
506 4013 594 4090 longe
622 4016 742 4087 superet
769 4011 908 4071 similiter
940 4015 1030 4088 atque
1062 4011 1093 4068 in
1126 4011 1257 4070 carmine
1281 4009 1313 4070 O.
1334 4029 1376 4068 xri
1401 4011 1482 4068 clau·

209 4105 331 4162 duntur.
364 4103 429 4173 Quo
449 4107 581 4179 tempore
600 4104 631 4160 et
649 4101 736 4162 modo
754 4119 873 4160 carmen
893 4103 1047 4160 cantatum
1066 4100 1106 4158 sit
1123 4120 1192 4160 cum
1211 4103 1293 4159 certa
1311 4097 1483 4157 testimonia

210 4193 315 4269 desint,
335 4213 370 4251 cx
388 4189 626 4252 commemoratis
645 4190 736 4249 sacris
753 4189 878 4249 Iunonis
893 4182 934 4271 (v.
950 4200 993 4266 23,
1008 4189 1044 4248 cf.
1059 4208 1086 4247 v.
1103 4180 1150 4270 19)
1170 4192 1201 4247 et
1219 4187 1358 4247 laudibus
1376 4187 1482 4264 populi

210 4281 316 4359 Argivi
335 4281 481 4340 uberrime
505 4278 642 4338 tractatis
666 4279 867 4339 coniecturam
891 4279 986 4338 facere
1006 4277 1084 4355 licet,
1102 4277 1220 4353 publice
1240 4268 1282 4356 (v.
1297 4270 1345 4358 35)
1364 4296 1482 4336 carmen

209 4373 239 4430 in
260 4370 351 4430 sacris
371 4369 493 4429 lunonis
512 4368 620 4427 fidibus
639 4367 860 4428 succinentibus
879 4360 919 4448 (v.
939 4359 988 4447 21)
1007 4368 1163 4427 cantatum
1181 4385 1251 4426 esse.
1290 4368 1384 4442 Saepe
1404 4366 1481 4425 enim

209 4461 247 4519 ad
262 4458 390 4535 epinicia
409 4458 526 4534 publice
546 4457 662 4535 agenda
681 4457 906 4534 opportunitate
926 4456 1068 4515 feriarum
1082 4455 1209 4515 victores
1228 4456 1352 4533 eiusque
1371 4455 1482 4515 amicos

209 4569 280 4608 usos
303 4567 366 4607 esse
390 4547 596 4606 demonstrant
614 4546 746 4606 carmina
766 4546 799 4607 Ο.
814 4565 857 4606 111.
873 4564 911 4604 vr.
935 4545 968 4605 P.
983 4565 1009 4603 v.
1051 4546 1086 4603 In
1104 4563 1215 4622 pompa
1233 4565 1302 4604 vero
1322 4544 1483 4622 quominus

209 4658 327 4697 carmon
359 4657 377 4695 a
407 4635 555 4696 choreutis
585 4638 740 4695 cantatum
771 4654 833 4695 esse
863 4637 1046 4709 statuamus,
1076 4637 1171 4694 metra
1202 4633 1276 4691 nihil
1307 4634 1482 4711 impediunt,

209 4729 287 4787 unda
311 4728 341 4785 in
365 4726 515 4786 schemate
542 4723 688 4800 tripudias
710 4724 874 4800 dactylicos
898 4723 928 4781 in
952 4724 1099 4782 ambitum
1126 4723 1265 4782 binarum
1294 4723 1483 4799 dipodiarum

209 4817 408 4876 extendendas
431 4814 610 4874 curavimus.
