3406 5378
697 362 845 414 isinum
865 365 906 414 111
925 362 994 433 [er.
1412 360 1475 424 347

285 531 319 589 εί
337 547 387 600 τις
410 519 447 589 εὖ
470 526 567 610 όείπη
590 542 634 589 τι·
658 521 713 589 καὶ
735 525 930 613 πάγκαρπον
953 523 1006 592 ἐπὶ
1028 528 1136 613 χθόνα
1158 522 1213 591 καί
1238 525 1293 591 διὰ
1315 526 1394 591 πόν-
1445 541 1478 589 70

338 654 397 695 τον
419 629 558 717 βέβακεν

220 757 253 803 οο
287 738 458 824 ἐργμάτων
476 735 568 815 ἀκτίς
590 743 701 804 καλῶν
722 742 880 824 ἄσβεστος
902 742 975 806 αἰεί.

1281 900 1363 967 Ἀντ
1383 904 1403 966 δ
1408 899 1425 966 '.

287 1010 491 1093 προφρόνων
514 1012 650 1073 Μοισᾶν
672 1009 840 1094 τύχοιμεν,
863 1021 975 1074 κεῖνον
997 1011 1079 1087 ἅψαι
1102 1010 1231 1094 πυρσὸν
1254 1009 1369 1093 ὕμνων

288 1114 342 1180 καί
367 1118 539 1202 Μελίσσῳ,
561 1119 765 1201 παγκρατίου
789 1115 972 1201 στεφάνωμ’
1001 1115 1148 1199 ἐπάξιον,
1447 1133 1479 1183 75

208 1232 264 1291 (sal
289 1224 378 1307 ε”ρνειΙ
404 1221 589 1286 Τελεσιάδα.
634 1225 737 1309 τόλμμ
761 1223 823 1307 γάρ
847 1223 942 1298 εἰκὼς

288 1330 401 1412 θυμὸν
425 1326 636 1413 ἐριβρεμετᾶν
657 1335 777 1413 θηρῶν
800 1331 943 1395 λεόντων

222 1455 255 1501 65
288 1436 324 1502 ἐν
342 1438 448 1523 πόνῳ,
467 1445 565 1520 μῆτιν
585 1434 616 1500 δ’
637 1434 784 1520 ἀλώπηξ,
802 1438 914 1503 αἰετοῦ
933 1437 954 1502 ά
972 1435 1000 1502 τ’
1022 1436 1267 1522 ἀναπιτναμένα
1445 1456 1479 1503 80

341 1545 468 1629 ῥόμβον
490 1548 586 1627 ἰσχει·

287 1653 349 1736 χρη
374 1647 410 1716 δὲ
433 1659 499 1716 πᾶν
522 1652 662 1737 ἔρδοντα
685 1662 857 1736 μαυρῶσαι
881 1652 939 1716 τὸν
962 1652 1094 1738 ἐχθρόν.

288 1920 329 1984 οὐ
352 1919 414 2004 γάρ
438 1920 543 2003 φύσιν
561 1917 781 2004 Ὠαριωνείαν
804 1921 932 2003 ἔλαχεν·

210 2037 264 2103 (50l
289 2025 361 2094 ἀλλ’
387 2026 501 2103 ὀνοτὸς
524 2022 585 2110 μὲν
608 2024 756 2109 ἰδέσθαι,

290 2145 468 2218 συμπεσεῖν
491 2131 519 2198 δ’
548 2135 648 2220 αἰχμᾷ
671 2134 784 2217 βαρύς.

210 2300 421 2310 .-------

282 2407 324 2454 59.
343 2397 448 2454 πόντου
467 2398 537 2454 coni.
557 2397 652 2453 Naber
669 2396 773 2451 collato
793 2397 826 2451 N.
841 2417 870 2451 vr
887 2413 929 2464 αις
948 2399 979 2451 at
997 2399 1031 2452 cf.
1046 2418 1070 2452 v.
1087 2415 1112 2455 re
1132 2432 1164 2439 -
1185 2405 1226 2455 62.
1247 2398 1482 2469 στεφάνωμα...

211 2480 252 2527 65.
272 2472 384 2540 ἀλώπηξ
402 2470 447 2524 bis
467 2470 572 2540 scripta
589 2468 698 2523 suntin
712 2471 740 2525 B
753 2502 788 2509 —
803 2474 844 2524 63.
865 2468 946 2537 ἕρκει.
965 2469 1117 2545 Τελεσιάδα
1136 2475 1209 2540 τολμ.
1229 2470 1378 2525 nonnullos
1397 2469 1482 2525 inter-

209 2544 342 2615 punxisse
369 2544 509 2596 testantur
537 2540 644 2595 scholia
668 2573 700 2581 -
726 2538 812 2615 τόλμᾳ
831 2544 872 2610 (α)
887 2584 893 2595 .
909 2585 915 2595 .
932 2585 938 2595 .
953 2542 1048 2611 θυμόν
1075 2544 1103 2598 Β
1116 2543 1159 2598 D:
1187 2539 1291 2612 τόλμαν
1319 2540 1413 2612 ὅμοιος
1432 2586 1437 2596 .
1455 2587 1482 2596 ..

210 2621 292 2682 houd
307 2614 377 2669 coni.
392 2614 508 2682 Kayser,
522 2610 627 2683 τόλμαν
643 2655 648 2667 .
665 2656 670 2666 .
687 2655 692 2667 .
708 2616 790 2685 houd
804 2609 876 2666 coni.
890 2612 1021 2682 Hartung
1035 2644 1068 2653 —
1084 2619 1125 2668 64.
1144 2618 1244 2683 θηρῶν
1258 2613 1368 2682 Heyne:
1386 2617 1484 2682 θηρᾶν

210 2671 304 2753 aad,
327 2689 405 2760 θηρᾷ
429 2684 549 2738 ararum
572 2683 709 2738 senorum
733 2715 766 2724 -
790 2688 831 2738 ec.
858 2683 917 2738 κει
940 2681 1020 2752 aaa
1041 2685 1195 2740 aemam
1219 2684 1422 2751 verisimilium
1448 2685 1483 2740 cf.

211 2759 241 2813 O.
260 2778 281 2811 11
300 2775 326 2814 ea
345 2789 377 2797 —-
397 2756 516 2825 ἔρδοντα
534 2775 616 2826 μανρ.
631 2754 756 2811 Boeckh:
776 2753 887 2823 ἔρδοντ’
903 2755 998 2826 ἀμαορ
1015 2756 1096 2813 codd.
1118 2789 1149 2797 -
1170 2761 1211 2811 69.
1232 2756 1318 2832 αἰχμᾷ
1333 2756 1429 2827 (αἰχμά
1444 2756 1485 2825 1))

211 2831 280 2898 BD,
301 2831 377 2904 ἀκμᾷ
395 2827 466 2882 coni.
485 2827 572 2882 Pauvv
590 2859 626 2868 -

283 2978 324 3026 59.
351 2967 382 3025 εὖ
406 2970 470 3042 είτη
495 2972 592 3024 ornate
611 2973 721 3024 etcum
740 2969 851 3041 poetico
870 2969 969 3024 decore
988 2969 1078 3036 dicat;
1102 2968 1237 3025 ridiculus
1257 2969 1332 3025 enim
1350 2973 1437 3039 esset,
1461 2970 1485 3024 si

211 3043 345 3112 quicquid
368 3040 398 3095 in
421 3042 533 3095 laudem
556 3041 690 3110 cuiusque
714 3041 864 3109 diceretur,
888 3058 1008 3110 perenne
1031 3057 1091 3096 esse
1115 3044 1290 3096 asseveraret
1313 3074 1347 3082 -
1367 3039 1486 3115 βέβακεν

212 3115 268 3168 vim
292 3112 438 3184 praeteriti
460 3112 616 3186 praesentis
639 3112 738 3180 habet,
765 3116 797 3166 ut
819 3112 927 3182 ἕχνωκα
950 3112 1117 3182 τεδαάμακα
1141 3108 1206 3167 οἰδα
1230 3144 1263 3153 -
1287 3114 1367 3177 ἀκτίς
1384 3117 1485 3182 καλῶν,

211 3187 258 3239 lux
278 3184 467 3256 pulchrorum,
487 3186 519 3238 ut
536 3183 565 3237 P.
580 3203 609 3237 11
627 3200 653 3237 ιο
671 3184 689 3236 ἀ
709 3184 787 3238 ὡνων
806 3181 891 3247 ἀκτίς.

285 3263 326 3310 61.
343 3273 361 3309 a
375 3254 572 3324 Cleonymidis‚
591 3204 744 3309 maioribus
763 3254 879 3323 Melissi,
898 3255 934 3307 ad
953 3253 1099 3309 Melissum
1117 3255 1127 3309 i
1148 3273 1209 3309 sum
1229 3255 1310 3322 redit,
1329 3257 1425 3311 Musas
1444 3256 1486 3310 in·

212 3346 324 3395 vocans,
343 3330 375 3380 ut
394 3327 484 3381 facem
503 3326 669 3395 hymnorum
688 3325 743 3379 sibi
762 3327 918 3380 accendant
932 3356 965 3365 —
980 3335 1082 3396 κεῖνον,
1101 3275 1197 3393 teiam,
1215 3329 1328 3396 qualem
1347 3327 1414 3381 olim
1431 3327 1486 3382 Ho-

212 3417 304 3454 merus
324 3398 405 3452 Aiaci
430 3397 567 3453 accendit.
604 3399 693 3452 Acute
719 3399 813 3451 autem
839 3396 982 3451 Disaenius
1009 3402 1104 3452 monet
1128 3398 1274 3468 pulchram
1300 3399 1373 3453 hanc
1399 3403 1486 3454 meta·

212 3472 331 3541 phoram
349 3469 441 3539 magis
460 3469 547 3523 etiam
565 3468 685 3539 placere,
705 3469 729 3523 si
748 3484 859 3522 carmen
877 3468 906 3521 in
919 3469 1080 3538 vespertina
1094 3469 1292 3524 comissatione
1306 3470 1399 3540 gentis
1414 3471 1488 3526 inter

214 3544 288 3597 faces
313 3541 443 3596 ardentes
466 3542 611 3594 cantatum
635 3557 695 3595 esse
724 3541 881 3594 statuamus
907 3572 943 3580 -
969 3546 1010 3594 62.
1038 3538 1214 3611 παγκρατίου
1242 3540 1422 3612 στεφάνωμα·
1451 3542 1486 3598 cl.

215 3615 277 3666 llur.
297 3614 378 3668 Herc.
397 3627 437 3667 ata
455 3610 624 3681 στεφάνωμα
643 3611 759 3682 μόχθων
784 3642 818 3651 -
845 3616 887 3666 63.
916 3611 1069 3666 Τελεσιάδα
1091 3613 1194 3681 patris,
1218 3615 1250 3666 ut
1273 3613 1396 3678 videtur;
1424 3630 1487 3683 pro·

213 3685 333 3754 prietate
362 3687 456 3738 autem
483 3682 605 3737 nominis
633 3681 738 3753 proprii
766 3681 870 3738 solutio
897 3682 999 3754 longae
1027 3683 1133 3752 dactyli
1162 3683 1191 3737 iu
1217 3683 1287 3737 duas
1315 3685 1413 3739 breves
1442 3702 1487 3738 ex·

214 3759 328 3809 cusatur
347 3787 379 3795 —
399 3760 441 3809 64.
465 3758 565 3823 θηρῶν
587 3752 719 3817 λεόντων,
742 3754 864 3808 ferarum
887 3753 1011 3821 leonum,
1035 3757 1068 3808 ut
1089 3754 1180 3824 θηρὸς
1202 3754 1313 3818 λέοντος
1332 3755 1404 3809 dixit
1423 3756 1486 3810 Eur.

213 3829 293 3881 Herc.
308 3843 356 3894 sea,
370 3830 449 3893 θῆρα
463 3824 562 3880 λέοντα
576 3825 755 3896 Epimenides
770 3842 814 3896 ap.
829 3823 938 3879 Aelian.
953 3824 1018 3880 hist.
1034 3843 1079 3880 an.
1092 3845 1130 3878 mr
1145 3842 1170 3887 ις
1185 3826 1288 3880 temere
1303 3827 1389 3881 verba
1403 3830 1488 3897 poeta

212 3898 333 3965 traiecit,
348 3901 380 3951 ut
393 3895 513 3952 λεόντων
527 3914 590 3951 cum
604 3895 698 3972 τόλμᾳ,
713 3914 769 3951 non
783 3914 846 3951 cum
860 3897 955 3966 θυμὸν
970 3896 1102 3985 coniungi
1116 3895 1203 3950 vellet
1214 3928 1246 3936 -
1262 3903 1304 3952 65.
1320 3899 1432 3966 ἀλώπηξ
1445 3942 1450 3951 .
1463 3941 1486 3952 ..

216 3970 296 4038 iazer*
318 3968 416 4024 schol:
437 3966 560 4023 ἐοικέναι
578 3970 665 4037 φησὶν
683 3970 814 4037 άλάπεκι,
834 3966 893 4037 ἥτις
911 3969 1114 4037 άνακεκλιμενη
1134 3965 1219 4022 ὑπτία
1236 3969 1306 4036 πρὸς
1324 3969 1356 4022 τό
1376 3968 1489 4039 ἑτοίμως

214 4037 739 4166 tllttlt‘’st’tttttttttt't
755 4037 1489 4176 {tlt&ht‘2⁰ttttltltltt⁶tt⁰⁹ttt

215 4182 297 4254 τέχνη
317 4180 502 4252 νενικηκότος.
538 4181 716 4253 Comparatio
734 4181 827 4253 vulpis
845 4131 916 4237 biiii
936 4131 1156 4237 accim‘inodari
1166 4185 1210 4236 est
1227 4183 1322 4252 generi
1341 4131 1488 4252 paiicratii,

213 4274 268 4323 quo
294 4255 331 4307 ad
354 4256 507 4308 extremum
533 4253 663 4308 reclinati
681 4252 881 4336 (ὑπτιάζοντες)
904 4257 933 4308 et
955 4252 1033 4307 humi
1059 4270 1088 4307 se
1111 4253 1256 4308 volventes
1274 4252 1489 4324 (κυλινδόμενοι)

215 4325 407 4380 adversarium
431 4324 643 4394 impugnabant.
682 4325 818 4380 Similiter
841 4327 928 4379 etiam
950 4325 1024 4378 infra
1042 4343 1068 4379 v.
1087 4342 1113 4380 es
1131 4324 1248 4378 verbum
1270 4323 1428 4392 λακτίζοισα
1452 4326 1489 4381 ab

215 4399 267 4450 hoc
287 4412 388 4466 genere
406 4395 555 4465 pancratii,
574 4413 629 4465 quo
649 4396 779 4451 Melissus
798 4395 900 4450 vicisse
918 4396 1038 4463 videtur,
1058 4399 1199 4519 sumptum
1217 4399 1268 4450 est.
1300 4396 1403 4452 Contra
1422 4397 1489 4452 Otto

213 4468 321 4533 Keller,
350 4466 400 4521 Die
426 4466 506 4520 Tiere
533 4467 582 4520 des
608 4467 693 4523 klass.
713 4468 813 4522 Altert.
833 4486 859 4538 p.
879 4485 931 4535 ιω,
958 4485 984 4522 u.
1003 4466 1099 4522 Jahrb.
1133 4466 1192 4522 .cl.
1212 4467 1283 4523 Phil.
1305 4474 1373 4523 1885
1395 4470 1421 4524 S.
1441 4486 1489 4536 lea,

215 4536 1360 4680 litt“tzt.l¹²1.⁶t⁷:;‘ttzt..ffltilt0tl³ttatlmaltttht⁸⁰¹³⁸
1368 4558 1490 4664 dmm*

215 4730 218 4737 .
238 4729 242 4736 .
261 4729 265 4735 .
282 4654 399 4752 ἐχθρόν·
420 4679 558 4752 generalis
579 4682 719 4735 sententia
738 4684 770 4736 ut
788 4699 872 4752 saepe
887 4699 905 4736 a
919 4681 1040 4735 Pindaro
1055 4681 1149 4736 media
1167 4682 1325 4736 laudationi
1342 4633 1490 4736 intericiiii

215 4758 270 4820 (εἰς
291 4754 325 4808 cf.
345 4754 374 4806 P.
394 4772 425 4805 111
445 4770 470 4806 ιο
492 4784 525 4792 -
550 4758 592 4806 67.
609 4750 800 4820 Ὠαριωνείαν,
824 4753 911 4835 longa
932 4753 1024 4807 forma
1041 4753 1162 4807 nominis
1185 4771 1328 4823 proceram
1353 4756 1491 4807 staturam

216 4826 326 4879 Orionis
346 4823 488 4896 significat
508 4856 539 4863 -
560 4829 602 4878 69.
622 4824 708 4898 αἰχμᾷ
727 4841 782 4878 non
802 4823 859 4878 iam
879 4842 908 4878 m
926 4826 1002 4899 ἀκμᾷ
1022 4823 1160 4894 corrigere
1179 4841 1264 4878 ausus
1283 4842 1345 4878 sum
1364 4825 1400 4878 ob
1415 4824 1490 4878 simi-

214 4898 270 4951 lem
290 4897 346 4951 vim
365 4894 587 4966 metaphoricam
605 4894 736 4950 vocabuli
755 4895 857 4967 αἰχμᾶς
874 4895 904 4951 in
921 4895 1021 4952 Aesch.
1041 4894 1140 4966 Agsm.
1155 4912 1195 4951 sea
1214 4899 1243 4951 et
1262 4894 1383 4966 Ghoeph.
1399 4911 1438 4951 seo
1458 4927 1490 4935 -
