3406 5378
423 386 446 441 Ι.
474 389 523 437 DE
543 386 735 438 CODIOIBUS
755 387 1005 451 SUBSIDIISQUE
1025 387 1186 440 carmela.
1412 386 1449 440 IX

174 549 206 615 V
258 581 299 603 =
320 547 487 614 Parisinus
508 549 594 614 2403
624 570 705 613 saec.
729 546 810 613 XIII
828 571 889 633 en,
920 550 1064 614 continet
1091 548 1241 634 Olympia
1271 554 1304 613 et
1330 548 1451 633 Pythia

259 662 292 721 et
315 654 408 721 Nem.
428 674 522 719 1-1v
541 658 583 721 68
609 661 641 721 et
664 674 700 719 vl
719 657 851 722 33-44
880 678 953 721 cum
976 656 1109 722 scholiis
1132 655 1301 721 Vaticanis
1325 656 1449 740 mixtis3

259 785 298 828 ex
316 764 351 827 E
370 762 605 847 interpolatum
629 786 702 827 enm
726 784 796 827 esse
819 763 913 828 docet
931 762 966 828 P.
980 781 1017 826 rx
1034 765 1091 848 10,
1115 768 1273 850 cognatus
1297 767 1348 829 est
1366 763 1449 828 codi-

259 870 350 936 cibus
374 869 560 936 Thomanis.
946 931 948 935 ,

258 976 488 1041 :Parisinus
512 978 598 1042 2709
632 999 713 1041 saec.
737 976 808 1059 XV,
841 977 986 1042 continet
1019 977 1171 1062 Olympia
1202 982 1235 1042 et
1266 976 1385 1062 Pythia
1417 982 1450 1042 et

203 1107 205 1112 ·
258 1083 530 1168 Nem.1—1v683
552 1106 591 1148 ex
610 1085 677 1149 cod.
694 1084 726 1148 V
739 1085 929 1149 descendere
948 1084 1088 1168 videtur,
1107 1085 1162 1149 sed
1181 1085 1338 1168 quaedam
1356 1107 1450 1170 pecu·

258 1190 353 1255 liaris
371 1190 478 1255 habet.
510 1190 665 1256 Eiusdem
680 1190 822 1256 familiae
837 1196 889 1256 est
908 1191 986 1255 Y=
997 1192 1065 1256 cod.
1079 1190 1179 1256 Paris.
1191 1177 1276 1256 2709
1292 1214 1372 1256 saec.
1387 1191 1450 1256 XV

260 1304 293 1362 et
316 1298 348 1363 Ζ
358 1329 400 1351 =
416 1296 554 1361 Vindob.
570 1298 612 1362 58
637 1320 718 1364 saec.
734 1297 805 1383 XV,
828 1298 883 1383 qni
906 1298 972 1362 iam
996 1303 1064 1363 tam
1087 1321 1182 1383 saepe
1206 1304 1369 1364 correctus
1392 1304 1451 1384 est,

259 1411 297 1470 ut
325 1404 531 1489 interpolatis
554 1406 687 1489 propior
710 1405 753 1469 sit
777 1428 874 1490 qnam
897 1406 1068 1470 veteribus.

705 1568 762 1575 --
765 1570 771 1573 -
774 1569 917 1576 ——m-

176 1674 248 1757 Byr.
264 1704 305 1726 =
321 1671 481 1736 Thomani
501 1677 534 1737 et
547 1671 772 1757 Moschopulei
786 1678 819 1738 et
832 1671 1021 1738 Tricliniani
1036 1673 1176 1757 codices,
1195 1695 1214 1736 a
1230 1672 1451 1758 grammaticis

260 1780 333 1844 istis
367 1778 556 1862 Byzantinis
588 1779 778 1863 interpolati
811 1802 986 1864 eorumque
1020 1780 1152 1844 scholiis
1184 1778 1352 1862 instrueti3
1384 1799 1452 1842 cor-

261 1891 408 1951 recturae
431 1884 681 1970 Moschopuleae
706 1892 738 1950 et
757 1886 971 1952 Triclinianae
995 1887 1168 1951 maximam
1193 1890 1320 1972 partem
1344 1884 1451 1949 metri-

261 2016 316 2059 cae
332 1997 425 2056 sunt.

260 2154 314 2218 De
347 2153 585 2218 scholiorum
618 2155 816 2219 subsidiis.
862 2154 995 2220 Praeter
1027 2156 1152 2222 codices
1186 2155 1225 2219 ad
1257 2153 1452 2219 recensenda

171 2263 270 2328 verba
297 2265 412 2346 poetae
441 2261 564 2325 scholia
592 2266 625 2326 et
652 2266 793 2327 veterem
822 2262 1050 2348 paraphrasin,
1077 2267 1114 2326 ut
1141 2284 1223 2346 quae
1251 2283 1317 2326 non
1345 2260 1450 2325 solum

173 2367 337 2434 codicibus
365 2366 445 2452 ipsis
473 2369 530 2433 sed
559 2368 657 2432 etiam
680 2370 769 2434 fonte
794 2392 906 2434 eorum
929 2371 1114 2454 antiquiora
1137 2370 1216 2451 sint,
1245 2368 1453 2435 adsciscenda

172 2498 243 2541 esse
272 2498 345 2540 cum
372 2475 493 2538 dudum
515 2475 718 2540 intellectum
742 2481 840 2560 esset,
869 2481 941 2541 tum
969 2500 989 2541 a
1011 2476 1148 2562 Lehrsic
1172 2476 1339 2560 praeclaro
1363 2475 1449 2539 libro

173 2582 233 2647 Die
252 2581 520 2646 Pindarscholien
539 2580 673 2668 (1873),
695 2583 781 2648 clara
803 2583 838 2646 in
856 2583 927 2647 luce
946 2583 1090 2668 positum
1110 2587 1168 2647 cst.
1206 2583 1320 2667 Itaque
1340 2593 1452 2646 ‘eorum

172 2711 300 2774 quoquc
337 2688 527 2753 testimonia
563 2690 602 2754 de
639 2690 817 2775 scripturae
854 2690 1072 2775 discrepantia
1112 2690 1279 2774 aliquanto
1316 2688 1452 2773 plenius,

173 2819 271 2881 quam
300 2819 319 2860 a
347 2795 570 2879 superioribus
598 2797 776 2863 editoribus
804 2798 928 2863 tactum
957 2803 1020 2882 est,
1047 2797 1082 2861 in
1105 2796 1314 2863 adnotatione
1339 2794 1452 2860 critica

173 2902 435 2986 commemoravi,
464 2926 661 2988 quamquam
682 2926 723 2968 ne
745 2905 780 2968 in
803 2903 1103 2970 Heimsoethiorum
1127 2903 1450 2990 Hartungiornmque

171 3010 253 3075 nihil
280 3032 348 3074 non
375 3032 413 3074 ex
443 3010 575 3076 scholiis
604 3010 802 3076 elicientium
830 3012 968 3095 ineptias
996 3012 1185 3095 inciderem,
1216 3033 1375 3076 summam
1399 3009 1451 3074 ad-

171 3116 264 3181 hibui
297 3117 489 3181 cautionem.
534 3115 572 3181 In
605 3116 803 3182 scholiorum
836 3122 945 3194 autem
977 3119 1174 3184 testimoniis
1202 3117 1371 3183 afferendis
1400 3139 1451 3181 me

173 3222 245 3287 aliis
270 3244 366 3306 quam
385 3222 593 3288 Boekhianac
613 3223 763 3288 editionis
783 3224 937 3289 subsidiis
956 3226 1005 3289 uti
1024 3248 1090 3290 non
1108 3225 1254 3310 potuisse
1274 3224 1451 3310 aegerrime

171 3329 253 3413 fero,
277 3328 431 3412 quoniam
454 3329 554 3393 editio
579 3330 775 3395 scholiorum
799 3337 951 3395 accurato
979 3336 1013 3396 et
1035 3332 1131 3417 pleno
1155 3337 1313 3418 apparatu
1337 3331 1450 3396 critico

171 3435 329 3500 instructa
355 3434 454 3500 etiam
477 3441 553 3521 post
571 3437 679 3502 Abelii
704 3459 835 3522 operam
859 3438 1084 3504 tenuissimam
1107 3440 1142 3503 in
1163 3439 1329 3503 desideriis
1348 3437 1451 3522 philo

172 3543 320 3629 logorum
344 3548 408 3626 est,
430 3565 533 3627 neque
557 3544 638 3608 mihi
659 3545 723 3629 ipsi
747 3545 842 3628 copia
865 3546 990 3611 codices
1013 3545 1207 3630 inspiciendi
1230 3545 1318 3610 facta
1341 3548 1399 3608 est.

261 3649 314 3714 De
338 3649 559 3715 dialecticis
583 3651 726 3716 formis.
769 3650 890 3715 Verum
915 3652 1014 3717 etiam
1038 3675 1136 3737 supra
1159 3652 1349 3716 memoriam
1368 3655 1452 3715 vete

172 3780 244 3821 rum
264 3756 550 3842 grammaticorum
570 3758 741 3823 ascendere
760 3758 855 3823 nobis
874 3759 952 3823 licet
964 3761 1105 3846 vestigia
1118 3757 1307 3823 Pindarieae
1323 3756 1451 3821 dialecti

173 3863 414 3947 scripturaeque
438 3865 555 3928 veteris
578 3866 721 3931 rationes
744 3866 976 3953 indagantibus
1005 3872 1038 3931 et
1065 3868 1105 3931 ad
1131 3887 1242 3931 eorum
1267 3864 1451 3949 analogiam

173 3971 328 4053 reliquam
350 3971 530 4035 orationem
549 3973 785 4038 revocantibus.
818 3973 926 4056 Atque
940 3974 1081 4058 primum
1095 3971 1254 4037 Pindarus
1270 3992 1450 4035 sermonem

173 4099 304 4140 sucrum
333 4077 538 4162 popularium
567 4085 696 4145 secutus
721 4080 951 4145 vocabulorum
975 4075 1015 4145 οὗ
1039 4070 1074 4144 οἷ
1094 4079 1114 4145 ἕ
1133 4076 1214 4156 ἅναξ
1237 4077 1370 4143 ἀνάσσω
1394 4077 1451 4141 ἁν-

173 4183 263 4248 δάνω
287 4182 354 4267 ἀχώ
380 4185 476 4249 §dosa
499 4187 628 4271 εἴδομαι
647 4182 735 4263 εἶδος
753 4192 857 4251 εἴκοσι
876 4184 1229 4262 reservassemus
1248 4182 1298 4270 (0.
1316 4182 1451 4271 x1114I)

172 4289 261 4354 ἕκατι
291 4288 381 4366 ἐλπίς
409 4294 499 4355 ἔοικα
527 4295 626 4378 ἔργον
651 4292 731 4379 ἐρέω
755 4291 805 4380 (Ρ.
823 4313 860 4360 1v
881 4292 959 4380 142)
983 4291 1072 4379 ἔρξαι
1096 4290 1215 4377 ἑσπέρα
1238 4291 1356 4376 troops
1380 4294 1451 4369 ἔτος

172 4391 258 4478 ἦθος
287 4394 434 4473 Ἰάλυσος
463 4395 581 4476 Ἰδαῖος
614 4401 699 4465 ἰδεῖν
732 4401 818 4478 ἴδιος
854 4401 942 4486 ἴδρις
976 4398 1116 4477 Ἰλιάδας
1154 4401 1307 4476 ι’όπλοκος
1343 4405 1452 4464 ἴσαντι

171 4502 301 4588 Ἰσθμός
335 4509 406 4579 ἴσος
431 4501 560 4582 Ἰωλκός
591 4502 666 4572 οῖδα
697 4501 786 4582 οἶκος
811 4505 928 4584 Ὼανός
959 4507 1123 4591 digammo
1150 4505 1269 4570 initiali
1296 4506 1344 4571 ita
1372 4528 1450 4570 usus

172 4614 236 4695 est,
259 4614 296 4673 ut
319 4615 393 4674 ante
417 4631 456 4673 ea
477 4632 590 4675 vocem
612 4614 647 4677 in
668 4614 813 4679 vocalem
837 4620 1008 4679 exeuntem
1031 4614 1192 4699 patienter
1216 4612 1330 4698 ferret,
1358 4613 1450 4678 cuius

172 4717 219 4780 rei
242 4715 389 4801 exempla
412 4716 492 4781 satis
516 4719 619 4783 multa
642 4725 797 4806 congesta
818 4720 920 4786 habes
943 4722 977 4786 in
1001 4720 1143 4806 Augusti
1162 4720 1307 4785 Heimeri
1327 4718 1450 4784 Studiis

173 4823 351 4889 Pindaricis
374 4824 408 4891 in
431 4823 525 4891 Actis
548 4826 634 4892 univ.
657 4826 838 4894 [lundensis
862 4851 882 4892 a
911 4829 992 4894 1885
1016 4832 1049 4895 et
1070 4828 1105 4892 in
1128 4850 1200 4895 meo
1223 4827 1349 4913 libello,
1379 4826 1450 4903 Bei-
