3406 5378
747 326 892 378 PINDARI
912 326 1079 378 EPlNlCIA.

816 485 860 552 De
881 487 1004 553 metris.

370 602 517 661 Carminis
540 601 630 659 huius
654 601 769 659 numeri
794 605 865 658 sunt
886 601 1031 678 paeonici,
1051 600 1198 675 aptissimi
1218 600 1263 658 illi
1283 601 1406 659 carmini
1426 601 1552 676 speciem

277 693 402 770 paeanis
420 690 560 750 referenti
580 694 610 748 et
629 710 647 748 a
665 690 753 750 choro
774 691 902 749 saltante
921 690 952 748 in
972 689 1093 748 Cameis
1117 690 1208 748 saeris
1230 690 1379 765 Apollinis
1403 690 1552 749 cantandi.

274 781 430 841 Pseonicis
460 779 637 855 creticisque
671 779 798 854 pedibus
832 779 970 855 dipodius
1004 779 1172 838 trochaicae
1204 798 1296 855 purae
1327 778 1358 838 et
1388 778 1551 838 choriambi

275 871 449 947 dactylique
478 869 581 945 cyclici
610 868 734 926 admixti
762 871 840 928 sunt.
885 868 1035 944 Ancipitis
1064 867 1197 944 syllabae
1225 888 1322 945 mora,
1349 871 1386 926 ut
1413 888 1490 944 quae
1514 868 1551 925 ab

274 959 432 1020 concitatis
450 958 582 1016 numeris
600 957 751 1033 paeonicis
771 958 938 1034 abhorreat,
957 958 1047 1016 semel
1067 959 1187 1015 tantum
1210 957 1241 1015 in
1260 977 1348 1017 versu
1367 969 1400 1016 93
1421 957 1550 1016 admissa

274 1053 328 1109 est.
355 1049 468 1109 Eodem
486 1047 625 1124 pertinet,
645 1048 725 1122 quod
743 1066 855 1123 pausae
875 1046 1029 1106 emmetroi
1050 1046 1129 1105 inter
1149 1047 1284 1124 singulos
1303 1065 1405 1107 versus
1425 1047 1550 1124 exiguae

274 1143 305 1198 et
333 1158 427 1215 paene
455 1137 556 1196 nullae
584 1136 770 1196 intermissae
798 1138 881 1211 sunt,
911 1136 990 1195 unde
1019 1136 1158 1211 strophae
1185 1155 1289 1194 versus
1314 1149 1381 1195 1--4
1406 1138 1437 1195 et
1464 1136 1551 1211 epodi

274 1238 342 1288 1-2
372 1227 484 1286 arctius
514 1225 593 1284 inter
621 1243 652 1284 se
682 1226 838 1285 cohaerere
868 1224 1019 1285 concludo.
1066 1223 1228 1284 Ordinibus
1258 1226 1383 1304 singulis
1413 1225 1552 1284 similitor

273 1321 365 1393 atque
385 1317 416 1374 in
435 1315 565 1376 carmine
585 1312 741 1391 Olympico
760 1315 888 1374 secundo
912 1333 1136 1391 nonnumquam
1160 1315 1277 1374 iambus
1302 1311 1367 1395 (atr.
1382 1326 1407 1374 8.
1423 1335 1466 1390 ep.
1481 1328 1504 1372 1.
1519 1309 1549 1395 5)

272 1405 431 1482 antecedit,
453 1425 541 1481 quem
560 1404 755 1480 posteriorem
773 1408 890 1479 partem
909 1403 993 1480 pedis
1016 1403 1151 1479 acephali
1175 1422 1237 1463 esse
1257 1405 1304 1464 vel
1323 1405 1498 1479 rhythmum
1517 1404 1548 1461 in

272 1496 330 1554 fine
344 1493 547 1573 praecedentis
561 1512 663 1552 sersus
681 1493 855 1552 inchoatum
874 1493 1020 1569 complere
1036 1493 1119 1551 duco.
1146 1493 1228 1551 Talis
1247 1493 1374 1552 iambica
1393 1493 1546 1551 anacrusis

272 1588 376 1643 utrum
394 1583 486 1642 etiam
499 1582 634 1642 versibus
653 1583 792 1658 strophae
812 1582 909 1659 tertio,
929 1584 1046 1658 quarto,
1067 1583 1149 1640 serto
1164 1584 1195 1640 et
1210 1582 1296 1658 epodi
1316 1583 1443 1642 secundo
1463 1602 1547 1658 prae-

273 1674 364 1733 missa
393 1672 445 1749 sit,
474 1691 511 1730 an
536 1671 566 1728 in
590 1671 727 1731 bacchius
750 1672 798 1730 vel
821 1672 933 1731 ionicos
957 1671 1003 1728 illi
1025 1689 1129 1730 versus
1152 1671 1304 1730 dividendi
1328 1671 1388 1730 sint
1411 1671 1548 1730 dubitare

272 1763 376 1840 possis.
414 1763 526 1839 blagna
544 1780 614 1819 vero
633 1761 755 1838 negotia
774 1760 805 1818 in
823 1761 879 1820 hoc
898 1780 1017 1836 quoque
1036 1760 1165 1820 carmine
1185 1761 1332 1836 tripodiae
1356 1761 1548 1819 catalecticae

274 1852 404 1927 faciunt,
428 1853 518 1927 atque
543 1850 616 1907 nihil
640 1869 695 1928 ego
719 1869 818 1908 moror
841 1850 909 1908 illas
929 1849 961 1907 in
984 1849 1041 1907 fine
1061 1868 1164 1908 uersus
1183 1850 1344 1909 collocatas
1364 1843 1422 1929 (ep.
1443 1843 1473 1919 ⁴2)
1494 1853 1549 1907 aut

274 1961 363 2000 suum
385 1958 503 1999 versum
527 1938 689 1999 efficientes
717 1933 784 2020 (str.
808 1930 856 2019 4);
886 1939 978 1997 etiam
1005 1939 1140 2017 geminae
1164 1939 1312 2015 tripediae
1336 1939 1423 2016 epodi
1446 1958 1548 1999 vorsus

273 2031 355 2090 tertii
378 2029 461 2089 facili
484 2048 574 2105 opera
597 2029 653 2087 hac
676 2028 865 2105 percussione
888 2028 1033 2087 removeri
1056 2032 1182 2104 possunt

462 2172 848 2198 :u-uv;vs.u;.1v-
884 2143 930 2198 vel
966 2171 1356 2198 .·.υ-υυ.·.υυυ.ιυυ-

273 2263 330 2322 Sed
350 2261 436 2338 epodi
456 2246 581 2320 versum
594 2263 719 2338 sextum,
738 2261 808 2319 licet
831 2260 862 2318 in
885 2281 912 2319 v.
932 2271 965 2318 59
986 2276 1058 2335 σφιν
1077 2256 1229 2319 ἀπένεικεν
1250 2258 1462 2337 ὕπερ-ποντίαν
1482 2261 1547 2336 ipsa

272 2351 420 2412 sententia
442 2349 551 2409 indicio
576 2350 624 2426 sit,
647 2350 794 2425 syllabam
817 2370 870 2427 περ
894 2349 1080 2427 intumuisse,
1104 2354 1204 2409 tamen
1226 2350 1385 2426 tripodium
1405 2351 1435 2408 in
1455 2350 1547 2408 ambi-

273 2445 337 2500 tum
372 2441 499 2499 duorum
529 2439 706 2498 ereticorum
734 2439 886 2497 extrahere
914 2438 1064 2514 dubitavi;
1092 2458 1196 2497 verum
1228 2439 1252 2496 si
1281 2439 1442 2515 tripodium
1469 2440 1548 2497 inter

273 2530 409 2606 dipodius
437 2529 468 2587 in
492 2529 620 2587 carmine
643 2528 905 2604 hyporchematico
928 2528 999 2586 ferri
1022 2546 1108 2604 posse
1133 2547 1236 2606 uagae,
1260 2529 1334 2586 nihil
1357 2529 1547 2605 relinquitur,

273 2619 329 2679 nisi
352 2621 387 2677 ut
410 2621 464 2677 aut
486 2618 594 2696 longae
617 2617 701 2675 finali
725 2618 857 2693 spatium
881 2616 1013 2692 quinque
1037 2636 1188 2676 morarum
1211 2617 1326 2676 tribuas
1347 2622 1400 2676 aut
1418 2619 1497 2677 hunc
1516 2619 1547 2676 in

271 2710 392 2768 modum
416 2725 536 2767 versum
558 2706 723 2765 dimetiaris

696 2825 1123 2876 ιυυ-υύυ-υλ’.-υ;

271 2939 410 2999 Ceterum
434 2940 464 2997 in
487 2939 543 2996 hoc
566 2937 696 2996 carmine
720 2937 862 3012 paeonico
892 2938 1029 2997 similiter
1056 2940 1147 3015 atque
1176 2938 1205 2995 in
1230 2938 1263 2997 0.
1287 2958 1308 2995 11
1338 2939 1411 2998 adeo
1440 2939 1546 2998 divisio

271 3047 372 3088 versus
392 3028 421 3086 in
441 3026 530 3103 pedes
549 3027 712 3103 praevalet,
731 3028 765 3084 ut
784 3025 856 3085 fines
876 3028 1074 3087 membrorum
1088 3020 1219 3108 (κώλων)
1234 3028 1281 3086 vix
1298 3028 1412 3086 deliniri
1431 3028 1547 3104 possint

271 3138 366 3194 neque
386 3118 417 3175 in
436 3117 652 3194 diagrammate
672 3136 690 3174 a
709 3136 755 3175 me
775 3116 871 3175 notati
891 3117 959 3177 sint.
978 3149 1014 3157 -
1033 3120 1193 3175 t'antatum
1214 3120 1259 3174 est
1277 3136 1394 3175 carmen
1414 3118 1547 3192 t'yrenae

272 3207 363 3266 sacris
381 3205 530 3283 Apollinis
550 3205 680 3282 Camala,
704 3225 780 3281 quae
800 3225 868 3264 cum
887 3225 947 3282 quo
967 3209 1099 3283 tempore
1119 3204 1280 3265 Carrhotus
1300 3206 1404 3284 auriga
1424 3207 1547 3281 Delphis

270 3296 401 3355 redierat
419 3298 587 3374 agerentur,
602 3294 772 3353 Arcesilaus
790 3314 841 3353 rer
860 3295 916 3354 hac
936 3295 1161 3371 opportunitate
1180 3314 1253 3354 usus
1273 3299 1325 3371 est,
1340 3303 1376 3352 nt
1390 3295 1547 3354 victoriam

271 3404 358 3444 suam
380 3384 537 3460 Pythicam
558 3384 665 3442 itemrm
684 3383 913 3459 praedicandam
932 3390 1051 3443 curaret
1075 3380 1126 3463 (cf.
1146 3382 1179 3442 Ο.
1200 3377 1257 3441 111l.
1299 3384 1423 3442 Poctam
1445 3391 1547 3444 alitem

271 3478 457 3550 praesentem
484 3492 601 3532 carmen
626 3473 773 3551 agendum
797 3492 915 3532 curasse
940 3477 1029 3548 atque
1053 3473 1134 3531 chori
1159 3473 1294 3551 magistri
1319 3492 1439 3532 munero
1465 3475 1546 3532 func-

272 3567 336 3622 tum
359 3582 421 3621 esse
445 3582 480 3621 er
503 3582 537 3621 eo
561 3562 679 3640 colligo,
703 3563 784 3639 quod
803 3583 829 3621 v.
850 3574 882 3621 7ο
903 3563 1033 3641 Aegidas
1052 3580 1121 3620 suos
1140 3562 1267 3621 maiores
1286 3562 1368 3620 dixit.
1409 3563 1547 3639 Namque

272 3653 353 3728 quod
372 3651 562 3729 Studniczka,
587 3652 704 3728 Kyrene
723 3674 750 3729 p.
772 3663 813 3729 74,
834 3652 925 3711 verba
943 3647 1008 3729 ἐμοὶ
1025 3648 1145 3725 πατέρες
1164 3651 1199 3709 de
1219 3652 1307 3710 choro
1328 3652 1546 3728 Cyrenaeorum

271 3741 443 3817 accipienda
472 3760 535 3800 esse
565 3744 669 3817 putat,
700 3741 729 3799 id
760 3744 864 3802 contra
891 3743 1076 3801 constantem
1104 3758 1193 3798 nsum
1222 3740 1345 3799 l'indari
1375 3748 1491 3819 peccat,
1519 3762 1545 3801 v.

271 3830 350 3891 Pnol.
369 3848 460 3890 remi.

480 4001 515 4068 ‘0
538 4009 680 4078 πλοῦτος
703 4002 922 4088 εὐρυσθενής,
1187 4008 1266 4087 Στρ.
1290 4002 1333 4066 α’.

426 4099 427 4102 “
485 4110 564 4174 ὅταν
588 4133 637 4185 τις
660 4109 760 4195 ἀρετᾷ
783 4109 984 4195 κεκραμένον
1007 4117 1140 4197 καθαρᾷ

484 4219 659 4301 βροτήσιος
683 4215 766 4303 ἀνὴρ
789 4220 917 4301 πότμου

528 4324 735 4407 παραδόντος
758 4325 861 4389 αὐτὸν
884 4323 1007 4410 ἀνάγῃ,

344 4516 423 4551 vuum
443 4517 546 4552 necaro.
584 4500 666 4552 lnscr.
687 4516 740 4552 om.
757 4500 793 4587 Β,
812 4503 849 4570 τῷ
868 4500 943 4570 αὐτῷ
964 4500 992 4566 0,
1012 4504 1050 4570 τῷ
1069 4500 1144 4570 αὐτῷ
1161 4498 1321 4585 Ἀρκεσιλάῳ
1339 4499 1420 4553 D-
1442 4498 1546 4554 Schol:

272 4569 426 4640 ρέγραπται
444 4571 492 4624 καλ
511 4568 581 4638 αὕτη
602 4570 692 4638 studi]
708 4569 854 4638 νικήσαντι
874 4575 911 4642 τῷ
934 4572 1009 4642 αὐτῷ
1025 4554 1217 4654 Ἀρκεσιλάω
1200 4592 1300 4640 αρματι
1317 4571 1367 4639 τὴν
1381 4587 1547 4637 τριακοοτιιν

273 4662 386 4710 πρωτην
405 4640 591 4697 Πνθιάδα-
607 4647 631 4694 ‘l
651 4643 737 4715 ἀρετᾶ
760 4642 839 4695 codd.
855 4644 884 4695 et
894 4625 1001 4697 'Aschol
1022 4642 1091 4716 ὀργά
1111 4630 1181 4697 coni.
1196 4643 1367 4697 Hermann-

343 4803 531 4837 couusrraan.
568 4803 593 4837 ι.
611 4791 633 4837 1.
654 4782 769 4836 divitias
788 4800 851 4836 cum
870 4783 973 4838 uirtute
993 4784 1154 4839 coniunctas
1173 4784 1303 4838 similiter
1321 4783 1421 4837 laudat
1410 4787 1470 4836 tt),
1487 4802 1505 4834 11
1521 4800 1547 4838 ss
