3406 5378
703 407 825 457 NEMEA
846 407 894 458 111.

212 569 281 633 ἵκεο
304 569 443 653 Δωρίδα
466 577 571 633 νᾶσον
595 573 763 650 Αί-γιναν.
804 568 901 632 ὕδατι
926 568 988 650 γὰρ

212 672 340 758 μένοντ’
368 671 418 739 ἐπ’
441 671 606 762 Ἀ-σωπίφ
629 673 844 758 μελιγαρύων
858 714 870 722 -
886 672 1034 750 τέκτονες

179 781 335 865 σκάμων
357 784 501 861 νεανίαι,
525 780 625 846 σέθεν
649 782 714 846 ὅπα
737 783 918 864 μαιόμενοι.

201 889 297 972 ’διψῇ
320 884 356 952 δέ
380 896 505 970 πρᾶγος
528 889 610 951 ἄλλο
632 883 693 971 μίν
716 889 834 952 άλλου·

214 992 407 1083 άεθλονικία
431 991 466 1059 δέ
490 993 621 1079 μάλιστ’
648 995 781 1059 ἀοι-δάν
806 1000 906 1078 φιλεῖ,

215 1100 390 1185 στεφάνων
413 1101 534 1186 ἀρετᾶν
556 1125 591 1166 τε
614 1101 812 1179 δεξιωτάταν
836 1101 971 1166 ὀπαδόν.

215 1307 273 1375 τᾶς
297 1296 468 1381 ἀφθονίαν
491 1300 587 1377 ὄπαζε
611 1301 725 1382 μήτιος
749 1298 832 1383 ἀμᾶς
855 1299 932 1362 ίίπο·
1218 1303 1296 1360 Αντ.
1316 1296 1358 1360 α’.
1407 1313 1439 1359 ιο

164 1421 196 1470 10
215 1406 294 1489 άρχε
318 1402 363 1483 δ’,
386 1404 533 1488 οὐρανοῦ
556 1405 764 1488 πολυνεφέλα
787 1403 932 1488 κρεόν-τι
955 1405 1114 1488 θύγατερ,

217 1513 355 1596 δόκιμον
377 1511 497 1595 ὕμνον·
522 1510 585 1594 ἐγὼ
610 1509 645 1576 δέ
669 1516 804 1576 κεί-νων
827 1510 863 1575 τέ
884 1536 939 1576 νιν
963 1511 1076 1596 ὀάροις

218 1619 302 1705 λύρᾳ
324 1643 357 1683 τε
381 1618 598 1702 κοι-νάσομαι.
636 1623 788 1702 χαρίεντα
812 1616 843 1682 δ’
869 1616 946 1696 έ-ξει
969 1621 1074 1683 πόνον
1406 1633 1440 1679 ευ

237 1801 262 1849 3.
282 1794 335 1864 γὰρ
355 1810 408 1848 om.
428 1794 458 1848 D
476 1826 510 1834 -
529 1801 554 1847 4.
574 1794 610 1862 μὴ
634 1793 746 1862 γαρύων
766 1793 794 1846 D
820 1826 850 1833 -
878 1798 902 1847 b.
922 1789 1008 1861 γέθεν
1026 1792 1056 1846 D
1076 1824 1106 1833 -
1128 1797 1152 1845 6.
1171 1800 1279 1860 πρῶτος
1299 1792 1340 1859 D,
1365 1791 1438 1860 quod

165 1866 445 1937 interpretamentum
469 1864 558 1919 falsae
582 1863 711 1918 lectionis
738 1867 891 1918 ΠΡΑΤΟΣ
915 1880 976 1918 esse
1000 1862 1083 1918 docui
1106 1862 1190 1918 Beitr.
1215 1883 1236 1917 ι.
1261 1863 1334 1917 Dial.
1360 1862 1438 1916 Pind.

165 1938 195 1992 iu
214 1937 288 1992 snb.
309 1936 334 1990 d.
354 1937 380 1990 b.
401 1936 452 1990 Ak.
474 1942 540 1990 1891
565 1956 583 2006 p
612 1954 638 1988 :ro
657 1969 690 1976 —
711 1941 733 1989 7.
753 1934 877 2003 μάλλιστ’
899 1937 929 1989 D
953 1966 985 1975 -
1011 1940 1035 1988 9.
1054 1935 1126 1998 άκᾱς
1144 1935 1174 1989 D
1197 1966 1230 1975 -
1257 1941 1289 1988 10
1318 1935 1440 2001 οὐρανοῦ

167 2005 343 2077 πολυνεφέλα
372 2024 405 2061 ex
435 2007 575 2061 sententia
603 2007 716 2076 Didymi
739 2006 864 2063 Boeckh:
893 2007 1003 2079 οὐρανῷ
1026 2004 1201 2075 πολυνεφέλα
1227 2007 1301 2071 BD,
1330 2006 1440 2077 οὐρανῷ

165 2079 342 2153 πολυνεφέλα
352 2079 530 2133 Aristarchus
545 2083 574 2133 et
585 2078 759 2139 Ammonius;
774 2077 901 2132 dativum
915 2076 1044 2147 agnoscit
1057 2076 1144 2131 stiam
1154 2077 1239 2131 schol.
1251 2076 1314 2130 Ilur.
1325 2076 1390 2130 Hec.
1402 2092 1441 2129 oss

165 2151 237 2206 falso
252 2169 315 2205 cum
330 2168 392 2203 cum
407 2150 474 2220 ἄρχε
490 2150 673 2219 coniungens3
688 2149 773 2204 schol.
789 2149 881 2204 Pind:
898 2149 1007 2221 οὐρανῷ
1023 2148 1151 2209 αίολικῶς
1164 2149 1228 2203 άντί
1242 2156 1291 2202 τοῦ
1307 2148 1438 2213 οὐρανοῦ.

165 2220 341 2291 πολυνεφέλα
369 2238 406 2275 an
433 2221 609 2295 πολυνεφέλα
638 2221 744 2275 scribas
773 2221 902 2275 dubitare
926 2220 1016 2290 possis
1044 2252 1079 2260 -
1108 2226 1148 2274 12.
1173 2218 1341 2288 κοινάσομαι
1368 2218 1440 2272 coni.

167 2294 289 2349 Boeekh:
318 2294 486 2363 κοινάσομαι
505 2293 593 2359 codd,
612 2301 712 2355 κοινῶς
731 2290 834 2366 ᾄσομαι
852 2291 992 2362 paraphr,
1012 2290 1085 2344 unde
1105 2288 1178 2345 κοίν’
1199 2288 1329 2360 άείσομαι
1348 2289 1439 2358 Bergk

164 2398 200 2407 -
218 2363 290 2431 έξεις
309 2364 379 2418 coni.
395 2364 602 2419 Itauchenstein
623 2396 654 2403 -

167 2513 252 2571 λωνος
272 2508 276 2579 l
298 2508 400 2575 ἄνδρες
418 2508 511 2561 ἀοιδοί
536 2506 614 2561 lucas
632 2507 736 2576 (hymn.
753 2522 786 2573 κο,
801 2510 832 2567 ε).
871 2505 947 2558 Infra
969 2524 995 2559 v.
1010 2521 1036 2557 ss
1059 2505 1169 2558 Musam
1193 2504 1305 2575 proprio
1328 2503 1441 2558 nomine

167 2582 270 2647 Κλειώ,
293 2596 365 2648 quae
385 2579 489 2633 famam
509 2578 651 2632 hominum
675 2577 814 2646 divulget,
841 2575 968 2647 appellat
990 2608 1025 2616 -
1048 2583 1134 2644 μᾶτερ
1158 2575 1278 2645 ἁμετέρα
1301 2573 1440 2645 λίσσομαι·

167 2650 297 2705 similiter
315 2668 460 2704 numerum
479 2649 650 2720 pronominis
665 2649 758 2703 variat
771 2648 799 2702 P.
815 2668 846 2701 111
860 2666 872 2702 s
888 2646 993 2715 ἤθελον
1009 2692 1014 2701 .
1031 2689 1036 2700 .
1054 2691 1059 2701 .
1075 2645 1210 2715 ἁμετέρας
1229 2647 1286 2701 ἀπὸ
1305 2649 1440 2717 γλώσσας·

167 2723 202 2778 cl.
222 2722 301 2776 Hom.
322 2721 352 2775 Il.
371 2740 381 2773 1
401 2740 434 2789 eo,
459 2722 541 2790 Verg.
561 2721 610 2775 ecl.
632 2737 651 2780 τ.
672 2738 705 2789 ιι,
734 2719 823 2774 Tacit.
843 2718 908 2773 hist.
930 2736 949 2786 1,
969 2736 979 2773 1
1000 2751 1033 2759 —
1054 2724 1077 2772 2.
1097 2715 1257 2792 ίερομηνίᾳ,
1276 2717 1363 2772 sacris
1382 2717 1441 2771 eius

167 2793 270 2848 mensis
285 2793 393 2859 diebus,
413 2810 467 2861 quo
487 2793 591 2847 Nemea
611 2791 833 2847 celebrabantur.
859 2790 892 2845 cl.
907 2789 1032 2859 Thucyd.
1048 2808 1064 2842 ν
1079 2805 1104 2843 ια
1122 2794 1261 2857 Καρνεῖος
1279 2788 1307 2843 δ’
1324 2784 1360 2858 ἦν
1379 2788 1442 2857 μήν,

168 2862 314 2933 ίερομηνία
333 2870 477 2931 Δωριεῦσι.
516 2865 661 2918 Redeunte
680 2862 767 2932 igitur
785 2862 843 2929 die,
863 2879 918 2930 quo
937 2861 1056 2915 victoria
1075 2862 1219 2930 reportata
1238 2863 1311 2928 crat,
1331 2876 1443 2913 carmen

169 2939 314 2990 cantatum
334 2952 394 2989 esse
413 2936 525 2989 videtur
543 2968 577 2975 —
597 2942 620 2989 3.
637 2932 751 3002 Δωρίδα
766 2943 865 2988 νᾶσον·
886 2932 1016 2987 Doricam
1035 2931 1170 3001 originem
1189 2949 1256 3001 prae
1271 2950 1301 2985 sc
1315 2931 1444 2986 ferebant

169 3008 336 3077 Aeginetae;
356 3006 390 3060 cf.
406 3007 436 3060 O.
453 3026 501 3058 νιιι
516 3024 542 3059 so
556 3039 589 3046 —
605 3013 628 3061 ί.
648 3004 759 3073 μένοντ’
776 3005 793 3059 i.
810 3024 831 3058 e.
848 3004 967 3074 μένοντι,
986 3006 1150 3073 exspectant
1165 3035 1197 3043 -
1212 3001 1295 3057 ι’ίδατι
1310 3000 1442 3076 Ἀσωπίῳ·

167 3081 224 3133 tres
248 3077 309 3131 noti
332 3078 409 3130 fluvii
429 3077 514 3148 Asopi
538 3078 662 3144 fuerunt,
686 3094 757 3129 imus
777 3076 806 3130 in
825 3075 954 3142 Boeotia,
979 3075 1051 3128 alter
1069 3074 1198 3143 Sicyonio
1222 3074 1251 3127 in
1271 3092 1338 3145 agro
1357 3090 1443 3145 prope

169 3149 316 3215 Nemeam,
342 3148 442 3202 tertius
468 3148 497 3201 in
523 3147 693 3202 Phthiotide.
738 3147 792 3201 Sed
819 3147 918 3201 horum
947 3146 992 3199 rix
1021 3145 1170 3214 quisquam
1194 3145 1224 3199 in
1252 3146 1325 3199 hunc
1352 3145 1442 3200 locum

168 3220 297 3291 quadrat.
341 3220 467 3289 Namque
492 3220 663 3273 Phthiotidis
686 3221 795 3288 Asopus
821 3235 933 3289 prorsus
957 3218 993 3272 ab
1018 3219 1182 3287 argumento
1205 3216 1288 3271 huius
1312 3216 1444 3271 carminis

169 3292 278 3346 alienus
302 3296 357 3355 est;
385 3292 433 3345 sed
458 3290 591 3345 Boeotiae
614 3307 724 3359 quoque
747 3293 856 3359 Asopus
880 3293 940 3342 tum
962 3292 1073 3342 tantum
1096 3288 1150 3342 huc
1173 3288 1270 3342 referri
1288 3290 1396 3359 posset,
1420 3288 1444 3341 si

169 3364 295 3427 Thebae,
319 3362 392 3416 unde
420 3366 504 3431 poeta
533 3380 642 3415 carmen
670 3362 759 3431 misit,
786 3362 816 3414 in
841 3361 904 3431 ripa
929 3359 1016 3430 Asopi
1045 3359 1116 3413 sitae
1144 3362 1239 3413 essent
1266 3362 1316 3413 aut
1343 3358 1444 3412 salt-em

169 3433 253 3488 rivuli
268 3432 395 3487 Thebani
410 3433 493 3488 Dirca
512 3437 541 3486 et
555 3433 690 3487 Ismenius
710 3434 739 3488 in
753 3436 877 3503 Asopum
892 3431 1048 3485 influerent.
1088 3430 1167 3496 Quod
1186 3447 1252 3485 vero
1266 3429 1444 3484 Aristarchus

170 3505 331 3574 Sicyonium
357 3504 470 3557 fluvium
491 3504 630 3558 intellexit
651 3516 686 3572 tv.
703 3504 813 3571 schol),
839 3519 928 3574 paene
949 3502 1098 3555 ridiculum
1125 3504 1169 3555 cst
1193 3504 1293 3572 putare
1316 3504 1444 3555 cantores

170 3576 293 3631 Nemeae
321 3576 349 3628 in
378 3575 439 3645 ripa
463 3576 548 3647 Asopi
573 3575 695 3644 Sicyonii
719 3576 869 3642 mansisse,
893 3574 980 3627 donec
1004 3590 1115 3627 carmen
1135 3590 1152 3625 a
1170 3575 1255 3643 poeta
1278 3573 1444 3640 mitteretur,

189 3647 334 3702 raesertim
358 3647 381 3699 si
405 3647 501 3700 multis
525 3648 606 3701 anuis
625 3651 687 3718 post
707 3646 854 3701 victoriam
873 3645 996 3698 Nemeae
1016 3647 1126 3715 partam
1146 3644 1198 3698 hoc
1217 3661 1328 3697 carmen
1347 3647 1445 3698 cante·

170 3667 265 3786 latur,
284 3736 374 3786 neque
393 3719 467 3787 quod
487 3719 560 3772 infra
578 3737 603 3773 v.
622 3736 647 3773 rs
667 3719 696 3773 ἐν
716 3715 881 3791 βαθυπεδίῳ
901 3714 998 3790 Νεμέᾳ
1017 3715 1099 3780 dicit,
1123 3715 1159 3768 ad
1178 3714 1283 3782 locum,
1307 3732 1362 3784 quo
1386 3732 1445 3769 car·

171 3807 234 3845 men
257 3790 437 3856 cantabatur,
460 3790 509 3843 sed
533 3790 569 3843 ad
594 3807 670 3857 eum,
690 3808 744 3859 quo
767 3789 877 3844 labores
900 3787 1040 3856 pancratii
1064 3786 1288 3852 sustinebantur,
1306 3786 1446 3868 pertinere

170 3878 223 3930 par
245 3864 295 3914 est.
338 3860 417 3914 Nihil
445 3860 531 3929 igitur
558 3861 725 3930 relinquitur
748 3878 832 3930 quam
858 3861 890 3912 ut
913 3857 1021 3912 scholia
1044 3857 1192 3911 audiamus
1217 3858 1253 3911 ad
1281 3856 1394 3926 Drdymi
1417 3860 1446 3911 et

172 3931 326 3986 callistrati
355 3931 553 3986 auctoritatem
580 3932 779 4003 provocantia:
808 3931 822 3985 d
851 3929 881 3985 δέ
912 3932 1035 3999 Δίδυμος
1065 3926 1259 3998 διηπατήσθαί
1287 3947 1355 3998 φοι
1382 3930 1447 3990 τοὺς

172 4001 485 4074 ιἰιιομνηματισαμένους
508 4012 541 4073 τῇ
565 4002 708 4078 ὁμωνυμία
736 4014 790 4058 τῶν
817 4010 962 4071 ποταμῶν·
995 4001 1021 4055 ol
1043 4000 1096 4070 γὰρ
1120 3998 1235 4054 ’domuel
1260 3950 1384 4066 ulcione,
1408 3996 1447 4053 ὧν

174 4073 223 4129 ἕνα
247 4076 334 4143 φασίν
358 4075 455 4143 (φησίν
477 4074 589 4129 Boeckh
612 4075 806 4146 probabiliter]
833 4069 906 4127 είναι
929 4074 975 4126 καί
999 4072 1049 4126 τὸν
1074 4072 1104 4125 ἐν
1123 4069 1232 4143 Αἰγίνῃ·
1257 4070 1272 4125 δ
1295 4070 1327 4125 δὲ
1347 4072 1446 4126 Καλλί·

173 4164 288 4215 ατρατος
304 4143 438 4200 Ἀσωπίδα
458 4145 488 4200 έν
503 4144 608 4218 Αἰγίνῃ,
627 4164 798 4215 quamquam
818 4144 892 4215 apud
911 4147 1018 4198 ceteros
1038 4142 1186 4213 scriptores
1206 4142 1240 4197 de
1254 4144 1348 4212 Asopo
1364 4141 1446 4213 Aegi-

173 4219 266 4272 netico
285 4217 374 4271 altum
398 4216 540 4271 silentium
565 4222 608 4271 est
633 4251 664 4257 -
689 4224 712 4272 4.
732 4216 857 4278 τέκτονες
876 4217 975 4284 κώμων
1000 4215 1045 4268 hic
1068 4214 1217 4268 choreutae
1237 4213 1447 4284 intelleguntur,

173 4289 201 4345 P.
223 4308 253 4341 ιιι
269 4306 306 4344 ιιι
325 4291 425 4359 poetae
445 4322 479 4330 —
499 4294 522 4344 6.
543 4288 600 4342 alia
620 4288 678 4342 alia
696 4289 847 4360 postulare,
867 4286 1013 4340 victoriam
1034 4285 1154 4338 maxime
1174 4284 1307 4353 carmina,
1327 4284 1448 4357 amplius

172 4364 257 4431 poeta
275 4360 390 4430 exponit
404 4359 436 4414 Ο.
451 4380 479 4413 ιι
493 4360 530 4415 in.
551 4392 584 4401 -
604 4362 674 4431 διψῇ
694 4361 841 4416 οοιιίειιιιιί
859 4357 994 4413 Artemid.
1014 4356 1255 4412 Oneirocrit.1os:
1274 4357 1306 4410 τὸ
1325 4355 1376 4426 μέν
1395 4355 1448 4426 γὰρ

173 4434 261 4502 διψῆν
284 4430 369 4485 οὐδέν
393 4431 458 4485 ἄλλο
482 4431 556 4486 ἐστίν
580 4430 596 4500 ᾖ
617 4432 778 4501 ἐπιθυμεῖν·
803 4431 838 4485 cs.
859 4430 888 4483 P.
903 4449 929 4482 ιιι
948 4446 983 4483 ios
1009 4461 1042 4470 —
1066 4434 1090 4483 9.
1109 4436 1160 4492 τᾶς
1182 4426 1331 4497 ἀφθονίαν
1351 4427 1448 4493 ὄπαζε·

173 4503 206 4557 ct.
227 4502 292 4557 Hor.
312 4520 335 4555 c.
355 4522 384 4555 ιιι
404 4520 425 4569 ι,
444 4521 455 4557 a
475 4505 519 4557 dic
538 4521 587 4570 ape
610 4505 719 4575 ίονιριινι
739 4504 860 4567 Calliope
879 4504 958 4556 melos
983 4532 1019 4542 -
1044 4506 1086 4554 10.
1106 4499 1216 4567 κρέοντι
1234 4499 1338 4569 pendet
1358 4517 1375 4552 a
1393 4500 1447 4553 θί-

172 4592 255 4643 γατερ
270 4574 314 4644 (οί.
331 4574 367 4626 ad
382 4574 411 4627 P.
427 4594 475 4626 ιιιι
489 4577 534 4639 es),
550 4576 671 4642 οὐρανοῦ
686 4572 862 4641 πολυνεφέλα
877 4590 894 4626 a
908 4569 1026 4639 κρέοντι.
1051 4568 1228 4640 πολυνεφέλα
1243 4571 1338 4625 fictum
1354 4571 1447 4624 estad

173 4645 331 4715 exemplum
345 4644 485 4698 Homerici
505 4643 772 4715 νεφεληγερέταο-
788 4652 828 4699 11.
849 4642 974 4713 δόκιμον,
993 4642 1128 4713 hymnum
1143 4642 1191 4711 qui
1205 4641 1325 4712 gloriam
1340 4639 1448 4710 (δόξαν)

172 4717 284 4779 afferat;
304 4716 377 4769 hunc
392 4733 409 4767 a
423 4716 505 4770 Musa
524 4720 670 4785 acceptum
689 4720 774 4787 poeta
794 4733 856 4769 cum
875 4714 1023 4768 iuvenibus
1043 4714 1208 4769 canentibus
1223 4717 1252 4768 et
1265 4711 1369 4767 fidibus
1383 4729 1448 4766 can·

172 4787 215 4841 tui
238 4785 445 4841 succinentibus
470 4788 723 4842 communicaturus
752 4790 795 4841 est
818 4820 851 4827 —
878 4792 918 4840 12.
947 4787 1028 4860 λύρᾳ·
1058 4786 1124 4840 inde
1147 4803 1203 4840 non
1225 4784 1293 4839 licst
1315 4783 1448 4853 colligere

172 4858 239 4913 solis
258 4858 361 4913 fidibus
380 4858 475 4912 cantui
496 4862 674 4913 accantatum
693 4875 762 4928 csse,
782 4857 920 4927 siquidem
939 4856 1014 4911 infra
1027 4876 1053 4912 v.
1069 4874 1093 4913 rs
1108 4855 1228 4927 legimus
1243 4854 1322 4911 tibiis
1337 4872 1448 4925 quoque
