3406 5378
557 393 594 447 11.
621 392 671 442 DE
689 391 784 443 ARTE
801 392 961 446 Mnrfflcn
980 393 1137 444 PINDARI.
1383 389 1486 444 XXVII

383 506 867 621 valdumiano-unu-
934 552 1290 641 (il-Igwfrffistg)

429 688 446 729 A
518 720 535 728 -
607 659 1096 748 nur-vnujffhlffl).

385 795 793 834 ,amomacum
849 826 865 833 -
935 762 1117 852 (vall).

294 909 572 996 Logaoedicorum
605 929 733 994 quoque
766 907 916 972 ordinum
944 913 1021 972 sunt
1049 909 1121 974 cola
1148 909 1282 994 quinum
1310 915 1343 975 et
1373 932 1487 975 senum

206 1018 324 1103 pedum
358 1017 569 1101 simplicium,
601 1016 692 1081 cuius
727 1014 961 1100 magnitudinis
989 1014 1197 1081 notissimum
1226 1017 1409 1102 exemplum
1437 1021 1487 1081 est

206 1125 494 1209 hendecasyllabus
518 1145 644 1207 versus,
667 1144 762 1206 quem
786 1142 851 1186 uno
875 1127 987 1187 tenore
1011 1123 1178 1188 decurrere
1201 1146 1305 1208 neque
1329 1146 1368 1188 ex
1389 1123 1487 1208 pluri-

206 1233 268 1297 bus
292 1231 372 1298 colis
396 1235 546 1297 constare
571 1228 687 1296 Graeci
709 1230 883 1296 voluerunt

207 1481 319 1565 Neque
334 1482 367 1546 id
382 1481 510 1566 mirum,
525 1479 679 1566 quoniam
694 1479 827 1544 eandem
842 1478 1099 1563 magnitudinem
1112 1479 1376 1566 logaoedicorum
1391 1488 1488 1566 atque

205 1588 421 1654 iambicorum
444 1588 591 1653 colorum
615 1609 685 1652 esse
708 1591 962 1653 consentaneum
985 1590 1043 1651 est.
1080 1586 1282 1671 Quamquam
1307 1589 1392 1673 apud
1414 1588 1489 1653 Pin-

207 1697 321 1761 darum
350 1696 477 1760 ordines
505 1694 701 1781 logaoedici,
731 1695 787 1778 qui
815 1696 889 1758 octo
916 1694 1054 1779 pedibus
1081 1695 1246 1781 longiores
1275 1700 1365 1781 sunt,
1391 1696 1488 1782 longe

206 1803 339 1889 plurimi
367 1825 433 1868 non
461 1824 563 1867 unum
592 1803 736 1866 ordinem
764 1801 985 1886 rhythmicum
1012 1801 1171 1887 efficiunt,
1198 1803 1254 1867 sed
1278 1803 1488 1886 expluribus

142 1966 144 1971 ⁴
207 1910 287 1976 colis
320 1914 481 1976 constant.
526 1907 649 1974 Verum
684 1914 793 1973 tamen
826 1907 925 1972 etiam
957 1908 991 1971 in
1023 1907 1156 1973 Pindari
1189 1908 1387 1975 carminibus
1418 1909 1490 1975 cola

205 2017 396 2104 logaoediea
428 2021 567 2102 quatuor
598 2015 736 2101 pedibus
768 2015 918 2101 longiora
950 2019 1081 2080 exstant
1110 2016 1160 2081 vel
1189 2017 1216 2081 si
1244 2017 1306 2081 hoc
1336 2015 1488 2081 fidentius

206 2124 330 2189 dictum
349 2124 529 2210 arbitraris,
546 2124 627 2189 mihi
645 2124 681 2188 in
698 2122 872 2189 schematis
887 2122 1031 2188 metricis
1050 2124 1217 2207 probanda
1231 2123 1434 2207 videbantur,
1452 2128 1490 2187 ut

465 2337 534 2402 αἵτε
555 2293 667 2403 catere
686 2291 895 2403 uclltcoetov
917 2290 1093 2425 idque-(0.
1114 2356 1175 2402 xrv
1194 2335 1229 2426 2)

392 2554 418 2615 ὡ
442 2554 583 2637 λιπαρᾶς
605 2507 752 2636 doddtpoc
774 2504 938 2634 positam
962 2504 1013 2638 (-Ο.
1032 2569 1094 2616 xlv
1113 2553 1140 2617 3.
1165 2553 1199 2617 P.
1218 2570 1242 2617 x
1260 2550 1297 2641 4)

366 2767 433 2831 τίνι
456 2774 523 2831 τῶν
544 2764 650 2852 πάρος
673 2717 867 2852 ὧ-μάκαῖρα
881 2701 986 2850 &iidoc
1010 2719 1049 2853 (l.
1068 2784 1118 2831 v11
1140 2768 1165 2832 1.
1190 2767 1227 2832 fr.
1250 2765 1328 2854 105)

371 2976 397 3046 ὦ
421 2977 475 3045 ταὶ
498 2933 713 3067 tanaquil-nal
732 2933 929 3066 loocdqravoi
952 2934 1017 3046 nal
1031 2935 1178 3066 doddtpoc
1203 2979 1255 3068 (fr.
1276 2978 1333 3068 76)

380 3195 486 3278 γλυκύ
509 3217 540 3258 τι
564 3148 785 3278 arcessam-ov
808 3148 935 3278 pistorica
957 3148 1130 3277 illapsos
1154 3193 1207 3283 (fr.
1226 3193 1316 3282 217).

293 3337 529 3403 Paeonicorum
548 3336 694 3402 colorum
713 3337 903 3424 magnitudo
924 3335 1107 3425 (μέγεθος),
1130 3339 1158 3403 si
1177 3344 1303 3404 veteres
1328 3338 1487 3424 rhythmi-

208 3467 264 3512 cos
284 3444 447 3528 audimus,
469 3467 572 3529 usque
592 3444 632 3508 ad
651 3443 792 3527 quinque
810 3466 950 3529 paeones
970 3446 1020 3511 vel
1040 3446 1158 3533 viginti
1177 3445 1319 3530 quinque
1338 3451 1486 3530 tempora

208 3552 400 3618 extenditur.
439 3551 501 3616 sed
523 3551 586 3617 hoc
608 3555 817 3637 praeceptum
841 3573 880 3616 ex
903 3573 1011 3617 errore
1036 3553 1086 3617 vel
1109 3553 1219 3638 potius
1243 3575 1281 3617 ex
1305 3552 1390 3617 falsa
1412 3575 1488 3616 ana-

207 3661 297 3747 logia
324 3664 439 3723 natum
467 3681 536 3725 esse
564 3659 706 3744 videtur,
733 3658 819 3742 quod
848 3658 904 3722 ubi
932 3658 1110 3745 dactylicos
1135 3659 1262 3724 ordines
1286 3682 1325 3724 ex
1349 3665 1490 3744 quatuor

208 3766 410 3852 temporibus
430 3788 531 3851 usque
550 3768 591 3832 ad
605 3770 720 3851 quater
734 3769 893 3849 quaterna
906 3770 1055 3851 tempora
1069 3765 1242 3850 procedere
1257 3772 1490 3853 cognoverunt,

208 3873 381 3958 paeonicos
405 3895 532 3958 quoque
558 3897 598 3938 ex
621 3874 763 3958 quinque
786 3872 989 3956 temporibus
1013 3896 1114 3958 usque
1138 3873 1178 3938 ad
1199 3873 1370 3958 quinquies
1390 3874 1489 3958 quina

208 3985 355 4065 tempora
387 3981 559 4065 procedere
593 3981 803 4067 collegerunt.
849 3978 967 4045 Poetae
994 3980 1097 4065 ipsos,
1129 3978 1279 4064 inprimis
1313 4003 1400 4066 eum,
1432 3983 1488 4066 qui

209 4086 349 4170 plurima
377 4087 503 4153 cantica
531 4088 652 4153 cretica
678 4093 711 4152 et
739 4086 914 4153 bacchiaca
941 4087 1033 4172 fecit,
1060 4087 1213 4153 Plautum
1241 4087 1269 4152 si
1296 4093 1489 4173 spectamus,

210 4213 311 4276 paene
334 4214 398 4257 una
417 4193 524 4259 forma
547 4195 703 4260 dimetros
728 4193 790 4260 coli
814 4193 961 4278 paeonici
980 4195 1014 4260 in
1032 4217 1094 4259 usu
1113 4194 1213 4260 fuisse
1231 4194 1367 4260 videtur.
1404 4196 1490 4261 Illud

209 4303 332 4383 tamen,
357 4304 394 4364 ut
420 4300 505 4366 infra
532 4302 631 4366 latius
660 4323 871 4386 exponemus,
901 4303 1074 4367 concedere
1101 4322 1162 4367 nos
1191 4306 1333 4387 oportet,
1361 4307 1488 4368 exstare

209 4427 321 4471 versus
346 4407 532 4493 paeonicos‚
564 4409 620 4493 qui
648 4431 722 4473 curn
748 4408 784 4472 in
811 4409 883 4474 cola
907 4431 973 4474 non
1005 4407 1100 4473 dirisi
1132 4430 1202 4473 esse
1234 4409 1418 4494 videantur,
1450 4432 1488 4475 ex

207 4511 327 4597 tribus,
350 4518 503 4599 quatuor,
526 4515 667 4601 quinque
690 4515 826 4600 pedibus
851 4520 1016 4601 constant,
1039 4520 1076 4580 ut

208 4735 270 4793 σοῦ
294 4724 326 4809 γ’
346 4725 553 4810 duodenum
581 4683 709 4794 ductet·
737 4727 820 4793 κατά
843 4746 879 4794 σε
907 4729 1057 4813 χώσομεν
1079 4741 1149 4806 τοῖς
1172 4734 1283 4807 λίθοις
1305 4727 1488 4818 (Aristoph.

754 4834 833 4901 Ach.
854 4834 948 4923 295),
