3406 5378
282 324 347 388 216
752 326 899 377 Plrvuaar
918 326 1077 377 arrurcra

283 497 439 554 cantatum
462 512 524 554 esse
547 493 716 553 Bocchhius
739 494 855 570 statuit,
875 512 936 570 qua
955 496 1055 552 tamen
1074 492 1109 551 de
1132 511 1163 550 re
1187 510 1233 550 me
1257 511 1316 551 non
1340 492 1553 550 adsentientem

282 584 329 643 vir
351 584 540 643 doctissimus
563 583 661 642 habet.

371 673 534 732 Exorditur
552 675 642 748 poeta
661 691 679 729 a
697 672 779 731 clara
796 674 884 749 gente
903 671 1147 746 Heraclidarum,
1172 670 1321 729 Thessalis
1345 689 1438 747 aeque
1463 673 1554 746 atque

283 761 525 820 Lacedaemoniis
549 760 788 836 imperitantium
811 752 919 841 (1-3).
966 760 1023 819 Sed
1053 759 1155 818 statim
1179 758 1216 816 ab
1239 760 1295 818 hac
1318 779 1362 836 re,
1392 763 1428 816 ut
1457 760 1555 818 aliena

284 869 302 908 a
320 850 443 910 consilio
466 849 523 908 sibi
545 850 708 927 proposito,
731 868 762 908 se
785 853 906 908 revocat
927 849 966 908 ad
989 848 1201 924 praedicandos
1220 848 1371 906 Aleuadas
1392 852 1423 907 et
1441 848 1554 924 Hippo-

284 939 372 1017 clem,
396 939 449 1015 qui
472 939 573 998 diaulo
597 938 694 998 victor
717 938 841 1014 Delphis
863 938 1053 997 renuntiatus
1081 937 1188 1014 patris,
1217 937 1337 1013 quibis
1361 936 1503 1013 Olympia
1525 941 1556 995 et

284 1029 375 1087 semel
402 1028 513 1104 Pythia
535 1027 654 1105 vicerit,
682 1027 810 1105 vestigia
833 1028 916 1106 legat
938 1032 969 1086 et
992 1048 1046 1103 ope
1071 1027 1194 1085 deorum
1217 1026 1308 1084 etiarn
1338 1028 1426 1102 plura
1450 1027 1555 1085 decora

284 1120 499 1178 consecuturus
526 1117 578 1192 sit,
609 1117 689 1176 omni
717 1116 837 1193 quidem
866 1136 901 1175 ex
927 1120 1012 1192 parte
1035 1116 1154 1174 beatam
1177 1115 1271 1174 vitam
1295 1116 1472 1175 mortalibus
1496 1136 1555 1175 non

285 1226 454 1266 concessam
484 1225 545 1266 esse
574 1225 669 1283 neque
697 1206 778 1265 viam
806 1205 844 1263 ad
871 1204 1130 1282 Hyperboreorum
1156 1204 1277 1263 beatam
1304 1209 1423 1283 gentem
1453 1208 1555 1281 patere

285 1289 411 1377 (ΗΟ).
456 1296 533 1355 Hinc
561 1296 712 1371 profectus
737 1293 874 1357 fabulam
901 1294 1066 1370 subtexuit,
1094 1293 1178 1352 tenui
1209 1293 1259 1353 filo
1287 1294 1371 1352 illam
1401 1313 1469 1353 cum
1499 1294 1555 1370 Py-

285 1385 365 1444 thica
383 1385 510 1444 victoria
533 1384 748 1460 cohaerentem,
762 1383 797 1442 de
813 1383 928 1459 Perseo,
949 1384 1070 1441 Danaae
1088 1380 1159 1459 filio,
1177 1402 1272 1459 usque
1292 1383 1329 1441 ad
1348 1383 1556 1459 Hyperboreos

284 1476 459 1550 penetrante
483 1476 514 1533 et
536 1476 646 1532 sortem
669 1472 872 1532 felicissimam
895 1473 1008 1531 visente
1031 1471 1118 1530 istius
1141 1472 1252 1548 gentis,
1280 1492 1357 1547 quae
1382 1472 1437 1530 sub
1460 1473 1557 1531 tutela

286 1563 434 1639 Apollinis
458 1562 567 1621 morbis
587 1565 617 1620 et
635 1563 796 1621 senectutis
815 1561 902 1620 malis
925 1563 1025 1620 careat
1048 1562 1078 1618 et
1100 1560 1213 1618 choreis
1237 1561 1556 1636 comissationibusque

285 1669 394 1711 vacans
422 1651 616 1709 laetissimam
644 1651 738 1710 vitam
766 1651 856 1728 degat
884 1640 1027 1730 (31-50).
1073 1648 1187 1708 Iterum
1214 1669 1232 1708 a
1258 1654 1347 1728 grata
1377 1652 1432 1711 hac
1460 1651 1555 1727 specie

287 1741 433 1816 perlectae
461 1739 615 1799 felicitatis
643 1757 673 1798 se
701 1758 844 1799 revocans
873 1739 910 1797 ad
937 1737 1093 1814 Hippoclis
1116 1743 1302 1814 praesentem
1325 1740 1479 1800 fortunam
1502 1758 1557 1796 sua

286 1831 372 1888 Musa
391 1829 600 1889 illustrandam
619 1829 697 1887 redit
715 1820 860 1909 (tl-63).
895 1827 956 1886 Sub
975 1828 1064 1886 finem
1083 1828 1256 1905 aThorace,
1275 1848 1335 1888 uno
1355 1850 1390 1887 ex
1404 1829 1556 1904 AleuadiS,

286 1919 324 1976 ad
347 1937 464 1978 carmen
488 1918 657 1977 faciendum
681 1918 841 1976 invitatum
866 1936 896 1974 se
921 1934 982 1976 esse
1006 1917 1164 1992 profitetur
1187 1921 1218 1975 et
1235 1918 1333 1994 gentis
1352 1917 1555 1976 Aleuadarum

284 2007 424 2085 regimen,
448 2027 508 2084 quo
532 2007 741 2066 Thessalorum
766 2025 811 2065 res
835 2006 946 2082 optime
970 2005 1224 2083 administrentur,
1248 2005 1371 2065 candide
1394 2006 1507 2065 laudat.

373 2096 520 2154 Pindarus
544 2094 704 2154 admodum
727 2095 843 2154 iuvenis
867 2096 921 2153 hoc
944 2113 1062 2153 carmen
1085 2096 1198 2173 panxit,
1222 2097 1274 2154 sed
1293 2096 1352 2153 iam
1371 2095 1402 2152 in
1421 2096 1475 2155 hoc
1495 2115 1555 2154 car-

284 2185 376 2262 mine,
407 2185 539 2244 omnium
570 2184 792 2261 antiquissimo,
823 2184 941 2261 egregie
972 2187 1067 2243 artem
1097 2184 1293 2261 epiniciorum
1321 2185 1486 2243 carminum
1510 2204 1557 2242 ex·

284 2274 400 2350 pressit.
446 2274 546 2333 Habes
569 2274 704 2333 fabulam
726 2273 895 2334 laudationi
919 2273 1076 2350 intextam,
1105 2274 1270 2333 orationem
1294 2274 1456 2349 splendidis
1480 2293 1556 2333 corn·

284 2363 491 2440 parationibus
510 2356 568 2444 (⁵27.
589 2376 631 2424 51.
651 2375 692 2421 al.
713 2356 761 2444 67)
781 2363 1005 2439 audacibusque
1024 2363 1207 2439 metaphoris
1230 2365 1411 2441 exornatam,
1435 2363 1558 2423 chorum

284 2456 385 2529 partes
417 2455 524 2529 poetae
551 2473 611 2513 non
643 2471 714 2511 suas
746 2456 893 2529 tuentem,
926 2451 1053 2528 denique
1082 2452 1245 2511 sententias
1273 2452 1396 2511 deorum
1424 2472 1557 2512 reveren·

285 2541 359 2600 tiam
384 2533 441 2622 (⁶20.
461 2552 503 2600 27.
522 2553 565 2599 44.
585 2534 634 2623 47)
663 2543 693 2600 et
721 2540 913 2617 optimatium
943 2541 1076 2605 favorem
1105 2538 1152 2620 (71
1174 2534 1231 2623 sq.)
1256 2541 1411 2618 spirantes
1454 2542 1558 2600 Altera

285 2635 428 2706 exparte
456 2651 515 2690 non
545 2630 653 2689 desunt
679 2630 748 2688 huic
772 2630 894 2689 carmini
919 2629 1058 2688 iuvenilis
1082 2631 1196 2690 ardoris
1220 2634 1250 2690 et
1273 2630 1416 2689 audaciae
1439 2630 1558 2707 indicia,

286 2719 363 2778 uude
393 2719 473 2795 quod
500 2718 584 2778 filum
612 2719 755 2778 orationis
783 2718 870 2778 modo
898 2718 1071 2777 inchoatum
1100 2711 1141 2799 (v.
1167 2714 1198 2800 4)
1228 2720 1394 2796 abruperit,
1425 2719 1558 2778 fabulam

285 2808 547 2885 Hyperboreorum
570 2829 605 2866 ex
628 2808 825 2867 remotissimo
849 2807 913 2867 loco
938 2807 1124 2867 arcessiverit
1143 2800 1183 2884 (v.
1203 2819 1233 2866 31
1257 2801 1318 2885 ss),
1339 2810 1475 2885 regiones
1495 2830 1557 2885 sep·

285 2898 480 2957 tentrionales
508 2902 538 2956 et
565 2897 762 2956 occidentales
790 2896 1019 2956 commutaverit
1055 2917 1095 2959 iv.
1121 2890 1184 2977 46),
1213 2897 1340 2974 denique
1376 2898 1501 2975 frigidas
1529 2902 1559 2957 et

285 2986 518 3062 dithyrambicas
546 2986 728 3045 elocutiones
756 2985 1026 3061 descriptionesque
1057 3005 1117 3045 non
1144 2987 1257 3064 fugerit
1285 2980 1326 3066 (v.
1346 2998 1389 3045 36.
1409 2980 1470 3065 64),
1498 2989 1557 3045 iam

285 3078 421 3134 veterum
444 3074 616 3134 criticorum
639 3075 669 3133 in
693 3074 934 3150 reprehensiones
957 3074 1091 3133 incurrit.
1110 3108 1146 3115 —
1170 3075 1218 3134 Ad
1241 3079 1424 3151 postremum
1448 3077 1558 3135 adnoto

287 3168 418 3239 quatuor
446 3164 656 3239 antiquissima
683 3163 812 3239 epinicia
840 3162 961 3221 Pindari
985 3165 1086 3223 omnia
1114 3165 1225 3241 Pythia
1248 3184 1310 3223 esse
1335 3165 1380 3244 (P.
1401 3184 1428 3223 x.
1449 3184 1558 3225 x11.v1.

286 3244 354 3331 vrr),
377 3252 457 3328 quod
481 3272 515 3311 ex
539 3252 645 3311 intima
668 3252 884 3330 familiaritate,
909 3271 970 3328 qua
989 3258 1078 3328 poeta
1096 3273 1165 3313 cum
1185 3253 1387 3313 sacerdotibus
1407 3254 1559 3330 Delphicis

287 3341 464 3401 coniunctus
488 3346 560 3419 erat,
584 3341 792 3418 explicandum
816 3360 878 3401 esse
901 3341 1027 3400 videtur.

830 3494 873 3559 De
897 3497 1017 3562 notris.

376 3608 522 3667 Carminis
545 3609 644 3687 huius,
668 3610 747 3686 quod
771 3608 918 3668 Pindarus
941 3609 1057 3669 iuvenis
1080 3611 1193 3688 panxit,
1212 3611 1328 3669 numeri
1347 3615 1417 3669 sunt
1436 3612 1559 3687 aeolici,

287 3697 456 3756 exultantes
479 3697 524 3755 illi
548 3703 579 3756 et
600 3699 662 3756 ritu
685 3718 833 3774 paeonum
853 3698 943 3757 libere
962 3702 1115 3777 vagantes,
1135 3706 1171 3757 ut
1189 3718 1276 3775 saepe
1296 3704 1326 3758 et
1345 3701 1560 3759 sententiarum

287 3790 318 3845 et
336 3805 527 3845 numerorum
546 3791 646 3846 rectus
665 3788 736 3847 ordo
755 3788 941 3862 interruptus
965 3787 1012 3848 sit.
1050 3788 1165 3848 Divisio
1185 3806 1325 3847 versuum
1345 3790 1375 3848 in
1395 3790 1461 3849 cola
1479 3789 1560 3847 haud

287 3875 448 3935 mediocres
472 3875 666 3934 difficultates
689 3876 820 3953 praebet,
843 3877 1019 3952 praesertim
1042 3896 1109 3935 cunr
1133 3877 1218 3936 iuxta
1240 3896 1355 3955 versuS,
1380 3880 1433 3954 qui
1455 3879 1560 3954 procul

287 3964 377 4023 dubio
401 3964 432 4022 in
456 3964 591 4041 dipodius
615 3964 765 4025 dividendi
789 3970 860 4023 sunt
879 3957 944 4047 (str.
970 3979 993 4024 1.
1014 3978 1038 4043 ⁶2,
1057 3986 1102 4042 ep.
1123 3978 1146 4025 1.
1167 3959 1206 4048 a),
1226 3967 1279 4024 alii
1298 3974 1462 4045 occurrant,
1486 3988 1561 4044 quo-

287 4073 353 4112 rurn
384 4054 561 4129 tetrapodiis
591 4055 736 4130 tripodias
765 4054 940 4114 commixtas
970 4074 1032 4114 esse
1062 4055 1154 4133 vulgo
1185 4060 1326 4115 statuunt
1358 4049 1422 4137 (str.
1447 4070 1472 4117 3.
1491 4070 1515 4115 4.
1537 4069 1561 4134 c,

288 4163 332 4217 ep.
353 4134 392 4219 a).
436 4142 547 4201 Verum
575 4143 701 4202 audacia
729 4144 753 4203 si
781 4144 836 4202 tibi
864 4164 924 4204 non
952 4144 1058 4219 deerit,
1087 4163 1189 4203 omues
1215 4164 1319 4204 versus
1348 4167 1394 4205 me
1422 4147 1495 4206 duce
1524 4146 1562 4206 ad

288 4232 457 4307 dipodicam
484 4231 668 4292 scansionem
698 4233 743 4290 ita
771 4233 936 4311 revocabis,
967 4238 1002 4292 ut
1032 4233 1170 4308 tripodiis
1199 4233 1256 4292 nisi
1286 4235 1316 4294 in
1340 4236 1396 4294 fine
1420 4255 1561 4294 versuum

288 4321 372 4380 locus
391 4339 450 4378 non
469 4319 665 4395 relinquatur.
703 4321 767 4381 Hoc
787 4322 907 4398 quidem
926 4326 1040 4382 certum
1059 4341 1121 4381 esse
1141 4322 1225 4401 duco,
1245 4324 1392 4399 syllabam
1415 4325 1561 4384 initialem

289 4409 376 4485 epodi
399 4426 540 4466 versuum
568 4410 650 4468 tertii
679 4411 780 4486 quarti
805 4411 903 4487 quinti
927 4431 986 4470 non
1010 4412 1162 4470 anacrusis
1186 4412 1246 4471 vim
1270 4414 1389 4490 habere,
1421 4415 1471 4473 sed
1494 4434 1561 4490 par·

288 4500 350 4555 tem
373 4497 486 4573 primae
512 4498 649 4574 dipodiae
676 4499 803 4577 efficere,
834 4500 932 4559 minus
957 4500 1013 4560 hoc
1038 4501 1112 4559 mihi
1136 4506 1267 4579 constat,
1293 4506 1396 4562 utrum
1422 4504 1561 4579 strophae

289 4605 391 4645 versus
420 4590 546 4662 quartus
575 4592 605 4646 et
633 4588 757 4664 quintus
785 4608 803 4646 a
830 4590 1035 4666 monosyllaba
1063 4610 1101 4648 an
1131 4591 1168 4649 ab
1196 4592 1324 4652 iambica
1352 4593 1490 4650 anacrusi
1519 4594 1562 4649 in-

289 4675 410 4751 cipiant.
433 4706 476 4716 —
501 4677 624 4736 Poetam
652 4678 759 4738 victori
782 4698 913 4755 carmen,
942 4679 1022 4755 quod
1050 4680 1157 4739 chorus
1179 4681 1313 4740 virorum
1335 4682 1561 4756 Ephyraeorunr

289 4765 321 4825 iu
344 4766 551 4826 comissatione
576 4771 695 4827 caneret
718 4760 759 4848 (v.
780 4780 805 4829 6.
825 4762 882 4850 55),
905 4769 1020 4828 misisse
1043 4769 1128 4846 duco,
1152 4788 1344 4847 quamquam,
1362 4770 1387 4827 si
1407 4770 1474 4845 quis
1493 4791 1561 4846 poe·
