3406 5378
752 393 884 444 PYTHIA
903 393 935 445 X.

207 573 240 620 σο
260 558 359 640 ἔμμεν
383 556 532 620 ἄπιστον.

259 665 373 728 κώπαν
396 664 534 746 σχάσον,
558 664 640 745 ταχὺ
664 659 696 725 δ’
722 663 780 743 άγ-

304 792 411 854 κυραν
434 771 577 852 ἔρει-σον
600 765 700 852 χθονὶ

258 876 432 964 πρῴραθε,
457 877 613 960 χοιράδος
636 877 754 959 άλ-καρ
777 873 906 958 πέτρας.

261 983 430 1068 ἐγκωμίων
454 984 515 1067 γάρ
540 984 645 1058 άωτος
667 983 783 1067 ὕμνων

262 1090 309 1155 ἐπ’
337 1089 447 1155 ἄλλοτ’
474 1093 575 1155 ἄλλον
599 1084 660 1154 ὧτε
683 1088 819 1173 μέλισσα
842 1090 957 1154 θύ-νει
982 1093 1091 1172 λόγον.

209 1341 243 1387 5ο
263 1327 401 1407 ἔλπομαι
425 1321 456 1386 δ’
480 1321 668 1406 Ἐφυραίων

263 1428 316 1495 ὄπ’
342 1427 427 1514 ἀμφὶ
452 1430 598 1512 Πηνεϊὸν
621 1434 748 1511 γλυκεῖ-

307 1562 348 1601 αν
371 1539 596 1621 προχεόντων
620 1534 701 1619 ἐμάν

263 1646 321 1709 τὸν
346 1642 536 1708 Ἱπποκλέαν
559 1645 606 1707 ἔτι
631 1641 685 1706 καὶ
708 1648 834 1726 μᾶλλον
857 1645 920 1707 σὺν
944 1643 1072 1720 ἀοιδαῖς

263 1751 352 1816 ἕκατι
376 1751 550 1835 στεφάνων
573 1751 702 1832 θαητὸν
725 1749 761 1813 ἐν
785 1751 820 1814 ά-

308 1854 371 1935 aa
395 1857 540 1942 θησέμεν
564 1856 599 1921 ἐν
614 1854 696 1921 -καὶ
719 1856 942 1941 παλαιτέροις,

264 1965 392 2031 νέαισίν
416 1989 448 2030 τε
473 1963 671 2049 παρθένοισι
694 1963 829 2047 μέλημα.
874 1963 1014 2049 καὶγὰρ

211 2090 244 2137 60
264 2071 387 2159 ἑτέροις
411 2070 530 2158 ἑτέρων
554 2074 636 2155 ἔρως
658 2069 809 2147 ὑπέκνιξε
833 2070 971 2157 φρένας·

281 2290 323 2336 tl.
344 2282 414 2335 citat
432 2281 517 2336 schol.
538 2281 621 2335 Arist.
637 2281 709 2335 Nub.
726 2298 763 2335 roi
783 2284 812 2335 et
831 2298 870 2335 iso
889 2314 921 2321 —
942 2288 983 2337 52.
1003 2283 1138 2351 πρώραθε
1158 2282 1237 2336 eodd.
1253 2314 1288 2321 -
1303 2281 1392 2336 ἀλκὰν
1407 2283 1436 2336 D
1451 2314 1483 2324 -

211 2360 253 2409 54.
273 2351 323 2407 ὧτε
345 2355 411 2409 Gl:
432 2352 499 2407 ὥστε
514 2353 611 2407 BDE
628 2385 660 2392 —
680 2359 721 2406 57.
739 2350 904 2407 Ἱπποκλέαν
923 2352 963 2407 F:
984 2351 1120 2407 λπποκλέα
1139 2353 1251 2421 BDE,
1271 2354 1320 2408 τὸν
1336 2351 1484 2407 Ἱπποκλέα

210 2425 360 2492 Hermann,
375 2421 524 2478 Ἱπποκλέα
542 2443 609 2478 ποτε
628 2423 735 2492 Kayser
754 2456 786 2463 —
807 2429 849 2479 58.
870 2423 900 2477 έν
917 2425 964 2477 καὶ
978 2424 1075 2479 Tricl:
1095 2424 1126 2479 έν
1139 2443 1168 2478 τε
1183 2426 1231 2478 καὶ
1245 2425 1290 2478 Βι
1306 2424 1335 2478 έν
1349 2444 1379 2478 τε
1393 2425 1420 2477 Β
1429 2424 1484 2491 ³1),

212 2496 241 2551 έν
261 2495 288 2550 τ’
309 2493 345 2549 αθ
368 2496 464 2564 Heyne
488 2527 521 2535 —
545 2500 672 2549 παλαιοτ.
692 2495 722 2548 D
740 2528 772 2534 -
793 2500 834 2549 60.
856 2493 958 2562 ἑτέροις
984 2494 1086 2549 lemma
1111 2495 1140 2549 in
1164 2496 1200 2551 V:
1228 2495 1360 2565 ἐνέροισιν
1380 2495 1487 2549 BDE

213 2601 241 2656 -Ῑ
263 2565 392 2690 θχτέκνῙιξε
413 2584 445 2619 ex
465 2566 579 2621 scholiis
598 2566 752 2622 Hermann:
772 2567 824 2634 (·ξέ
846 2568 881 2635 B)
902 2566 990 2632 έκνιξε
1010 2568 1037 2620 Β
1044 2568 1081 2636 Ι),
1102 2564 1191 2632 ἔκνιξέ
1209 2586 1240 2637 γε
1259 2566 1373 2635 Mosch,
1394 2566 1483 2631 ἔκνιζε

211 2660 260 2701 τας
279 2638 362 2692 '¹ric.
383 2670 415 2677 —

282 2788 323 2834 tl.
340 2797 358 2834 a
371 2780 543 2850 digressione
557 2780 594 2833 ad
608 2797 666 2834 rem
677 2783 855 2850 praesentem
864 2780 945 2848 redit,
959 2780 1056 2834 eadem
1068 2779 1259 2850 navigationis
1271 2779 1395 2851 imagine
1409 2797 1483 2847 usus,

212 2871 268 2922 qua
282 2868 366 2922 supra
381 2868 417 2920 ias
427 2855 460 2920 s.)
474 2851 505 2905 in
519 2851 640 2905 transitu
654 2851 691 2905 ad
706 2851 906 2921 digressionem
921 2852 1049 2906 faciendo
1064 2869 1130 2905 usus
1145 2855 1218 2920 erat3
1238 2851 1272 2906 ef.
1288 2851 1325 2905 ad
1340 2849 1371 2905 0.
1385 2868 1435 2906 19³
1450 2883 1483 2891 —

211 2926 309 2978 κώπαν
328 2922 443 2993 σχάσον,
463 2940 568 2977 remum
588 2922 684 2976 inhibe
704 2955 737 2963 -
756 2923 905 2994 πρῴραθε·
928 2923 958 2977 in
981 2940 1064 2994 prora
1083 2940 1200 2977 ancoras
1224 2939 1374 2993 suspensas
1397 2921 1484 2976 fnisse

212 2996 343 3050 doeemur
356 2994 385 3049 P.
401 3014 429 3048 1v
445 3011 495 3060 ¹913
516 3011 647 3048 ancoram
664 2998 758 3048 autem
777 2994 830 3048 eici
849 2997 878 3048 et
895 2998 986 3049 terrae
1005 2994 1084 3064 infigi
1102 2995 1189 3063 iubet,
1208 3011 1243 3049 ne
1262 2993 1342 3048 navis
1362 2992 1484 3064 scopulis

210 3066 306 3120 illidat
324 3065 423 3135 (ἄλκαρ
442 3064 553 3133 πέτρας)
574 3098 606 3105 -
627 3071 668 3120 63.
688 3082 820 3120 ancoram
839 3065 995 3120 eiciendum
1014 3083 1074 3120 esse
1093 3065 1170 3134 dicit,
1190 3066 1266 3135 quod
1284 3064 1412 3119 encomia
1425 3081 1484 3119 ear·

211 3138 288 3191 mina
314 3154 399 3207 apum
424 3136 480 3190 ritu
506 3153 542 3190 va
563 3137 605 3190 ari
631 3136 751 3202 soleant,
778 3137 852 3190 unde
877 3137 1031 3207 periculum
1050 3154 1124 3204 esse,
1150 3153 1184 3191 ne
1204 3155 1222 3190 a
1239 3137 1383 3218 proposito
1403 3153 1484 3190 eursu

211 3208 322 3280 longius
341 3209 523 3263 aberrent-
543 3155 631 3270 Ἱωτος
649 3206 755 3277 ὕμνων·
775 3208 826 3263 flos
844 3208 1010 3276 hymnorum
1028 3208 1046 3262 i.
1062 3226 1084 3263 e.
1100 3207 1192 3262 floridi
1208 3208 1319 3277 hymm3
1339 3208 1372 3262 ef.
1389 3226 1484 3278 μουσι-

211 3289 262 3343 κᾶς
281 3276 312 3334 έν
331 3281 410 3352 ἀώτῳ
430 3278 461 3334 Ο.
481 3298 490 3331 1
511 3294 550 3347 15,
575 3276 705 3345 Χαρίτων
730 3279 822 3334 άωτον
846 3279 866 3334 Ι.
887 3299 935 3332 vm
953 3296 979 3333 ιε
1005 3311 1038 3319 -
1065 3286 1106 3333 et.
1131 3277 1304 3349 Ἐφυραίων·
1331 3278 1485 3333 scholiasta

212 3351 325 3405 Cineam
340 3352 483 3405 auctorem
497 3352 617 3419 secutus,
631 3349 754 3419 itemque
769 3349 870 3405 Strabo
884 3370 912 3403 11
930 3369 956 3420 p.
971 3367 1011 3405 ιω
1025 3353 1055 3404 et
1071 3350 1230 3420 Stephanus
1244 3350 1309 3419 Byr.
1321 3367 1340 3404 s.
1352 3369 1377 3405 v.
1393 3355 1484 3419 Κραν-

210 3424 280 3489 νών,
300 3424 481 3489 Crannonem,
501 3421 598 3475 urbem
617 3421 789 3490 Thessaliae,
812 3421 942 3476 similiter
961 3424 1045 3490 atque
1065 3421 1237 3489 Corinthum,
1257 3421 1324 3475 olim
1343 3421 1485 3491 Ephyram

210 3494 315 3548 dietam
342 3510 403 3547 esre
429 3496 458 3546 et
481 3491 541 3545 eius
559 3493 666 3546 incolas
685 3493 715 3546 in
733 3492 847 3547 Homeri
865 3509 947 3548 versu
966 3493 999 3548 N.
1015 3510 1053 3547 sor
1072 3494 1109 3546 τὼ
1133 3491 1222 3563 (Ἄρης
1240 3494 1288 3546 καλ
1308 3490 1408 3565 Φόβος)
1433 3493 1485 3563 μὲν

211 3564 258 3632 ἄρ’
280 3565 310 3618 ἐκ
331 3565 443 3636 Θρῄκης
458 3562 599 3632 Ἐφύρους
617 3561 685 3633 μέτα
704 3564 907 3632 θωρήσσεσθον
926 3563 958 3633 ἠέ
982 3564 1050 3634 μετὰ
1078 3563 1201 3634 Φλέγνας
1224 3562 1413 3634 μεγαλήτορας
1435 3581 1483 3618 no-

211 3636 285 3690 mine
302 3635 432 3704 Ἐφύραν
451 3634 609 3689 declaratos
629 3651 689 3689 esse
709 3635 854 3689 duxerunt.
882 3634 963 3699 Quod
982 3652 1044 3689 eum
1063 3635 1221 3690 Boeekhius
1240 3651 1337 3689 verum
1355 3651 1415 3689 esse
1434 3653 1484 3705 pu-

211 3709 308 3775 tasset,
324 3707 437 3761 chorum
452 3707 488 3760 ab
503 3706 645 3774 Aleuadis,
666 3706 785 3760 dominis
804 3706 940 3774 Larissae,
957 3723 990 3760 ex
1005 3706 1178 3776 Crannoniis,
1193 3706 1242 3776 qui
1257 3706 1392 3776 Scopadis
1406 3723 1484 3776 pare·

211 3780 294 3846 bant,
320 3779 488 3832 conductum
514 3794 574 3831 esse
600 3778 732 3847 opinatus
757 3781 808 3833 est.
854 3779 892 3830 At
917 3777 1064 3847 indignum
1089 3781 1118 3832 et
1142 3777 1303 3831 inauditum
1328 3780 1371 3831 est
1395 3794 1485 3846 neque

211 3849 345 3903 Pelinnae
365 3866 454 3917 neque
473 3849 601 3903 Larissae
620 3849 715 3917 luisse,
735 3848 783 3917 qui
802 3866 913 3903 carmen
933 3866 1031 3903 canere
1051 3852 1080 3903 et
1098 3849 1202 3903 saltare
1221 3851 1348 3918 possent;
1375 3865 1432 3917 qua
1450 3849 1485 3902 de

212 3938 298 3975 causa
323 3921 475 3974 Pindarum
501 3918 584 3974 aliter
610 3924 694 3988 atque
721 3920 836 3974 Cineam
855 3923 884 3974 et
902 3920 1068 3974 Strabonem
1086 3921 1179 3975 locum
1197 3920 1374 3974 Homericum
1400 3920 1484 3974 inter-

211 3996 353 4117 pretatum
372 4009 432 4045 esse
451 3996 480 4045 et
495 3990 634 4059 Ἐφύρους
648 3991 797 4046 Thessalos
816 4008 921 4059 omnes,
941 4009 996 4044 non
1014 3991 1121 4046 incolas
1140 3995 1233 4047 certae
1247 3990 1394 4045 cuiusdam
1407 3991 1485 4046 urbis

236 4063 390 4117 hesselieae
409 4062 580 4116 intellexisse
600 4063 730 4131 equidem
749 4063 821 4117 duco
840 4095 874 4102 —
894 4068 935 4116 56.
961 4064 1033 4131 ἀμφὶ
1052 4062 1188 4132 Πηνειόν·
1213 4063 1279 4116 hine
1297 4062 1435 4130 Larissae,
1455 4062 1483 4116 in

212 4134 274 4216 ³9⁵⁹
299 4135 361 4204 ‘5¹³³
385 4134 469 4188 pens
488 4133 609 4257 punis
633 4134 718 4216 Q
735 4133 1485 4260 stim?ttttleffilltllltadmittet

211 4205 486 4343 fssnnptrppgspnpp
505 4221 790 4346 ppptpppssprpsvpmr
809 4218 847 4330 id
871 4244 995 4346 patriam
1013 4249 1127 4330 victoris
1146 4278 1216 4330 haee
1229 4222 1485 4342 ’verbagrleferenti}

213 4349 246 4402 de
266 4350 349 4403 choro
368 4348 519 4418 interprete
538 4347 693 4401 sententiae
712 4351 812 4417 poetae
831 4347 896 4401 vide
922 4346 995 4401 Prol.
1015 4367 1096 4402 xcvii.
1116 4380 1150 4388 -
1169 4354 1211 4403 57.
1236 4348 1285 4402 τὸν
1305 4345 1483 4401 Ἱπποκλέαν·

213 4419 361 4473 articulum
379 4423 491 4489 praeter
505 4419 734 4472 consuetudinem
748 4419 855 4473 nomini
868 4419 980 4488 proprio
995 4422 1079 4488 poeta
1093 4418 1213 4488 addidit,
1228 4423 1259 4472 ut
1273 4419 1365 4489 ipsum
1379 4418 1485 4488 Hippo-

212 4491 296 4559 elem,
316 4508 398 4559 quem
417 4491 474 4543 iem
493 4510 518 4544 v.
534 4507 546 4544 s
565 4490 687 4556 dixerat,
711 4491 792 4559 quasi
811 4489 901 4561 digito
920 4494 1089 4544 monstraret
1108 4522 1141 4530 -
1161 4488 1202 4544 ἔτι
1220 4492 1269 4544 καλ
1287 4495 1403 4560 μᾶλλον·
1428 4507 1484 4544 eer-

212 4563 321 4616 tamina
335 4562 421 4615 etiam
437 4561 584 4631 Olympios
603 4562 638 4614 od
658 4561 800 4631 exemplar
818 4561 907 4631 patris
927 4561 1021 4615 subire
1039 4561 1223 4631 Hippoeleam
1241 4561 1410 4616 meditatum
1425 4578 1485 4615 esse

212 4638 297 4703 poeta
316 4633 457 4703 signifieat
471 4665 505 4672 --
522 4637 564 4686 58.
585 4632 615 4685 έν
634 4634 679 4686 καλ
700 4633 876 4701 παλαιτέροις
894 4650 944 4702 pro
963 4634 1011 4686 καὶ
1031 4632 1061 4686 ἐν
1080 4635 1127 4686 καλ
1146 4637 1209 4686 παλ.
1225 4634 1259 4686 cf.
1276 4633 1306 4687 O.
1323 4652 1343 4685 11
1357 4651 1390 4687 si.
1407 4652 1444 4685 vri
1459 4651 1485 4687 νυ

214 4737 245 4746 -
266 4712 308 4760 59.
331 4702 501 4772 παρθένοισι
525 4704 643 4773 μέλημα·
666 4703 798 4757 nimirum
816 4707 913 4774 gratus
931 4702 1033 4773 puellis
1052 4707 1095 4758 est
1114 4703 1222 4757 iuvenis
1241 4703 1373 4758 leudibus
1392 4707 1421 4757 et
1439 4721 1483 4757 oo-

211 4777 287 4830 ronis
307 4781 421 4830 ornatus
441 4808 473 4816 -
493 4782 535 4830 60.
559 4772 704 4841 ὑπέκνιξε,
732 4775 852 4829 subditis
877 4774 998 4829 stimulis
1022 4775 1092 4846 egit3
1119 4777 1152 4830 ef.
1173 4775 1273 4829 llorod.
1294 4794 1320 4826 rr
1340 4792 1366 4828 ee
1385 4775 1433 4828 τὸν
1453 4775 1482 4827 δὲ

208 4845 354 4916 Ἀρίστωνα
375 4848 462 4913 ἔκνιζε
482 4846 537 4914 ἄρα
555 4855 604 4916 τῆς
622 4846 755 4916 γυναικὸς
772 4847 874 4916 ταύτης
892 4846 907 4900 ὁ
928 4845 995 4914 έρως
1016 4880 1045 4886 —-
