3406 5378
668 952 919 1023 mmmmm]

469 1116 1117 1201 ΧΡΟΜΙΩιΑΙΤΝΑΙΩ,

242 2367 324 2427 Haec
352 2371 383 2427 et
409 2387 486 2445 quae
515 2371 683 2445 sequuntur
711 2368 784 2428 odae
812 2388 871 2428 non
895 2369 1058 2428 Nemeaeus
1082 2367 1223 2426 victorias
1246 2366 1428 2443 praedicant,

153 2456 204 2515 scd
228 2456 303 2514 alias
328 2457 486 2535 quasdam,
511 2457 644 2517 adiectae
668 2461 770 2517 autem
788 2458 944 2517 Nemeaeis
964 2477 983 2516 a
1001 2457 1204 2535 grammaticis
1223 2459 1302 2532 sunt,
1321 2458 1376 2515 aut
1394 2460 1429 2514 ut

152 2545 242 2604 huius
269 2546 442 2624 voluminis,
470 2546 575 2606 ceteris
605 2546 762 2625 brevioris,
789 2565 885 2606 vacua
912 2564 982 2622 pars
1010 2546 1158 2604 similibus
1186 2544 1321 2621 epiniciia
1350 2564 1427 2604 com·

151 2635 285 2710 pleretur
304 2639 366 2714 eut,
385 2636 411 2694 si
430 2635 502 2695 olim
520 2635 686 2695 Nemeaeae
706 2635 779 2696 odae
798 2638 867 2713 post
884 2635 1042 2695 Isthmicas
1061 2634 1177 2710 positae
1201 2652 1308 2712 agmen
1331 2652 1428 2693 sacro·

152 2744 218 2782 rum
241 2725 381 2784 ludorum
408 2724 601 2803 claudebant,
624 2729 660 2783 ut
692 2743 844 2785 sacrorum
873 2725 1013 2784 ludorum
1036 2723 1203 2800 praeconiis
1225 2723 1343 2799 reliqua
1366 2723 1427 2799 epi-

152 2814 231 2872 nicia
254 2813 489 2874 subtexerentur.

240 2903 284 2961 De
313 2901 451 2963 Chromin
479 2903 653 2981 Agesidami
681 2902 756 2980 lilio,
787 2904 835 2963 eui
864 2907 894 2962 et
921 2904 997 2961 hanc
1026 2902 1114 2961 odam
1137 2904 1168 2960 et
1190 2901 1226 2961 N.
1247 2919 1256 2957 1
1281 2900 1427 2959 Pindarus

152 2991 280 3068 scripsit,
303 2991 370 3051 vide
394 3011 470 3068 quaa
495 3010 586 3067 supra
610 2992 647 3051 ad
669 2992 706 3050 N.
726 3010 737 3049 1
760 2992 889 3067 praefati
912 3011 1023 3052 sumus.
1069 2990 1247 3068 Victoriam,
1272 3008 1348 3066 quae
1372 2989 1427 3048 hac

152 3079 209 3138 oda
239 3080 423 3158 illustratur,
454 3079 611 3140 Chromius
642 3081 701 3138 iam
732 3081 889 3158 aliquanto
919 3084 989 3140 aute
1020 3072 1103 3160 (ποτε
1127 3100 1153 3139 v.
1174 3072 1223 3160 ta)
1247 3078 1373 3154 Sicyone
1396 3078 1427 3136 in

152 3167 230 3226 ludis
253 3168 376 3227 Adrasti
405 3189 496 3229 curru
525 3172 738 3246 reportaverat.
784 3169 907 3228 Pindari
937 3172 1039 3229 autem
1068 3169 1099 3227 iu
1130 3168 1202 3228 aula
1232 3167 1315 3245 regia
1339 3167 1427 3242 Syra·

151 3276 262 3316 cusanc
285 3258 496 3318 commorantis
519 3259 745 3335 opportunitate
769 3258 926 3318 Chromius
950 3278 1022 3319 usus
1046 3277 1108 3317 esse
1132 3257 1260 3334 videtur,
1284 3256 1427 3314 utillum

151 3348 307 3406 victoriam
338 3347 429 3405 etiarn
459 3347 577 3424 aliquot
606 3347 692 3405 annis
721 3351 883 3423 postquam
906 3351 995 3424 parta
1018 3350 1095 3424 erat,
1125 3345 1354 3422 praedicandam
1378 3364 1427 3404 eu-

152 3440 239 3512 raret,
264 3455 325 3511 qua
348 3437 379 3494 in
402 3456 433 3494 re
460 3436 533 3494 illud
560 3455 679 3512 quoque
706 3437 860 3514 spectavit,
886 3440 922 3494 ut
947 3437 1015 3494 urbi
1033 3438 1148 3494 Aetnae
1172 3454 1267 3510 nuper
1290 3433 1427 3492 conditae

151 3519 191 3603 (v.
217 3541 240 3583 a.
265 3520 314 3605 30)
347 3525 534 3600 splendorem
564 3523 738 3603 magnificae
769 3544 896 3601 pompae
925 3525 1089 3602 praeberet.
1142 3525 1221 3582 Eum
1251 3524 1330 3582 enirn
1362 3528 1427 3581 tum

153 3613 295 3689 temporis
318 3634 377 3673 non
402 3614 566 3691 Syracusis,
591 3614 641 3672 sed
664 3615 779 3672 Aetnae
803 3614 978 3674 demumst
1008 3614 1090 3673 sedes
1115 3612 1255 3671 habuisse
1281 3612 1427 3688 principio

151 3703 291 3760 carminis
315 3705 417 3778 aperte
436 3703 622 3762 declaratum
640 3706 693 3778 est,
717 3703 765 3762 oui
783 3707 889 3778 poetae
909 3703 1081 3762 testimonio
1100 3704 1230 3761 alterum
1248 3701 1427 3760 scholiastae

151 3792 189 3849 ad
212 3792 249 3853 N.
269 3810 299 3849 rx
324 3792 410 3851 inser.
434 3792 560 3852 accedit:
591 3787 607 3851 ὅ
631 3790 763 3871 Χρόμιος
791 3783 878 3863 οὗτος
906 3791 992 3868 φίλος
1019 3784 1058 3870 ἣν
1077 3787 1209 3868 Ἱέρωνος
1232 3787 1427 3859 κατασταθεὶς

151 3875 203 3938 ὑπ’
224 3879 315 3941 αὐτοῦ
342 3889 394 3959 τῆς
418 3880 530 3958 Αἴτνης
559 3878 730 3960 ἐπίτροπος,
761 3878 834 3940 ὅθεν
864 3879 913 3941 καὶ
936 3881 1078 3950 Αἰτναῖος
1108 3877 1268 3958 ἐκηρύχθη.
1316 3878 1425 3948 Quam·

152 3989 242 4044 quem
266 3989 384 4048 vereor,
407 3991 443 4030 ne
467 3971 540 4030 haec
563 3970 718 4030 adnotatio
743 3970 798 4028 fide
822 3970 966 4030 historica
988 3972 1090 4029 careat
1112 3972 1143 4028 et
1166 3988 1184 4027 a
1208 3967 1369 4026 scholiasta
1392 3987 1427 4026 ex

151 4060 289 4118 carminis
312 4059 458 4135 principio
482 4058 553 4118 ficta
576 4059 624 4136 sit,
647 4060 726 4118 unde
746 4078 804 4118 uon
824 4078 930 4136 operae
950 4060 1080 4136 pretium
1099 4076 1161 4117 essa
1182 4057 1318 4115 ducimus
1338 4076 1427 4131 quae-

151 4168 222 4224 rere,
245 4151 348 4206 utrum
373 4151 442 4207 ante
465 4167 503 4207 au
527 4152 596 4224 post
618 4148 813 4208 Dinomenem
838 4148 934 4207 filium
956 4147 1095 4206 Hieronis
1119 4142 1161 4226 (v.
1179 4147 1210 4205 P.
1231 4165 1241 4202 1
1261 4140 1318 4226 60),
1342 4145 1427 4203 mini-

151 4238 241 4295 strine
270 4237 334 4296 loco
363 4257 400 4295 an
430 4256 484 4297 suo
512 4237 575 4313 ipse
603 4237 729 4314 imperio
759 4236 864 4296 urbem
886 4239 1016 4296 Aetnam
1040 4234 1265 4295 administrarit.
1311 4233 1369 4292 Sed
1393 4254 1428 4293 ex

150 4349 198 4403 eo,
227 4326 307 4402 quod
335 4326 390 4386 hoc
418 4345 536 4386 cannen
565 4327 596 4384 in
625 4326 766 4386 honorem
795 4326 879 4385 urbis
907 4345 1002 4402 nuper
1030 4325 1166 4384 conditae
1190 4317 1374 4404 (νεοκτίσταν
1398 4320 1428 4393 ἐς

152 4415 266 4474 Αἴτναν
281 4434 308 4473 v.
324 4407 356 4495 2)
370 4419 401 4473 et
414 4416 445 4472 iu
460 4416 515 4475 hac
530 4415 602 4474 urbe
617 4415 683 4491 ipsa
697 4419 852 4474 cantatum
868 4419 921 4490 est,
941 4415 1080 4491 colligere
1100 4414 1204 4490 audac,
1223 4414 1255 4472 id
1273 4433 1331 4472 nou
1351 4413 1427 4470 mul-

151 4510 216 4563 tum
236 4508 304 4580 post
323 4504 355 4565 P.
376 4523 386 4561 1
405 4508 436 4563 et
454 4508 523 4563 aute
547 4505 583 4563 N.
603 4523 613 4561 1
633 4504 831 4580 compositum
851 4524 922 4563 esse.
961 4503 1047 4573 Quod
1066 4523 1135 4563 vero
1155 4502 1323 4561 Boeclrhius
1341 4502 1426 4576 Expl.

150 4607 202 4652 oct
218 4614 261 4670 sq.
277 4593 381 4652 fabula
395 4593 517 4651 Adrasti
537 4595 567 4650 et
581 4592 756 4668 Amphiarai
776 4612 823 4651 res
843 4596 1011 4669 praesentes
1026 4592 1146 4668 oblique
1162 4592 1247 4668 tangi
1261 4595 1292 4649 et
1305 4590 1427 4649 Adrasti

150 4703 248 4742 sorore
269 4683 452 4758 Amphiarao
476 4682 506 4739 iu
531 4682 754 4740 matrimonium
775 4683 846 4740 data
866 4684 907 4763 (v.
925 4694 956 4740 16
972 4686 1029 4758 sq.)
1046 4682 1269 4740 rnatriinouiuni
1289 4680 1427 4739 Hieronis

149 4776 180 4830 et
204 4774 283 4831 tiliae
303 4771 487 4849 Xenocratis,
511 4770 636 4830 interitu
655 4770 831 4846 Amphiarai
855 4772 969 4831 cladem
988 4771 1170 4847 Thrasydaei
1195 4771 1248 4828 lilii
1273 4769 1427 4846 Theronis,
