3406 5378
509 384 559 435 111.
586 383 635 432 DE
653 383 762 433 LUDIS
782 384 828 433 ΕΤ
848 383 1022 433 EPlNlCIIS.
1298 380 1410 434 LXXIX

126 548 291 610 auctorem
315 549 444 609 secutus
469 544 557 608 omni
582 549 727 628 tempore
751 565 925 629 puerorum
950 543 1129 609 certamina
1147 542 1290 608 virorum
1311 549 1412 609 certa-

126 651 269 717 minibus
298 651 511 717 antecessisse
538 655 682 736 putaret,
715 651 856 736 quinque
889 650 956 716 dies
988 651 1138 716 ludorum
1168 648 1411 736 Olympicornm

127 758 368 824 distribuendos
393 757 569 823 censuerit:

214 866 320 952 primo
335 865 399 930 die:
419 864 579 930 sacrificia
593 861 792 952 (βουθυσία)
812 870 845 930 et
863 888 1014 931 recensus
1029 865 1224 931 certantium
1242 865 1410 930 hominum

128 977 160 1039 ct
183 995 349 1057 equorum,
1446 949 1455 971 ⁰

215 1080 355 1144 secundo
379 1079 443 1144 dic:
467 1078 646 1144 certamina
667 1101 852 1164 puerorum,

215 1186 313 1251 tertio
338 1186 402 1251 die:
434 1186 578 1251 virorum
609 1187 755 1269 δόλιχος,
788 1186 935 1265 στάδιον,
967 1188 1119 1269 δίαυλος,
1153 1185 1256 1269 πάλη,
1288 1188 1411 1269 πνγμή,

128 1293 343 1379 παγκράτιον,
366 1304 475 1377 κῶμος
497 1303 565 1357 τῶν
588 1295 805 1377 νικήσαντων,

218 1406 335 1487 quarto
368 1402 432 1465 die:
468 1401 684 1487 ἱπποδρομία,
716 1400 922 1485 πένταθλον,
955 1401 1100 1466 ὁπλιτῶν
1132 1403 1269 1488 δρόμος,
1303 1412 1413 1485 κῶμος

129 1521 196 1574 τῶν
218 1508 438 1592 νικησάντων,

219 1617 332 1701 quinto
356 1616 423 1681 dier
447 1615 607 1681 sacrificia
630 1616 790 1681 victorum
814 1619 847 1680 et
868 1616 1052 1701 legatorum
1076 1615 1199 1699 epulae.

325 1813 378 1877 De
406 1834 562 1877 numero
591 1818 628 1877 et
657 1812 870 1878 sortitione
898 1813 1219 1878 concertantium.

219 1938 259 2004 In
291 1937 455 2004 difficilem
487 1938 553 2002 iam
587 1937 812 2021 quaestionem
844 1937 882 2000 de
915 1937 1086 2002 sortitione
1119 1943 1152 2002 et
1181 1959 1317 2002 numero
1349 1959 1414 2002 cer·

132 2046 272 2110 tantium
296 2045 484 2111 delabimur.
529 2043 676 2109 Primum
702 2044 805 2130 igitur
833 2043 978 2108 omnium
1006 2044 1068 2109 hoc
1097 2045 1132 2108 in
1158 2044 1332 2131 propatulo
1356 2048 1415 2129 est,

130 2175 196 2218 non
229 2152 373 2217 omnium
406 2150 619 2217 certaminum
653 2151 786 2215 eandem
820 2151 855 2215 in
889 2150 951 2214 hac
983 2173 1017 2214 re
1054 2151 1274 2215 conditionem
1304 2149 1414 2215 tuisse.

131 2258 280 2345 Namque
304 2259 344 2324 ad
366 2259 504 2342 luctam,
531 2256 729 2343 pugilatum,
754 2274 898 2342 pugnam
922 2261 1093 2340 armatam,
1121 2257 1326 2343 pancratium
1349 2277 1415 2320 non

132 2366 240 2453 plures
269 2389 367 2451 quam
390 2366 485 2430 binos
509 2365 544 2429 in
567 2386 698 2428 arenam
722 2362 912 2428 descendere
935 2363 1081 2447 potuisse
1104 2369 1208 2449 patet,
1236 2364 1292 2429 scd
1319 2385 1416 2429 cursu

133 2478 166 2539 et
193 2474 283 2559 equis
310 2494 437 2538 necnon
464 2470 551 2536 saltu
578 2476 611 2535 ct
637 2470 744 2535 iaculo
772 2473 805 2534 ct
828 2468 917 2533 disco
941 2469 1023 2534 nihil
1046 2471 1214 2556 obstabat,
1243 2471 1416 2565 quominus

132 2581 242 2666 plures
273 2580 359 2644 inter
388 2601 423 2644 sc
455 2582 625 2644 certarent.
680 2575 790 2662 Atque
820 2576 855 2640 in
884 2575 1028 2643 Patrocli
1057 2578 1169 2643 funere
1203 2600 1299 2643 curru
1332 2583 1416 2662 octo,

134 2710 230 2753 cursu
253 2691 319 2751 tres
344 2690 484 2751 certasse
503 2684 666 2750 Homerus
689 2683 809 2769 prodit,
830 2684 979 2769 idemque
1001 2684 1164 2750 Phaeaces
1188 2685 1337 2770 sedecim,
1360 2684 1415 2769 qui

134 2816 252 2860 nomen
278 2793 416 2879 professi
440 2797 547 2877 erant,
575 2814 686 2858 omnes
715 2790 812 2856 simul
837 2814 950 2857 cursus
974 2796 1138 2857 certamen
1159 2791 1272 2858 iniisse
1295 2796 1416 2856 narrat.

135 2900 293 2967 Similiter
320 2900 354 2964 in
378 2900 484 2965 Peliae
512 2899 597 2964 ludis
625 2898 817 2963 funebribus
846 2920 901 2964 sex
924 2898 1025 2985 bigis,
1052 2898 1193 2984 quinque
1221 2900 1338 2984 pedum
1366 2922 1417 2963 ve-

134 3009 267 3073 locitate
288 3012 427 3072 ccrtassc
446 3008 602 3071 feruntur.
640 3006 799 3070 Pindarus
818 3027 894 3070 vero
916 3003 951 3070 P.
965 3025 987 3070 v
1003 3007 1046 3071 49
1071 3003 1229 3090 Pythiade
1252 3006 1417 3071 tricesima

136 3115 241 3200 prima
264 3114 491 3200 quadraginta,
516 3113 693 3198 Sophocles
717 3111 767 3177 El.
788 3113 851 3178 708
875 3113 909 3176 in
937 3112 1109 3197 fabulosis,
1138 3115 1193 3178 sed
1217 3115 1257 3179 ad
1285 3136 1417 3179 consue·

136 3222 283 3287 tudinem
305 3243 382 3287 snae
405 3221 521 3286 aetatis
546 3220 735 3286 assimilatis
759 3219 844 3284 ludis
863 3218 991 3304 Pythiis
1011 3220 1135 3286 Orestis
1154 3221 1265 3287 decem
1286 3221 1416 3308 aurigas

135 3330 222 3395 inter
249 3351 284 3393 se
312 3329 443 3394 collisos
471 3351 541 3392 esse
569 3333 689 3393 narrat.
736 3326 798 3393 Sed
826 3328 861 3391 in
888 3328 939 3391 his
963 3351 1092 3413 quoque
1116 3329 1213 3414 ludis,
1241 3330 1417 3416 inquibus

135 3438 244 3522 plures
268 3436 364 3501 simul
388 3440 551 3500 certamen
573 3435 656 3499 inire
684 3439 850 3520 poterant,
877 3435 934 3499 ubi
956 3435 1044 3500 iusto
1072 3437 1181 3521 plures
1211 3438 1345 3502 nomina
1367 3438 1418 3502 dc-

137 3545 264 3628 derant,
292 3565 363 3608 mos
387 3542 538 3624 invaluit,
566 3547 604 3606 ut
626 3542 660 3606 in
684 3541 765 3606 duos
789 3542 917 3607 ordines
942 3542 1226 3628 distribuerentur,
1249 3549 1282 3608 et
1304 3544 1361 3628 qui
1383 3544 1417 3608 in

136 3655 275 3737 utroque
299 3648 410 3714 ordine
434 3650 616 3735 superiores
640 3648 834 3735 evasissent,
862 3650 966 3714 denuo
994 3650 1137 3715 interae
1161 3650 1199 3714 dc
1222 3650 1331 3735 palma
1354 3671 1419 3716 cer-

137 3762 253 3822 tarent.
298 3755 371 3821 Hoc
399 3756 529 3840 quidem
556 3757 594 3821 de
622 3756 809 3823 cursoribus
834 3755 1011 3842 Olympicis
1040 3757 1187 3822 disertim
1212 3757 1312 3822 tradit
1336 3757 1418 3820 vPau-

138 3865 245 3929 sanias
260 3881 297 3928 VI
316 3866 367 3949 13,
382 3866 417 3929 4:
440 3862 610 3949 τέσσαρας,
634 3864 678 3940 ὡς
701 3862 832 3928 ἕκαστοι
855 3870 1090 3947 συνταχθῶσιν
1113 3863 1178 3928 ὑπὸ
1201 3872 1261 3927 τοῦ
1284 3865 1419 3949 κλήρου,

138 3970 192 4036 καὶ
220 3971 281 4036 οὐκ
307 3970 455 4057 ἀθρόους
478 3972 618 4057 ἀφιᾶσιν
641 3969 674 4048 ἐς
697 3971 757 4035 τὸν
780 3971 919 4057 δρόμον·
949 3975 983 4035 οἳ
1008 3969 1041 4035 δ’
1066 3970 1109 4036 διν
1132 3970 1167 4035 ἐν
1191 3967 1309 4056 ἑκάστῃ
1332 3969 1419 4049 τάξει

138 4080 361 4165 κρατήσωσιν,
388 4077 471 4165 ὑπὲρ
500 4079 611 4143 αὐτῶν
636 4073 739 4155 αὖθις
765 4076 883 4143 δέουσι
907 4090 975 4144 τῶν
997 4081 1128 4162 ἄθλων,
1155 4077 1211 4143 καὶ
1234 4079 1320 4144 οὕτω
1344 4095 1420 4144 στα-

139 4186 214 4251 δίου
238 4187 301 4251 δύο
324 4188 342 4253 ὁ
365 4186 630 4272 στεφανούμενος
656 4184 868 4270 ἀναιρήσεται
891 4188 993 4262 νίκας.

230 4293 270 4356 ln
297 4292 445 4379 pugilatu
476 4297 585 4356 autem
615 4297 648 4356 et
677 4292 767 4357 lucta
796 4298 828 4356 ct
857 4293 1025 4377 pancratio
1059 4294 1198 4358 alterum
1225 4315 1264 4358 ex
1294 4294 1420 4359 duobus

140 4423 206 4466 non
229 4399 300 4464 fieri
322 4420 389 4463 non
409 4398 534 4484 potuit,
558 4404 596 4463 ut
620 4402 677 4463 aut
699 4399 828 4481 plutum
852 4422 950 4484 quam
972 4401 1110 4465 duorum
1132 4401 1265 4466 nomina
1288 4401 1420 4465 omnino

140 4530 205 4573 non
237 4506 470 4591 reciperentur,
502 4510 558 4570 aut
586 4505 613 4569 si
640 4505 749 4592 plures
778 4507 911 4571 admissi
939 4514 1059 4593 essent,
1092 4508 1115 4572 ii
1143 4509 1177 4573 in
1207 4508 1301 4593 plura
1329 4509 1422 4595 paria

141 4614 422 4679 distribuerentur.
473 4610 589 4696 Itaque
619 4613 706 4697 quod
737 4613 773 4678 in
805 4637 900 4679 cursu
932 4637 1041 4681 rarum
1072 4616 1136 4680 fuit
1165 4638 1269 4700 neque
1299 4616 1364 4681 nisi
1394 4617 1420 4679 ai

140 4718 227 4785 iusto
260 4719 364 4784 maior
395 4740 549 4783 numerus
581 4723 838 4788 concertantium
871 4723 1041 4790 exstiterat
1072 4725 1196 4790 factum
1229 4728 1292 4809 cst,
1323 4723 1356 4786 id
1387 4724 1420 4787 in
1538 4788 1550 4809 .

141 4825 192 4891 his
221 4827 393 4913 generibus
422 4825 635 4893 certaminum
661 4829 816 4897 sollemne
844 4831 916 4897 fuit.
961 4832 1069 4918 Atque
1093 4832 1239 4897 disertim
1262 4830 1421 4895 Pindarus
