3406 5378
716 396 848 447 earnm
866 396 899 449 x.
1378 394 1441 458 217

168 566 232 621 lam
259 561 452 622 sollemnibus
480 562 579 638 ipsum
608 562 777 622 interfuisse
801 584 836 622 ex
859 584 886 623 v.
907 574 940 623 σο
964 564 1138 623 concludere
1162 563 1281 643 audeat,
1305 564 1442 641 equidem

169 672 227 711 non
256 652 444 711 intercedam.
492 652 621 711 Chorum
650 655 728 711 certe
756 653 800 710 ita
827 653 998 729 loquentem
1022 653 1105 731 feeit,
1133 656 1169 712 ut
1192 673 1269 730 quae
1292 654 1354 730 ipso
1379 673 1442 713 sen-

169 742 252 818 tiret,
283 741 390 800 chorus
421 740 669 817 interpretaretur
698 732 740 821 (v.
760 733 821 823 50),
852 745 883 800 et
913 760 988 818 quas
1015 744 1115 818 partes
1143 746 1232 819 poeta
1263 762 1331 802 cum
1353 743 1441 803 ohoro

169 831 327 907 intererat,
349 833 429 888 recte
453 830 646 908 suscipiebat,
669 850 719 889 eas
743 831 833 889 etiam
857 850 925 889 cum
949 832 1053 890 aberat
1075 831 1225 891 retineret.
1270 832 1441 908 Epodorum

169 939 239 980 vero
267 938 302 977 ea
330 919 526 978 conformatio
555 922 613 996 est,
640 923 676 977 ut
703 938 902 996 unaquaeque
931 939 1035 978 earum
1058 921 1146 996 pleno
1170 924 1201 980 et
1223 922 1354 997 perfecto
1378 939 1442 980 sen·

170 1009 333 1068 tentiarum
359 1008 428 1067 orbe
455 1008 613 1067 claudatur
637 999 678 1089 (v.
701 1018 741 1067 18.
761 1020 804 1069 ae.
824 1022 866 1070 54.
887 1001 943 1088 72),
970 1009 1050 1085 quod
1077 1010 1133 1069 etsi
1160 1010 1319 1068 admodum
1342 1010 1442 1085 laudo,

170 1100 270 1157 tamen
294 1098 324 1156 id
349 1097 457 1156 mirum
480 1101 537 1174 ost,
562 1098 641 1173 quod
665 1098 739 1156 artis
762 1099 821 1174 lex,
845 1118 936 1175 quam
959 1098 1107 1158 Pindarus
1131 1098 1160 1157 in
1184 1099 1234 1177 iis,
1258 1119 1336 1176 quae
1355 1117 1443 1158 senex

170 1188 290 1263 scripsit
307 1187 488 1247 carminibus
507 1187 636 1247 excoluit
659 1178 710 1267 (cf.
731 1206 793 1265 arg.
814 1186 846 1247 0.
867 1180 946 1269 κισ),
965 1188 1026 1247 iam
1046 1188 1076 1246 in
1096 1187 1220 1247 iuvenili
1239 1189 1294 1249 hoc
1313 1187 1442 1248 carmine

171 1277 328 1336 observata
351 1280 404 1336 est.

218 1484 331 1568 Ὀλβία
355 1486 586 1569 Λακεδαίμων·
1244 1489 1323 1569 Στρ.
1347 1485 1389 1548 α’.

223 1593 367 1677 μάκαιρα
393 1596 569 1657 Θεσσαλία·
592 1594 716 1677 πατρὸς

266 1698 295 1763 δ’
324 1699 527 1785 ἀμφοτέραις
551 1698 582 1778 ἐξ
606 1698 679 1776 ἑνὸς

223 1806 446 1891 ἀριστομάχου
470 1806 565 1890 γένος
583 1806 764 1892 Ἡρακλέος
786 1810 961 1891 βασιλεύει.

223 1918 257 1977 τί
278 1912 409 2005 κομπέω
433 1917 522 1999 παρὰ
545 1918 675 1997 καιρόν;
699 1913 782 1979 ἀλλά
805 1938 843 1999 με
868 1920 937 1980 Πυ-

267 2022 320 2085 θώ
344 2020 454 2085 τεκαὶ
479 2023 515 2086 τὸ
540 2025 757 2086 Πελιν-ναῖον
781 2021 877 2086 ἀπύει

190 2146 205 2191 5
224 2126 341 2192 Ἀλεύα
366 2152 398 2193 τε
422 2129 550 2210 παῖδες,
569 2124 741 2214 Ἱπποκλέα
764 2127 919 2205 θέλοντες

225 2234 361 2317 ἀγαγεῖν
384 2234 565 2319 ἐπικωμίαν
588 2234 721 2319 ἀνδρῶν
743 2236 868 2299 κλυτάν
891 2236 963 2299 ὅπα.
1414 2254 1446 2300 10

227 2450 354 2536 γεύεται
379 2450 442 2533 γάρ
466 2447 610 2513 ἀέθλων·
1244 2448 1326 2514 Ἁντ.
1350 2447 1393 2512 α’.

244 2715 325 2749 raam
344 2715 446 2751 ascrro.
485 2696 569 2750 Inscr.
589 2714 642 2751 om.
662 2697 736 2763 BD,
752 2694 892 2750 Ἴπποκλεῑ
912 2700 1040 2768 Θεσσαλῷ
1060 2697 1139 2750 παιδὶ
1160 2694 1353 2768 διαυλοδρόμῳ
1369 2696 1400 2749 Ε
1412 2727 1440 2735 --

174 2767 278 2822 Schol:
298 2763 334 2836 ἦν
347 2766 398 2837 μὲν
412 2768 443 2821 τὸ
458 2767 538 2837 γένος
552 2767 567 2822 ό
582 2770 762 2839 προκείμενος
777 2765 930 2837 νικηφόρος
941 2765 1087 2835 Θεσσαλός,
1101 2765 1207 2831 πόλεως
1221 2767 1252 2822 δὲ
1263 2763 1446 2821 Πελινναίου·

174 2836 283 2907 ἐνίκησε
306 2836 337 2893 δέ·
361 2839 412 2908 τὴν
439 2839 566 2907 εἰκοστὴν
585 2838 720 2907 δευτέραν
738 2839 885 2907 Πυθιάδα,
909 2838 1018 2908 ἐνίκησε
1038 2837 1068 2893 δὲ
1088 2841 1135 2893 καί
1155 2839 1199 2912 οβ’
1220 2840 1268 2893 καλ
1288 2838 1331 2907 ιγ’
1351 2837 1447 2907 Ὀλυμ·

173 2909 262 2964 πιάδα
278 2954 283 2963 .
300 2954 305 2965 .
322 2954 328 2965 .
343 2909 373 2963 ἐν
392 2909 423 2964 δὲ
442 2919 476 2981 τῇ
495 2912 566 2981 αὐτῇ
585 2909 673 2984 ἡμέρᾳ
693 2906 801 2979 ἐνίκησε
826 2912 873 2964 καί
892 2909 1015 2979 στάδιον,
1035 2906 1068 2965 οδ
1088 2912 1138 2965 οὐκ
1158 2911 1293 2981 ἐμνήσθη,
1312 2908 1377 2972 ἴσως
1396 2917 1446 2964 τοῦ

173 2982 289 3035 διαύλου
304 2980 391 3047 μόνου
410 2982 514 3050 μισθὸν
529 2983 629 3054 λαβὼν.
645 3014 677 3021 -
695 2987 718 3035 1,
733 2980 909 3051 λακεδαίμων
920 2983 947 3035 Β
953 2981 960 3017 ί
974 2985 1144 3051 λακεδαῖμον
1158 2984 1185 3037 Β
1191 2992 1200 3017 ¹⁵
1211 2983 1239 3036 Ι)
1251 3015 1282 3020 -
1294 2986 1317 3035 3.
1332 2979 1446 3048 Ἀριστο-

174 3052 263 3123 μα’χου
288 3052 384 3121 Heyne
404 3085 436 3091 —
456 3060 481 3105 4.
505 3050 543 3118 τίς
568 3051 678 3121 κομπέω
697 3054 775 3121 παρὰ
799 3050 912 3121 καιρόν;
938 3054 1112 3123 interpunxit
1129 3054 1284 3107 Mommsen
1302 3086 1337 3093 -
1355 3050 1447 3122 παρότι

175 3124 246 3177 κατὰ
265 3123 350 3177 schol.
368 3157 399 3163 —
417 3127 561 3178 πελιναῑον
575 3124 613 3192 D,
632 3128 741 3178 παλινν.
762 3125 804 3177 Bi
821 3157 852 3165 -
868 3124 953 3178 ἀπύει
971 3143 1005 3178 ex
1024 3124 1126 3179 ἀπύειν
1144 3141 1211 3178 corr.
1230 3126 1258 3179 D
1273 3158 1304 3165 -—
1321 3132 1345 3179 5.
1365 3124 1446 3179 λππο-

175 3195 239 3249 κλέα
259 3196 326 3249 BD
344 3193 378 3235 -‘
399 3201 422 3249 δ.
443 3196 555 3263 ἀνδρῶν
573 3195 669 3250 codd:
689 3193 761 3250 νέων
779 3195 849 3249 coni.
871 3196 982 3250 Schmid
1005 3229 1035 3235 --

246 3373 433 3409 corrasumnrr.
471 3373 496 3408 v.
518 3360 593 3408 1-3.
620 3354 839 3409 Lacedaemonis
863 3358 892 3410 et
910 3354 1073 3411 Thessaliae
1096 3373 1176 3423 reges
1200 3356 1236 3410 ab
1255 3354 1374 3410 Hercule
1393 3354 1448 3409 ori·

175 3427 268 3495 pinam
287 3426 400 3479 duxisse
420 3429 539 3490 constat,
559 3445 584 3480 v.
603 3426 676 3480 Prol.
696 3445 775 3492 xxm3
795 3426 863 3495 quin
882 3426 967 3493 etiam
986 3427 1162 3481 Thessaliam
1182 3444 1199 3481 a
1218 3427 1361 3495 Thessalo,
1380 3426 1448 3481 Her-

175 3498 246 3552 culis
261 3498 327 3557 filio,
343 3497 552 3551 denominat-am
567 3513 627 3551 csse
642 3496 743 3552 Strabo
759 3518 788 3550 rx
805 3516 832 3567 p.
847 3515 888 3552 ιιι
906 3498 1036 3554 ίτοάἰδίίι
1055 3498 1129 3561 τινὲς
1144 3497 1174 3553 δὲ
1190 3498 1247 3553 ἀπὸ
1261 3497 1384 3567 Ἐφύρας
1398 3506 1447 3567 τῆς

177 3567 371 3636 Θεσπρωτίδος
394 3567 552 3637 ἀπογόνους
567 3566 694 3638 ’λντίφου
712 3570 761 3622 καλ
780 3567 950 3635 Φειδίππου,
974 3579 1028 3624 τῶν
1049 3573 1189 3625 Θετταλοῦ
1207 3579 1257 3625 τοῦ
1273 3566 1449 3639 Ἡρακλέους,

176 3641 349 3702 ἐπελθόντας
368 3640 426 3693 ἀπὸ
447 3643 586 3695 Θετταλοῦ
605 3649 654 3694 τοῦ
674 3641 780 3695 ἑαυτῶν
798 3639 940 3710 προγόνου
958 3641 1009 3709 τὴν
1028 3643 1121 3710 χώραν
1140 3640 1285 3724 ὁνομάσαι.
1323 3641 1449 3710 Denique

175 3713 317 3766 Alcuadas
346 3711 382 3764 ab
410 3710 568 3765 Heraclidis
596 3711 728 3765 oriundos
756 3711 842 3766 fuisse
870 3712 996 3766 disertim
1025 3713 1110 3767 refert
1135 3712 1273 3801 Ulpianus
1302 3714 1338 3767 ad
1371 3713 1449 3767 Dem.

176 3783 285 3853 lllymp,
307 3803 328 3838 1:
352 3781 459 3845 Ἀλεύας
478 3780 617 3852 ἀπόγονός
639 3804 681 3846 τις
703 3792 751 3837 τοῦ
771 3782 921 3851 Ἡρακλέος
941 3784 1077 3845 Θετταλὸς
1101 3784 1269 3853 ἐτοραννησε
1295 3787 1450 3849 Θετταλῶν,

176 3851 236 3909 εἶτα
250 3856 298 3908 καὶ
313 3853 340 3908 cl
354 3854 453 3907 τούτου
468 3856 573 3916 παῖδες.
594 3853 688 3908 Etiam
703 3855 886 3925 Hippocleam
902 3855 1026 3908 ciusdem
1042 3856 1137 3925 stirpis
1149 3855 1302 3910 Herculeae
1317 3856 1404 3909 tuisse
1418 3858 1451 3908 ut

176 3926 313 3995 suspicari
323 3925 398 3993 licet,
408 3924 450 3979 ita
459 3926 622 3979 confirmare
637 3926 811 3980 documentis
826 3943 880 3981 non
896 3925 1006 3981 licet-
1018 3933 1041 3981 2.
1057 3928 1181 3995 principa
1195 3927 1259 3995 plus
1272 3927 1351 3981 valet
1364 3943 1449 3995 quam

176 3997 270 4070 ὀλβία·
295 3996 429 4067 μακάρων
448 3995 522 4049 enim
540 3997 686 4067 epitheton
709 3998 825 4051 deorum
848 4014 998 4066 eorumque
1022 3998 1174 4053 anricorum
1192 3998 1335 4068 proprium
1354 4000 1398 4051 est
1416 4028 1449 4038 -

176 4076 200 4122 l.
219 4072 249 4122 τί
266 4065 389 4136 κομπέω·
414 4066 544 4121 similiter
565 4068 638 4122 dixit
655 4069 719 4123 Eur.
739 4067 798 4124 Alc.
817 4086 856 4123 εοι
876 4067 969 4139 δόμων
988 4069 1041 4139 γὰρ
1061 4072 1124 4134 ζῶσι
1142 4072 1228 4124 τῶνδε
1248 4067 1389 4123 δεσπόται,
1422 4066 1449 4122 τί

177 4144 271 4206 {dorm
289 4172 324 4179 -
343 4142 524 4193 Πελινναῖον·
545 4140 679 4209 oppidum
698 4139 874 4201 Thessaliae.
893 4141 923 4194 in
941 4157 996 4209 quo
1015 4140 1180 4211 Hippoclem
1198 4141 1334 4195 rictorem
1351 4142 1451 4194 natum

177 4229 238 4265 cssc
257 4209 365 4265 scholia
383 4210 506 4264 tradunt.
536 4211 646 4265 Nomen
664 4211 760 4281 oppidi
780 4210 922 4282 proprium
941 4213 1064 4267 Πίλιννα
1083 4211 1146 4280 t'uit,
1165 4213 1238 4266 unde
1253 4212 1289 4265 ad
1304 4212 1335 4265 τὸ
1350 4214 1450 4267 Πελιν-

178 4292 259 4336 ναῖον
278 4282 394 4352 suppleo
414 4281 483 4334 ύστυ
503 4282 547 4336 sel
566 4281 641 4349 ἱερόν
660 4283 704 4337 vel
724 4282 815 4337 simile
834 4283 981 4351 quiddam3
1001 4283 1151 4337 articulum
1170 4284 1244 4337 enim
1262 4283 1369 4338 nomini
1388 4301 1451 4354 pro-

176 4353 237 4424 prio
261 4352 315 4423 ipsi
339 4352 442 4406 addere
465 4352 587 4407 Pindaro
610 4371 665 4407 non
688 4354 776 4408 licuit.
814 4354 950 4409 Similiter
973 4356 993 4409 l.
1013 4374 1040 4407 vr
1059 4372 1083 4410 ει
1104 4356 1270 4426 Pergamum
1289 4354 1362 4408 dixit
1380 4359 1451 4424 Περ-

178 4423 282 4494 γαμίαν
301 4442 338 4478 sc.
357 4421 439 4477 πόλιν
458 4456 491 4463 -
512 4430 536 4477 ῠ.
553 4423 645 4478 Ἀλεύα
663 4428 774 4494 παῖδες,
794 4425 906 4479 Thorax
924 4426 1082 4495 Eurypylus
1101 4426 1308 4493 Thrasydaeun,
1328 4426 1376 4494 qui
1401 4443 1451 4496 pro

177 4496 313 4565 Hippon-lc
333 4494 558 4549 comissatiouem
577 4495 735 4550 faciendam
755 4500 929 4551 curaverunt.
959 4497 1051 4550 Minus
1065 4496 1140 4551 enim
1154 4497 1249 4566 placet
1262 4497 1356 4567 opinio
1373 4497 1451 4551 scho-

178 4566 279 4621 liastae
294 4565 444 4620 Thessales
463 4582 558 4619 omnes
577 4567 613 4619 ab
633 4585 687 4621 uno
702 4568 792 4622 Aleua
807 4568 979 4638 significatos
995 4567 1186 4637 intellegentis
1200 4601 1236 4609 —
1250 4574 1275 4622 6.
1297 4566 1451 4637 ἐπικωμίαν

178 4640 289 4705 ἀνδρῶν
313 4637 383 4700 ὅπα,
406 4653 502 4690 rocem
526 4636 648 4691 virorum
671 4638 700 4692 in
724 4640 921 4694 comissatione
940 4640 1078 4693 edendam
1100 4656 1185 4707 quam
1204 4643 1289 4709 poeta
1308 4638 1378 4692 dicit
1396 4655 1452 4693 non

178 4708 318 4763 ἐπινικίαν
334 4709 381 4763 sed
398 4706 560 4777 ἐπικωμίαν,
575 4708 650 4777 quod
664 4720 755 4779 κῶμος
769 4712 881 4779 ἀνδρῶν
896 4710 1038 4765 sollemnis
1053 4708 1173 4764 formula
1188 4713 1261 4773 crat;
1276 4708 1311 4763 cf.
1322 4709 1356 4763 N.
1367 4727 1416 4762 rur
1426 4726 1452 4763 so

179 4781 327 4851 ἐπικώμιος
341 4780 427 4851 ύμνος
441 4812 474 4818 -
490 4784 513 4832 7.
533 4779 643 4849 γεύεται
659 4779 779 4850 ἀέθλων,
794 4782 900 4851 gaudet
914 4781 1122 4851 certaminibus,
1137 4782 1212 4849 quod
1227 4780 1348 4834 libenter
1362 4784 1452 4834 certa-

179 4853 256 4906 mina
275 4852 367 4921 subit,
387 4853 420 4906 cf.
441 4850 474 4906 N.
494 4869 521 4903 vr
540 4870 566 4905 aa
583 4849 678 4906 πόνων
698 4852 900 4922 ἐγεύσαντο-
