3406 5378
549 384 598 436 111.
625 384 675 435 DE
694 383 803 436 LUDIS
822 386 868 436 ET
887 386 1064 439 EPINICIIS.
1348 383 1448 438 LXXV

166 550 199 611 et
226 566 345 631 pueros
370 545 583 611 certaminum
606 551 773 612 consortes
798 547 867 612 fieri
891 547 1077 631 voluerunt,
1104 552 1234 613 etcum
1261 569 1379 632 pueros
1402 547 1449 613 in·

165 654 277 718 firmos
297 676 370 718 cum
389 652 467 718 viris
487 653 607 717 adultis
627 654 831 719 committere
849 653 997 739 iniquum
1016 677 1087 719 esse
1107 654 1278 738 videretur,
1299 660 1449 740 separata

165 760 343 827 ortamine
356 782 529 844 puerorum
542 757 702 847 (παίδων)
717 767 750 826 et
764 761 907 826 virorum
921 759 1085 850 (ἀνδρῶν)
1099 763 1322 827 instituerunt.
1348 762 1448 827 Athe·

167 867 294 933 nienses
318 889 394 933 vero
417 866 491 931 inde
511 890 535 931 a
558 873 674 952 quarto
705 869 833 933 saeculo
858 891 885 933 a.
905 866 978 934 Chr.
1003 870 1102 934 etiam
1130 869 1260 957 longius
1283 870 1448 955 progressi

167 976 308 1061 primum
337 975 402 1038 tria
428 975 642 1039 certaminum
670 975 858 1040 discrimina
885 979 1016 1042 παίδων
1043 974 1099 1041 καί
1127 975 1286 1059 ἀγενείων
1313 974 1369 1040 καί
1392 975 1449 1040 ἀν-

168 1083 268 1167 δρῶν,
289 1080 403 1146 deinde
422 1081 472 1145 vel
492 1087 632 1166 quatuor
651 1081 767 1147 aetatis
788 1082 907 1167 gradus
927 1083 1154 1170 statuerunt.¹)
1186 1084 1294 1168 Atque
1309 1087 1450 1168 quatuor

167 1187 297 1272 quidem
315 1188 433 1252 aetatis
457 1189 575 1274 gradus
594 1188 676 1252 nihil
696 1195 782 1254 certe
801 1189 841 1253 ad
860 1188 992 1254 Pindari
1011 1191 1150 1274 epinicia
1169 1190 1346 1275 pertinent3
1368 1190 1449 1254 illud

167 1299 277 1361 autem
301 1295 444 1360 dubitari
466 1300 590 1381 potest,
612 1318 690 1360 num
712 1295 872 1361 Pindarus
895 1297 1068 1362 discrimen
1090 1320 1266 1383 puerorum
1289 1295 1448 1384 (παίδων)

168 1408 201 1468 et
222 1403 376 1468 iuvenum
399 1400 588 1489 (ἀγενείων)
615 1424 748 1487 prorsus
776 1403 985 1490 ignoraverit.
1032 1403 1210 1490 Olympicie
1235 1404 1365 1488 quidem
1388 1403 1450 1489 Py·

167 1511 308 1595 lhiisque
340 1509 425 1574 ludis
458 1509 588 1592 ἀγῶνας
620 1512 751 1576 παίδων
783 1516 815 1576 et
849 1510 1009 1593 ἀγενείων
1041 1533 1107 1576 non
1141 1512 1314 1577 distinctos
1348 1511 1448 1576 fuisse

167 1640 207 1684 ex
229 1616 428 1684 testimoniis
451 1616 630 1682 Pausaniae
654 1623 688 1683 et
709 1617 903 1684 Philostrati
931 1640 1030 1704 supra
1052 1617 1161 1684 allatis
1189 1617 1449 1705 cognovimus3²)

169 1726 225 1791 sed
248 1725 276 1790 si
300 1725 372 1810 quis
395 1724 431 1789 in
453 1724 574 1791 Atticis
598 1725 786 1790 civitatibus
813 1725 879 1790 iam
903 1719 974 1790 tum
1000 1725 1081 1789 illud
1109 1726 1284 1792 discrimen
1312 1725 1450 1791 valuisse

168 1831 334 1916 statuerit,
361 1853 428 1896 non
450 1832 554 1897 habeo
579 1855 642 1917 quo
668 1855 740 1898 eum
764 1832 963 1918 redarguam.
1010 1832 1082 1908 Qua
1104 1833 1142 1898 de
1166 1855 1264 1898 causa
1285 1833 1321 1898 in
1344 1833 1450 1898 medio

168 1939 317 2026 equidem
340 1939 498 2025 relinqu0,
520 1944 630 2005 utrum
653 1939 811 2004 Pindarus
836 1938 872 2004 0.
891 1957 929 2004 lx
948 1940 989 2005 89
1014 1938 1052 2004 ἐν
1074 1944 1267 2023 Μαραθῶνι
1291 1938 1451 2017 συλαθεὶς

169 2046 328 2130 ἀγενείων
351 2045 450 2130 μένεν
473 2046 586 2129 ἀγῶνα
608 2045 853 2134 πρεσβυτέρων,
876 2053 909 2112 et
928 2046 964 2112 Ο.
979 2048 1099 2111 v11155
1119 2049 1150 2111 εί
1169 2045 1201 2111 δ’
1219 2046 1282 2129 ἐγὼ
1297 2050 1450 2134 Μελησίᾳ

170 2153 202 2232 ἐξ
227 2153 385 2236 ἀγενείων
413 2156 515 2231 κῦδος
542 2152 726 2240 ἀνέδραμεν
748 2154 842 2242 ὕμνῳ
872 2154 1030 2219 vocabulo
1059 2154 1218 2237 ἀγενείων
1243 2153 1331 2219 idern
1354 2157 1450 2237 atque

169 2262 299 2327 παίδων
323 2261 565 2347 significaverit,
587 2284 628 2327 an
647 2261 789 2326 medium
808 2261 970 2346 quoddam
988 2261 1075 2326 inter
1093 2261 1249 2346 puerilem
1269 2266 1302 2325 et
1325 2260 1451 2325 virilem

170 2373 310 2433 aetatem
333 2368 476 2434 indicare
498 2369 646 2434 voluerit.
693 2368 806 2452 Neque
830 2373 940 2433 tamen
963 2369 1004 2433 ad
1027 2368 1136 2433 omnia
1159 2368 1336 2434 certamina
1358 2368 1451 2452 pueri

169 2474 439 2561 admittebantur3
467 2499 508 2541 ne
536 2474 674 2546 Athenis
703 2474 832 2559 quidem
859 2475 921 2541 hoc
946 2475 1069 2540 factum
1097 2480 1161 2561 est3
1189 2475 1311 2539 diutius
1340 2480 1449 2540 autem

169 2582 337 2668 Olympiae
367 2588 401 2648 et
427 2583 564 2668 Delphis
595 2583 767 2667 cavebant,
796 2605 837 2647 ne
867 2581 1040 2647 laboriosis
1066 2587 1098 2647 et
1128 2582 1319 2668 periculosis
1350 2587 1450 2648 certa-

168 2688 311 2754 minibus
326 2689 386 2754 flos
403 2689 582 2757 iuventutis
599 2690 869 2775 pessumdaretur.
903 2688 1074 2754 Pancratio
1089 2694 1176 2755 certe
1190 2689 1322 2754 Pindari
1342 2693 1449 2754 aetate

170 2794 349 2881 Olympicis
374 2796 541 2882 Pythiisve
568 2797 652 2862 ludis
678 2796 768 2882 pueri
796 2817 862 2861 non
890 2797 1073 2881 certabant,
1100 2802 1134 2862 et
1159 2795 1365 2882 pentathlum
1392 2818 1451 2881 pu·

169 2923 298 2967 erorum
322 2925 396 2968 cum
419 2926 484 2969 una
507 2903 698 2990 Olympiade
722 2903 898 2968 admissum
922 2902 1031 2989 fuerit,
1053 2925 1128 2969 mox
1153 2926 1266 2969 rursus
1290 2903 1449 2968 abolitum

169 3031 239 3074 esse
269 3032 366 3095 supra
394 3012 615 3098 cognovimus.
661 3010 709 3076 De
732 3009 865 3075 Nemeis
888 3015 921 3074 et
943 3009 1091 3077 Isthmiis
1114 3034 1155 3077 ne
1177 3011 1239 3077 hac
1263 3011 1392 3097 quidem
1415 3011 1450 3075 in

168 3140 203 3182 re
226 3117 402 3201 quidquam
426 3121 561 3185 testium
584 3120 646 3183 fide
670 3122 814 3202 constat3
838 3139 942 3201 neque
966 3123 1076 3183 tamen
1099 3118 1251 3185 credibile
1270 3123 1320 3183 est
1339 3116 1450 3184 Corin·

169 3223 257 3289 thios
277 3229 334 3288 aut
353 3224 532 3291 Nemeseos
552 3233 619 3290 tam
638 3226 734 3311 longe
754 3229 828 3289 ante
847 3225 945 3288 Eleos
964 3225 1131 3309 pancratio
1151 3231 1314 3292 certamen
1336 3247 1450 3311 puero-

169 3354 241 3397 rum
264 3332 429 3416 prohasse.
471 3330 727 3418 Chronologicas
751 3336 860 3397 autern
883 3334 1039 3416 quasdam
1063 3333 1286 3417 difficultates,
1309 3355 1390 3418 quas
1412 3337 1450 3397 ut

169 3446 388 3506 summoveret
409 3439 586 3525 Herbigius
615 3463 706 3506 meus
734 3436 928 3525 (Commeat.
947 3439 1059 3524 philol.
1079 3440 1204 3505 Monac.
1227 3465 1256 3526 p.
1274 3437 1353 3527 140)
1376 3461 1450 3506 con·

169 3547 307 3611 tranium
339 3552 481 3612 statuere
514 3570 611 3612 ausus
644 3552 708 3631 est,
741 3546 805 3612 alio
835 3547 931 3610 modo
966 3547 1006 3611 ad
1033 3547 1056 3611 l.
1079 3565 1142 3611 vul
1175 3570 1242 3634 arg.
1272 3547 1449 3632 expediam.

170 3651 262 3717 Nihil
288 3675 364 3718 vero
392 3653 604 3737 inscriptione
634 3653 785 3720 carminis
809 3651 849 3716 N.
864 3671 886 3715 v
914 3651 1010 3717 παιδὶ
1037 3665 1282 3740 παγκρατιαστῇ
1311 3676 1450 3719 commo

170 3781 260 3844 veor,
288 3760 406 3846 quippe
435 3782 517 3844 quae
544 3766 577 3826 et
605 3762 752 3826 codicum
780 3761 842 3824 fide
870 3782 984 3844 parum
1008 3760 1122 3826 fulcita
1150 3761 1194 3826 sit
1222 3767 1254 3825 et
1278 3766 1315 3826 ut
1338 3783 1449 3826 omnes

169 3867 397 3952 inscriptiones
426 3868 620 3934 auctoritate
643 3867 762 3933 veteris
790 3867 964 3931 memoriae
992 3873 1108 3933 careat.
1154 3867 1192 3932 Id
1220 3873 1330 3932 tamen
1355 3867 1450 3932 facile

168 3974 305 4061 largior,
332 3974 464 4040 iuvenes
488 3972 614 4061 (νεόνς)
642 3975 708 4039 fere
732 3979 865 4060 vegetae
894 3974 1012 4039 aetatis
1041 3976 1082 4041 ad
1109 3974 1307 4060 quinquertii
1335 3973 1450 4060 longas

169 4081 393 4157 contentiones
422 4082 605 4147 subeundas
632 4083 765 4147 nomina
792 4081 957 4166 professos
985 4103 1064 4146 esse.
1110 4081 1259 4167 Denique
1287 4082 1450 4170 singulare

169 4191 240 4253 erat
268 4188 469 4254 Heraeorum
498 4188 754 4275 Olympicorum,
786 4189 873 4273 quod
901 4189 999 4254 etiam
1031 4189 1171 4276 virgines
1199 4189 1305 4256 tribus
1333 4189 1451 4255 aetatis

169 4295 324 4382 gradibus
348 4297 503 4362 discretas
526 4297 561 4361 in
586 4302 750 4362 certamen
773 4295 870 4361 stadii
894 4297 1056 4361 vocabant
1079 4295 1188 4383 (Paos.
1203 4317 1226 4362 v
1246 4298 1297 4383 16,
1316 4296 1360 4385 2).

261 4563 287 4629 1)
306 4581 330 4615 v.
349 4561 421 4616 Plat.
437 4562 511 4633 legg.
526 4582 575 4616 vnr
593 4582 619 4633 p.
636 4568 696 4617 833.
719 4562 819 4615 Athen.
835 4580 869 4613 xv
888 4580 914 4630 p.
930 4560 1025 4629 67⁸0,
1045 4561 1173 4632 lapidum
1192 4563 1356 4617 testimonia
1375 4564 1450 4633 apud

170 4633 385 4687 Mommsenium
402 4632 526 4689 Heortol.
543 4639 637 4689 141ss.

260 4709 287 4769 ἀ)
308 4704 498 4759 Nihilominus
518 4705 617 4759 Πύθια
640 4703 776 4776 ἀγενείων
799 4702 974 4774 παγκράτιον
997 4720 1031 4757 ex
1055 4708 1149 4760 aetate
1172 4705 1374 4775 imperatorum
1395 4706 1449 4760 Ro-

170 4792 317 4829 manorum
336 4779 587 4830 commemorantur
606 4776 635 4830 in
654 4777 748 4847 lapide
768 4775 955 4846 Neapolitano
975 4774 1053 4831 resi.
1068 4782 1118 4831 747
1138 4780 1167 4832 et
1180 4775 1296 4847 Ἴσθμια
1315 4775 1451 4847 ἀγενείων

170 4847 346 4916 παγκράτιον
365 4847 443 4902 lGSl.
459 4853 516 4901 746.
