3406 5378
686 1104 1047 1189 PRAEFATIO.

316 1407 446 1471 Habent
479 1427 538 1469 sua
568 1404 636 1468 fata
664 1404 768 1469 libelli
795 1427 862 1469 non
890 1405 995 1469 solum
1024 1408 1196 1489 postquam
1224 1404 1301 1469 editi
1330 1409 1420 1489 sunt,
1453 1405 1509 1469 sed

231 1497 329 1561 etiam
356 1496 545 1581 priusquam
573 1493 608 1557 in
635 1493 741 1558 lucem
770 1495 971 1559 emittantur.
1021 1493 1148 1557 Futura
1174 1494 1209 1557 in
1235 1492 1322 1557 votis
1351 1498 1440 1577 sunt,
1472 1498 1509 1557 ut

229 1585 308 1649 viris
328 1584 432 1649 doctis
451 1583 600 1667 placeant
614 1587 647 1646 et
661 1605 781 1667 aequos
796 1583 917 1648 iudices
931 1583 1167 1647 nanciscantur.
1200 1582 1380 1646 Praeterita
1394 1604 1509 1666 oppor-

231 1674 372 1738 tunitate
405 1674 503 1737 huius
535 1671 748 1755 praefationis
781 1695 859 1738 usus
892 1673 1033 1736 breviter
1060 1671 1125 1734 iam
1154 1671 1320 1735 enarrabo.
1365 1671 1416 1734 Ex
1445 1693 1508 1754 quo

230 1763 348 1827 abhinc
366 1761 486 1848 viginti
506 1760 648 1844 quinque
667 1783 768 1825 annos
788 1763 930 1844 primurn
945 1760 1075 1825 Pindari
1095 1760 1238 1825 carmina
1256 1760 1291 1824 in
1305 1759 1510 1845 Bibliotheca

229 1851 456 1916 Teubneriana
488 1850 647 1933 recensui,
679 1855 746 1913 tarn
779 1850 883 1914 multa
911 1873 930 1914 a
957 1850 1035 1914 viris
1064 1850 1167 1914 doctis
1196 1854 1230 1913 et
1258 1848 1448 1912 Germaniae
1477 1855 1509 1912 et

231 1941 367 2005 aliarum
390 1938 561 2004 nationum
585 1938 625 2002 ad
649 1939 881 2003 emendandam
904 1944 1019 2022 poetae
1043 1938 1223 2002 orationem
1244 1937 1363 2002 collata
1382 1941 1457 2001 sunt
1476 1943 1510 2001 et

231 2029 300 2113 ipse
324 2029 451 2093 iteratis
476 2027 560 2092 curis
583 2027 720 2091 meliora
742 2029 875 2092 edoctus
899 2050 984 2111 sum,
1008 2031 1044 2090 ut
1063 2027 1143 2090 vitia
1162 2032 1195 2090 ct
1214 2048 1338 2091 errores
1358 2026 1510 2090 editionis

230 2118 348 2202 prioris
370 2122 557 2200 stereotypa
574 2121 643 2180 arte
663 2117 697 2179 in
715 2122 908 2201 perpetuum
925 2116 1099 2201 propagari
1114 2116 1242 2180 nollem.
1275 2115 1346 2191 Qua
1361 2117 1398 2179 de
1413 2138 1511 2179 causa

230 2207 355 2291 priores
376 2229 464 2271 meas
484 2227 577 2270 curas
595 2226 825 2290 recognoscere
845 2211 878 2269 et
896 2205 1045 2290 supplere
1065 2205 1235 2288 constitui,
1258 2209 1294 2268 ut
1313 2208 1346 2268 et
1365 2204 1511 2268 emcnda-

231 2296 296 2360 tior
319 2300 352 2360 et
376 2295 501 2379 plenior
524 2315 616 2358 meus
635 2293 719 2357 liber
737 2295 895 2358 evaderet.
933 2294 1047 2377 Neque
1066 2293 1172 2358 solum
1192 2316 1246 2357 eos
1266 2293 1368 2375 locos,
1392 2293 1509 2376 quihus

230 2384 338 2449 labem
362 2385 461 2448 verba
483 2387 598 2466 poetae
622 2382 759 2447 traxisse
783 2383 989 2467 videbantur,
1012 2383 1149 2447 aliorum
1174 2404 1233 2466 ope
1256 2383 1385 2446 adiutus
1406 2382 1509 2446 denuo

231 2473 415 2538 examinare
434 2477 468 2537 et
486 2471 648 2555 perpolire
668 2471 798 2535 adnisus
818 2494 905 2555 sum,
923 2472 978 2535 sed
997 2471 1095 2535 etiam
1115 2475 1217 2535 totam
1237 2471 1375 2535 formam
1392 2470 1510 2554 prioris

232 2562 385 2627 editionis
409 2562 482 2646 plus
506 2583 571 2624 una
594 2582 632 2623 cx
655 2565 747 2644 parte
771 2566 896 2624 mutare
920 2560 1053 2624 decrevi.
1091 2559 1235 2624 Primum
1260 2560 1510 2624 commodiorem

232 2655 266 2715 et
284 2651 448 2715 utiliorem
467 2653 660 2732 apparatum
679 2649 827 2713 criticum
846 2649 915 2713 fore
935 2649 1131 2732 existimavi,
1150 2649 1261 2713 sinon
1280 2649 1385 2712 solum
1404 2649 1509 2712 varias

232 2740 389 2804 lectiones
411 2738 625 2818 rettulissem,
653 2739 708 2801 sed
732 2738 831 2802 etiam
855 2738 973 2822 quihus
996 2759 1140 2821 quaeque
1165 2737 1329 2802 codicibus
1353 2737 1511 2800 niteretur

233 2829 449 2894 adnotassem.
488 2827 582 2902 Quod
604 2834 641 2890 ut
659 2826 813 2911 facerem,
836 2827 966 2911 quinam
986 2827 1111 2891 codices
1131 2826 1171 2890 ad
1190 2826 1379 2890 memoriam
1398 2826 1510 2889 traditi

231 2923 341 2982 textus
365 2915 617 3000 recuperandam
640 2915 735 3000 plane
758 2915 931 2980 necessarii
955 2921 1063 2979 essent
1087 2916 1259 3001 diligenter
1282 2915 1418 2979 rimatus
1438 2937 1510 2978 sum

233 3010 266 3070 et
299 3005 327 3070 si
360 3027 423 3089 quo
456 3004 529 3068 loco
562 3003 659 3068 lectio
693 3005 890 3088 optimorum
923 3005 1070 3069 codicum
1103 3004 1201 3068 dubia
1233 3027 1303 3068 esse
1330 3003 1510 3087 videbatur,

232 3094 337 3159 denuo
361 3117 416 3159 eos
439 3092 657 3176 inspiciendos
682 3093 800 3157 curavi.
838 3093 962 3157 Deinde
986 3093 1153 3157 metricam
1172 3094 1311 3157 formam
1331 3092 1509 3157 carminum

231 3183 336 3269 magis
359 3182 563 3267 perspicuam
586 3182 654 3244 sore
679 3182 805 3266 putavi,
828 3182 855 3245 si
876 3181 947 3246 cola
965 3182 1158 3266 carminum,
1181 3182 1334 3246 siminus
1355 3180 1509 3265 omnium,

230 3277 374 3336 attamen
397 3270 659 3356 logaoedicorum
684 3270 857 3335 dividerem
886 3275 919 3334 et
947 3271 1037 3335 varia
1064 3293 1183 3356 genera
1208 3293 1416 3334 numerorum
1438 3270 1510 3354 ipsa

230 3367 365 3425 externa
392 3360 497 3444 specie
526 3359 768 3442 distinguerem.
816 3357 997 3423 Schematis
1021 3366 1130 3424 autem
1154 3359 1297 3425 metricis
1322 3358 1509 3424 subtiliores

230 3450 372 3514 rationes
401 3447 600 3532 rhythmicas
629 3448 827 3531 exprimendi
856 3453 889 3512 et
917 3449 1021 3512 varias
1046 3471 1153 3513 moras
1177 3449 1375 3532 syllabarum
1399 3448 1508 3512 discri-

231 3538 375 3602 minandi
394 3537 541 3621 audacia,
565 3558 630 3620 quo
649 3537 753 3622 magis
772 3537 807 3601 in
826 3542 929 3601 artem
948 3536 1079 3600 Pindari
1097 3537 1315 3621 inquirebam,
1334 3559 1371 3601 eo
1390 3536 1510 3601 iustior

230 3631 263 3691 et
294 3626 495 3712 probabilior
527 3625 607 3688 mihi
640 3647 710 3690 esse
742 3626 919 3690 videbatur.
965 3625 1033 3689 Has
1064 3631 1172 3691 autern
1199 3626 1343 3690 rationes
1370 3631 1407 3689 ut
1435 3625 1508 3689 aliis

231 3738 359 3801 quoque
382 3715 568 3799 probarem,
591 3736 724 3798 prorsus
747 3716 965 3780 necessarium
989 3737 1058 3779 esse
1083 3716 1236 3800 cognovi,
1258 3721 1295 3779 ut
1312 3715 1510 3778 lineamenta

233 3805 313 3869 artis
338 3803 525 3868 Pindaricae
549 3803 583 3866 in
605 3802 849 3889 Prolegomenis
877 3805 1102 3868 adumbrarem
1130 3808 1163 3867 et
1191 3804 1319 3888 singula
1343 3804 1509 3867 schemata

232 3893 375 3957 metricis
395 3892 636 3957 commentariis
655 3892 860 3957 illustrarem.
895 3892 996 3956 Porro
1016 3894 1274 3978 fragmentorum
1293 3892 1420 3957 delectu
1435 3892 1508 3956 usui

232 3982 391 4046 lectorum
419 3981 527 4045 minus
556 3981 682 4045 consuli
710 4003 807 4065 quam
837 3981 933 4064 plena
966 3981 1155 4046 collectione
1179 3980 1298 4044 dudum
1327 3981 1368 4044 ab
1397 3980 1510 4045 amicis

233 4070 450 4135 commonitus
473 4092 577 4154 eram,
600 4069 711 4154 itaque
734 4071 817 4155 hanc
840 4092 966 4154 quoque
985 4070 1185 4153 provinciam
1205 4069 1409 4154 diligentiore
1434 4092 1511 4134 cura

232 4164 429 4243 pertractare
453 4158 558 4243 coepi,
585 4162 715 4223 etcum
739 4160 878 4223 multum
901 4159 1060 4224 lectorum
1084 4159 1202 4223 referre
1224 4159 1450 4244 cognovissem
1473 4163 1511 4222 ut

231 4248 288 4312 ubi
308 4248 456 4332 quodque
475 4247 695 4333 fragmentum
714 4253 856 4312 exstaret
874 4248 1028 4313 certiores
1047 4249 1175 4333 fierent,
1198 4248 1297 4312 etiam
1315 4247 1405 4312 locos
1425 4248 1509 4312 unde

231 4337 380 4423 quodque
410 4341 576 4421 sumptum
604 4342 691 4401 esset
719 4338 873 4401 adnotare
900 4338 1039 4401 institui.
1084 4336 1232 4423 Denique
1259 4336 1355 4400 fastis
1383 4357 1511 4420 quoque

230 4425 409 4491 Pindaricis
434 4425 585 4490 similiter
607 4429 704 4509 atque
728 4427 769 4489 ab
788 4425 934 4490 Luciano
952 4425 1108 4490 Muellero
1131 4426 1167 4489 in
1190 4430 1278 4489 tersa
1296 4425 1426 4489 Horatii
1447 4425 1511 4489 edi·

230 4515 318 4579 tione
350 4515 475 4579 factum
507 4518 569 4596 est,
602 4513 777 4578 editionem
809 4515 893 4578 hanc
921 4514 1119 4598 locupletare
1148 4520 1181 4578 et
1208 4514 1313 4578 indice
1341 4514 1510 4578 nominum

230 4603 435 4688 propriorum
459 4606 492 4666 et
511 4624 616 4666 rerum
636 4603 831 4667 notabilium
849 4604 1009 4667 instruere
1029 4626 1067 4667 ex
1085 4626 1120 4667 re
1139 4626 1209 4668 esse
1228 4603 1308 4667 mihi
1326 4604 1433 4667 visum
1453 4608 1511 4667 est.

319 4691 442 4757 Verum
461 4690 547 4755 enim
566 4713 642 4754 vero
660 4692 722 4756 hoc
741 4693 837 4756 modo
852 4692 935 4756 liber
949 4693 1097 4756 modulos
1113 4692 1336 4757 Bibliothecae
1350 4691 1510 4776 paulatim

231 4780 279 4845 ita
306 4781 458 4866 excessit,
485 4785 522 4845 ut
550 4779 646 4844 amici
676 4803 727 4845 me
751 4786 932 4865 monerent,
960 4804 999 4846 ne
1029 4781 1134 4846 media
1156 4782 1191 4845 in
1214 4781 1266 4844 via
1290 4781 1511 4868 subsisterem,

1262 4885 1298 4940 a&

788 5058 1059 5177 376608
