3406 5378
564 414 598 467 ΙΙ,
627 414 676 464 ΒΕ
695 415 789 465 ARTE
806 414 966 465 Marmor
984 415 1140 468 prunam.
1428 411 1492 466 XXI

212 576 326 641 deinde
341 576 368 640 si
384 577 506 642 alacres
521 576 642 661 dactyli
657 575 841 642 trochaeive
854 577 890 639 in
904 577 1052 641 sedatum
1066 576 1245 660 spondeum
1258 580 1445 662 excurrunt,
1456 580 1495 640 ut

500 743 805 770 o-oo-a-c-
859 698 1082 788 -(l.v111)

590 850 875 877 e-oc-c-o-
912 869 928 876 -
988 806 1187 894 (0.x1v2),

212 933 349 1018 denique
383 934 411 999 si
443 957 556 1000 cursus
587 956 796 999 numerorum
830 933 890 996 sub
920 933 1018 996 finem
1045 931 1236 1016 inflectitur,
1268 938 1306 997 ut
1334 933 1425 1016 quasi
1454 933 1492 997 de

211 1040 344 1126 fastigio
368 1041 402 1104 in
426 1039 544 1105 vallem
567 1041 758 1106 descendere
782 1040 944 1124 videatur,
968 1044 1004 1103 ut

523 1178 926 1234 ·o--2o--‡o-
963 1201 1052 1231 ico
1099 1162 1257 1251 (P.1v'l)

823 1300 923 1340 :ooo
982 1271 1093 1357 lNuv
1114 1269 1156 1358 1).

300 1415 343 1500 li,
370 1437 451 1501 quos
479 1417 575 1481 modo
603 1415 847 1500 descripsimus,
874 1437 985 1479 versus
1014 1414 1154 1499 speciem
1179 1413 1397 1498 perfectorum
1424 1437 1493 1479 rer·

212 1545 307 1589 suum
321 1522 386 1607 ipsi
404 1545 482 1606 prae
502 1545 536 1586 se
554 1522 677 1606 ferunt3
696 1522 752 1587 sed
771 1526 847 1586 sunt
867 1520 922 1586 alii
942 1543 1067 1603 versus,
1087 1542 1168 1605 quos
1189 1526 1225 1585 ut
1240 1521 1401 1605 perfectos
1421 1544 1491 1587 esse

211 1630 454 1715 intellegamus,
481 1630 580 1711 ratio,
604 1651 686 1713 quae
709 1628 750 1692 iis
774 1651 846 1693 cum
870 1627 1018 1712 proximo
1043 1649 1171 1711 quoque
1189 1649 1284 1691 versu
1301 1626 1491 1714 intercedat,

209 1737 305 1802 nobis
342 1736 517 1820 spectanda
554 1741 618 1821 est,
654 1758 751 1821 quam
788 1735 949 1799 rationem
982 1739 1019 1799 ut
1057 1756 1306 1820 cognoscamus,
1349 1736 1489 1819 primum

211 1865 365 1928 quaerere
383 1866 444 1908 nos
464 1847 607 1927 oportet,
626 1864 690 1926 quo
710 1842 840 1906 tandem
860 1842 954 1906 modo
975 1863 1086 1906 versus
1105 1863 1175 1906 sese
1194 1841 1340 1926 excipere
1355 1842 1489 1909 soleant.

210 1951 320 2035 Atque
352 1950 478 2036 legibus
510 1950 616 2014 iustae
649 1948 895 2034 compositionis
929 1949 1050 2034 optime
1083 1969 1122 2011 ea
1153 1947 1297 2013 carmina
1330 1948 1490 2014 contineri

210 2058 373 2142 videntur,
396 2059 431 2122 in
454 2057 572 2141 quibus
595 2057 684 2141 prior
708 2056 844 2141 quisque
864 2078 976 2121 versus
996 2056 1037 2120 ab
1055 2056 1246 2139 insequente
1265 2056 1312 2119 ita
1331 2055 1489 2121 discretus

212 2169 276 2249 est,
293 2169 331 2229 ut
348 2187 469 2250 pausae
487 2165 577 2229 locus
592 2165 717 2228 medius
732 2163 864 2228 relictus
879 2163 931 2228 sit.
964 2162 1036 2228 Hoc
1051 2167 1159 2226 autem
1173 2162 1294 2247 duplici
1308 2163 1405 2227 modo
1420 2164 1490 2228 fieri

212 2293 322 2358 posse,
345 2271 499 2356 exemplis
523 2271 696 2336 illustrabo
716 2292 868 2335 versuum
888 2268 1278 2354 dactylo-epitriticorum
1296 2268 1335 2333 N.
1351 2288 1387 2333 lx
1402 2273 1489 2336 2-3

211 2930 323 2996 Priore
356 2931 442 2996 enim
473 2931 545 2998 loco
575 2932 673 3017 primi
699 2955 811 2998 versus
840 2931 975 2996 extremi
1003 2929 1094 3014 pedis
1122 2929 1239 2994 ultima
1265 2954 1354 3016 pars,
1387 2932 1490 2997 altero

211 3038 284 3103 loco
314 3038 445 3103 secundi
472 3062 584 3103 versus
611 3040 709 3124 primi
736 3040 827 3125 pedis
855 3039 944 3123 prior
971 3059 1046 3121 pars
1070 3037 1173 3121 deest,
1201 3039 1284 3101 unde
1307 3037 1382 3103 illos
1406 3044 1492 3104 cata-

211 3144 359 3229 lecticos,
389 3145 450 3210 hos
483 3145 654 3230 acephalos
687 3168 799 3210 versus
833 3145 977 3210 dicimus.
1022 3142 1156 3207 Talibus
1188 3142 1223 3207 in
1250 3145 1397 3210 versibus
1425 3168 1491 3210 non

212 3251 309 3314 modo
343 3272 406 3333 quo
437 3251 511 3316 loco
543 3273 655 3315 versus
685 3249 817 3314 finiatur
844 3254 877 3314 et
905 3254 1075 3314 cantorum
1102 3254 1236 3334 pectora
1263 3251 1393 3316 silentio
1421 3253 1492 3318 refi-

213 3357 352 3441 ciantur,
384 3358 440 3422 sed
473 3357 572 3421 etiam
604 3363 685 3441 quot
716 3362 864 3441 tempora
895 3356 1006 3420 inania
1033 3356 1090 3421 illa
1116 3379 1220 3441 pausa
1247 3359 1492 3444 complectatur,

213 3468 301 3528 certo
330 3464 456 3529 definiri
483 3468 600 3548 potest.
647 3464 755 3548 Atque
779 3463 826 3528 sic
849 3463 1028 3548 comparati
1052 3463 1081 3527 si
1105 3486 1216 3528 omnes
1240 3487 1351 3530 versus
1375 3473 1492 3551 essent,

211 3569 246 3633 in
283 3569 459 3635 schematis
496 3571 639 3636 metricis
677 3593 743 3636 non
785 3571 891 3634 solum
930 3570 1128 3654 syllabarum
1165 3572 1359 3654 quantitatis
1396 3579 1491 3639 notas

212 3678 408 3763 posuissem,
428 3678 483 3742 sed
502 3677 601 3742 etiam
620 3678 824 3742 silentiorum
839 3678 905 3742 sive
920 3682 1102 3761 temporum
1116 3677 1270 3742 inanium.
1299 3679 1344 3744 At
1363 3684 1492 3744 tantum

214 3786 320 3868 abest,
346 3789 384 3848 ut
412 3783 563 3848 omnibus
590 3785 625 3849 in
653 3785 799 3850 versibus
825 3807 944 3869 pausae
969 3789 1075 3848 certus
1099 3784 1189 3848 locus
1214 3784 1346 3849 relictus
1371 3786 1428 3871 sit,
1456 3793 1492 3851 ut

213 3890 248 3954 in
280 3891 477 3956 carminibus
511 3891 837 3978 dactylo-epitritiois
867 3913 969 3975 paene
996 3889 1101 3954 maior
1129 3891 1173 3955 sit
1199 3913 1352 3956 numerus
1380 3915 1492 3958 eorum

213 4020 379 4081 versuum,
406 3997 462 4081 qui
489 3997 579 4062 nulla
606 4020 698 4062 mora
725 3997 919 4082 interposita
945 4019 1014 4062 sese
1038 3997 1208 4082 excipiant.
1255 3997 1347 4074 Quod
1370 4005 1407 4064 ut
1431 4000 1491 4065 tibi

213 4105 419 4189 persuadeas,
441 4103 595 4188 inspicias
619 4106 715 4169 modo
739 4104 907 4189 stropham
932 4106 1011 4170 odae
1035 4103 1223 4190 Olympicae
1246 4105 1377 4190 tertiae,
1400 4108 1490 4172 cuius

214 4214 354 4294 quatuor
371 4210 496 4295 priores
514 4232 626 4276 versus
646 4211 808 4276 continuis
826 4211 970 4276 numeris
990 4213 1177 4295 decurrunt,
1195 4212 1245 4276 vel
1265 4212 1491 4298 longissimam

214 4319 309 4383 odam
335 4316 488 4401 Pythiam
518 4324 681 4404 quartam,
714 4318 805 4384 cuius
837 4322 870 4382 et
902 4318 937 4381 in
964 4317 1099 4402 stropha
1127 4322 1160 4382 et
1186 4318 1221 4382 in
1250 4320 1352 4404 epodo
1381 4343 1492 4385 versus

213 4427 301 4492 3-5
323 4425 372 4490 ita
395 4425 582 4511 cohaerent,
604 4429 642 4489 ut
664 4425 747 4489 nihil
770 4425 869 4509 spatii
892 4425 999 4489 inanis
1018 4425 1177 4490 intereos
1196 4426 1403 4492 interiectum
1422 4450 1492 4493 esse

213 4534 367 4598 videatur.
415 4533 570 4609 Quamvis
598 4537 708 4597 autem
736 4533 817 4596 tales
845 4554 971 4616 versus,
999 4532 1117 4615 quibus
1145 4532 1236 4597 nulla
1263 4557 1365 4618 pausa
1388 4540 1492 4600 metro

212 4639 346 4704 definita
376 4637 565 4725 (ἀνάπαυλα
596 4639 767 4727 ἔμμετρος)
799 4639 970 4704 interiecta
1000 4638 1056 4717 sit,
1092 4638 1127 4703 in
1164 4640 1280 4705 ceteris
1313 4643 1492 4707 carminum

213 4747 385 4831 generibus
410 4746 474 4809 rari
498 4745 577 4829 sint,
598 4745 680 4810 illud
699 4751 808 4811 tamen
826 4751 949 4829 manet,
972 4768 1076 4830 neque
1096 4769 1134 4811 ex
1154 4749 1370 4814 continuitate
1388 4772 1492 4834 neque

214 4873 253 4917 ex
274 4851 433 4918 incisione
457 4874 568 4919 cursus
590 4874 799 4921 numerorum
823 4856 912 4919 certa
930 4852 1049 4917 indicia
1066 4875 1178 4918 versus
1198 4854 1283 4919 finiti
1301 4856 1368 4940 peti
1387 4877 1492 4940 posse,
