3406 5378
303 281 366 347 130
769 284 918 337 Pisusai
936 284 1103 337 armon.

353 464 404 530 ὅτι
427 487 462 529 τε
484 461 801 548 μεγαλοκευθέεσσιν
824 467 861 530 έν
883 487 961 529 ποτε
983 463 1149 547 θαλάμοις
1369 461 1452 528 Ἀντ
1475 462 1519 548 β’.
1544 481 1577 528 60

355 573 438 649 Διὸς
460 573 589 637 ἀκοιτιν
612 571 695 637 έπει-

398 688 487 766 ρᾶτο.
532 682 594 764 χρὴ
618 676 654 744 δὲ
677 677 749 744 κατ’
775 679 877 744 αὐτὸν
901 677 965 744 αίεὶ

396 788 520 864 παντὸς
542 787 626 873 δρᾶν
648 785 776 873 μέτρον.

299 911 332 958 35
352 892 446 958 εὐναὶ
470 891 507 958 δέ
530 894 736 980 παράτροποι
760 893 793 971 ἐς
814 891 967 959 κακότατ’
993 935 1007 942 -
1030 893 1161 977 ἀθρόαν

352 1004 472 1085 ἔβαλον
493 999 569 1065 ποτὶ
592 1013 704 1065 κοῖτον
728 1000 827 1083 ἰόντ’,
851 998 920 1065 ἐπεὶ
943 998 1065 1088 νεφέλᾳ
1088 999 1301 1085 παρελέξατο,

351 1109 475 1186 ψεῦδος
498 1110 603 1190 γλυκὺ
627 1106 797 1192 μεθέπων,
820 1107 929 1192 ἀιδρις
953 1106 1050 1193 ἀνήρ·

351 1209 440 1292 εἶδος
462 1216 525 1298 γάρ
548 1214 781 1302 ὑπεροχωτάτᾳ
804 1212 928 1300 πρέπεν
953 1213 1157 1299 Οὐρανιδᾶν,
1255 1298 1262 1307 Ι

350 1319 513 1405 θυγατέρι
537 1325 685 1408 Κρόνου·
710 1323 767 1386 ἀν-

394 1452 428 1493 τε
452 1430 553 1495 δόλον
576 1430 679 1517 αὐ-τςό
702 1427 809 1495 θέσαν

297 1553 331 1599 40
353 1536 460 1619 Ζηνὸς
482 1536 645 1620 παλάμαι,
667 1538 770 1601 καλὸν

394 1653 494 1728 πῆμα.
540 1644 598 1708 τὸν
622 1641 658 1708 δὲ
680 1642 904 1729 τετράκναμον
928 1642 1045 1727 ε’πραξε
1069 1644 1205 1729 δεσμόν,

350 1854 406 1921 έδν
430 1859 573 1943 ὄλεθρον
596 1855 662 1940 ὅγ’·
686 1857 723 1921 έν
745 1855 777 1920 δ’
802 1856 887 1942 ἀφύ-

393 1981 499 2029 κτοισι
522 1963 713 2047 γυιοπέδαις
735 1964 845 2029 πεσὼν

393 2073 455 2137 τάν
477 2073 679 2137 πολύκοινον
702 2071 758 2136 ἀν-
782 2069 902 2149 δείξατ’
928 2071 1092 2155 ἀγγελίαν.

350 2181 431 2243 ἀνευ
454 2185 508 2244 fos
532 2183 685 2265 Χαρίτων
707 2178 800 2245 τέκεν
814 2182 943 2261 -γόνον
965 2180 1187 2267 ὑπερφίαλον,

369 2396 411 2445 34.
440 2388 504 2446 κατ’
535 2390 622 2445 αὐτόν
650 2408 701 2446 em.
727 2390 874 2446 Thiersch:
909 2389 980 2445 καθ’
1010 2391 1097 2446 αάτδν
1127 2392 1194 2460 0¹⁰,
1218 2390 1289 2446 καθ’
1315 2392 1402 2446 αὑτὸν
1427 2392 1522 2448 0⁹⁰1)
1543 2426 1573 2433 -

298 2468 342 2518 36.
363 2461 489 2532 ἀθρόανε
510 2462 603 2531 ὀρθάν
620 2481 647 2516 v,
663 2463 680 2517 l.
695 2462 781 2517 schol.
795 2495 832 2502 —
848 2467 890 2516 36.
908 2463 974 2516 ποτί
991 2471 1086 2517 κοῖτον
1105 2460 1176 2517 ἰόντ’
1197 2463 1268 2517 coni.
1284 2463 1412 2532 Bocchh,
1431 2463 1477 2518 cui
1494 2481 1574 2535 prae·

300 2534 355 2588 ivit
373 2550 407 2588 ex
426 2537 506 2604 parta
524 2534 640 2589 Jacobs:
663 2535 728 2587 ποτὶ
746 2532 824 2603 (ποτὲ
841 2533 886 2601 θ’)
906 2534 1022 2589 καὶτὸν
1041 2531 1129 2588 ἵκοντ’
1150 2534 1243 2602 codd.;
1262 2554 1329 2588 ποτε
1349 2535 1464 2589 καὶτὸν
1484 2534 1572 2590 ἑλόντ’

300 2605 503 2675 Schneidewin,
522 2625 589 2659 ποτε
608 2607 657 2659 καί
670 2603 731 2660 τόν·
753 2604 823 2660 ἑκών
838 2604 996 2660 Fraccaroli
1010 2638 1043 2646 -
1059 2611 1101 2661 38.
1124 2606 1289 2673 Οὐρανιδᾶν
1302 2605 1408 2677 Bergk:
1430 2607 1574 2675 Οάρανιᾶν

297 2677 391 2746 codd,
417 2678 563 2746 Οὐρανίδα
589 2694 623 2731 ex
650 2676 735 2731 schol.
755 2676 910 2731 Mommsen
930 2708 961 2716 -
982 2683 1024 2731 39.
1049 2675 1115 2732 ἅντε
1139 2678 1179 2732 E:
1206 2676 1259 2731 τάν
1281 2697 1310 2731 ιε
1336 2679 1368 2743 C,
1395 2678 1431 2732 ἀν
1459 2698 1525 2732 ποτε
1545 2680 1574 2732 D

298 2781 331 2788 -
357 2755 400 2804 41.
424 2748 455 2803 έν
478 2749 528 2817 ἀφ.
553 2747 790 2830 (οιαίεεοιδ’).1)
815 2780 848 2788 -
863 2747 1051 2829 ,γυιοπέδαισι
1072 2748 1095 2804 Ο
1116 2781 1149 2788 -
1172 2749 1264 2803 πετὼν
1287 2749 1398 2836 requiro
1422 2766 1484 2803 cum
1503 2749 1572 2802 Her-

297 2821 426 2875 werdeno
446 2852 479 2860 —
498 2816 604 2885 ἀνδείξ.
624 2836 694 2874 conr.
714 2818 919 2875 Mitscherhch:
944 2817 1052 2885 ἀνεδέξ.
1072 2820 1152 2874 codd.
1172 2822 1250 2889 vett,
1269 2820 1362 2886 ἀνδεξ.
1378 2821 1483 2877 Mosch.
1504 2853 1536 2860 -

300 2963 455 3033 supplicem
474 2963 568 3016 lovem
587 2961 692 3016 adiisse
712 2963 741 3016 et
759 2962 796 3016 ab
815 2979 847 3016 eo
866 2978 922 3016 non
942 2961 1032 3015 solum
1050 2960 1207 3031 expiatum,
1225 2963 1275 3017 sed
1293 2962 1380 3017 etiam
1404 2964 1440 3017 ad
1460 2964 1574 3018 deorum

301 3051 412 3089 mensas
432 3033 586 3088 admissum
600 3049 661 3087 essa
676 3033 890 3101 fabulabantur3
909 3051 934 3089 v.
950 3032 1031 3087 Diod.
1046 3052 1073 3086 iv
1088 3049 1113 3087 ιο
1128 3035 1157 3087 et
1175 3033 1261 3089 schol.
1276 3035 1340 3089 Eur.
1355 3034 1458 3090 Phoen.
1474 3052 1525 3090 uss
1539 3067 1572 3076 —

300 3113 343 3160 34.
369 3103 433 3159 κατ’
454 3103 553 3175 αὐτόν,
577 3122 627 3174 pro
646 3122 701 3174 quo
720 3105 808 3159 Attici
827 3103 898 3159 καθ’
920 3104 1007 3160 αὑτόν
1025 3104 1170 3173 dicebant,
1194 3104 1305 3160 dicendi
1324 3123 1390 3160 usus
1409 3105 1574 3161 Pindaricos

299 3175 424 3247 flagitat3
445 3177 479 3231 cf.
495 3176 638 3232 0,1mss.
676 3175 804 3230 Ceterum
827 3177 966 3231 Pindarus
988 3175 1082 3230 reddit
1108 3177 1278 3231 sententiam
1300 3176 1404 3231 Pittaci
1425 3177 1478 3232 τάν
1501 3177 1573 3232 κατὰ

301 3248 405 3302 σαυτὸν
431 3245 493 3316 ἔλα,
516 3251 549 3301 ut
572 3247 702 3302 similiter
720 3247 875 3317 Aeschylus
894 3247 984 3303 Prom.
999 3264 1038 3303 eso
1057 3279 1090 3288 -
1110 3253 1144 3301 36
1159 3266 1194 3302 ss.
1214 3247 1299 3302 schol.
1315 3248 1378 3302 Eur.
1393 3264 1457 3303 nso:
1483 3247 1573 3314 Ἰξίων

300 3318 510 3375 ἀκολασταίνων
529 3320 597 3374 ίδὼν
616 3319 668 3388 τὴν
680 3315 772 3388 Ἥραν
790 3320 903 3389 ἠράσθη
923 3321 1020 3388 αὐτῆς·
1039 3319 1076 3388 μὴ
1091 3319 1216 3388 φέρουσα
1230 3318 1261 3374 δέ
1276 3316 1378 3388 ἡἭρα
1396 3319 1448 3388 τὴν
1466 3319 1573 3388 μανίαν

299 3392 386 3447 αὑτοῦ
413 3409 481 3461 φησι
507 3395 544 3463 τῷ
569 3391 628 3444 Διΐ·
655 3389 703 3460 ἐφ’
728 3386 749 3464 ᾦ
775 3390 973 3460 ἀγανακτήσας
998 3390 1013 3444 ὁ
1041 3392 1109 3453 Ζεὺς
1133 3388 1301 3516 ρονλόμενός
1322 3409 1351 3444 τε
1374 3399 1479 3459 γνῶναι
1499 3391 1528 3445 εί
1542 3411 1572 3462 γε

297 3462 404 3533 ἀληθές
427 3462 515 3530 ἐστιν,
534 3460 669 3517 ἀπείκασε
692 3471 726 3534 τῇ
747 3459 820 3536 Ἤρᾳ
839 3461 973 3531 νεφέλην,
991 3461 1027 3531 ἣν
1046 3461 1114 3516 ἰδὼν
1165 3459 1266 3530 Ἰξίων,
1284 3458 1399 3531 νομίσας
1417 3461 1469 3530 τὴν
1482 3458 1573 3530 Ἦραν

297 3530 384 3601 εἶναι,
407 3532 537 3604 μίγνυται
561 3535 631 3604 αὐτῇ
655 3534 703 3587 καί
726 3543 802 3589 ποιεῖ
824 3536 914 3587 παῖδα
933 3536 1034 3602 διφυῆ,
1053 3532 1087 3586 τὰ
1106 3532 1158 3603 μὲν
1175 3535 1331 3601 ἀνθρώπου
1350 3531 1462 3603 ἔχοντα,
1486 3533 1521 3587 τὰ
1540 3533 1571 3588 δὲ

297 3604 399 3672 ίππον,
418 3604 472 3675 ἀφ’
494 3601 526 3660 οὗ
546 3606 594 3659 καί
614 3604 640 3659 ολ
659 3607 749 3659 λοιποί
768 3602 926 3673 Κένταυροι
948 3603 1087 3675 γεγόνασι.
1124 3604 1262 3659 Pindarus
1285 3604 1358 3658 hanc
1381 3603 1508 3659 fabulam
1531 3605 1573 3658 ita

296 3677 430 3745 mutavit,
455 3679 487 3730 ut
510 3694 566 3730 non
589 3676 741 3746 Centauro,
766 3675 869 3730 Ixionis
893 3679 923 3730 et
940 3675 1085 3746 Nephelas
1103 3675 1170 3743 filio,
1193 3676 1249 3746 ipsi
1273 3693 1305 3731 co
1339 3693 1372 3729 us
1396 3692 1430 3730 ex
1453 3693 1524 3744 equo
1544 3680 1573 3730 et

296 3748 408 3804 homine
435 3749 551 3803 mixtum
580 3748 667 3802 fuisse
695 3749 824 3819 fingeret,
858 3747 906 3802 scd
934 3746 1001 3801 filiis
1030 3747 1161 3802 Centauri
1189 3765 1223 3802 ex
1251 3764 1323 3817 aqua
1344 3765 1377 3801 us
1404 3747 1571 3818 procreatis;

296 3823 360 3875 tota
382 3824 476 3875 autem
500 3820 599 3874 fabula
623 3838 655 3874 ex
679 3822 773 3873 vetere
793 3819 916 3874 carmine
934 3835 950 3874 e
970 3819 1014 3874 ico
1033 3820 1067 3873 de
1087 3835 1183 3889 pugna
1201 3819 1385 3887 Lapitharum
1405 3822 1433 3873 at
1452 3818 1571 3873 Centau-

294 3909 388 3947 rorum
412 3894 524 3962 sumpta
550 3908 610 3946 esse
634 3891 753 3946 videtur.
790 3890 907 3945 Prorsus
931 3838 989 3945 aiis
1008 3891 1043 3944 de
1063 3890 1169 3958 origine
1189 3890 1294 3944 mixtas
1313 3889 1420 3944 formae
1440 3890 1572 3945 Centauri

296 3963 461 4034 Apollonius
478 3965 544 4033 Arg.
559 3981 580 4014 11
595 3978 644 4017 issi
661 3979 696 4016 ss.
716 3965 746 4016 et
763 3961 937 4031 Pherecydes
956 3962 985 4016 in
1004 3961 1090 4016 schol.
1105 3962 1141 4016 ad
1161 3961 1252 4031 Apoll.
1267 3960 1285 4015 l.
1300 3960 1318 4016 l.
1333 3964 1518 4016 narraverunt
1538 3993 1569 4000 -

296 4041 338 4090 37.
359 4037 443 4103 ἀνήρ·
463 4050 563 4088 nomen
582 4034 635 4088 hoc
654 4033 783 4087 additum
801 4033 837 4088 ad
857 4034 1049 4088 infirmitatem
1068 4034 1206 4087 humanae
1226 4033 1327 4087 mentis
1347 4033 1570 4103 significandam,

294 4109 327 4161 ut
340 4125 365 4161 v.
381 4113 415 4160 43
430 4105 552 4173 ἀνδράσι
565 4104 584 4158 i.
600 4121 622 4159 e.
637 4104 804 4158 mortalibus
819 4104 859 4158 dii
874 4105 1007 4160 contrarii
1021 4108 1163 4175 ponuntur
1176 4136 1211 4144 —
1225 4111 1267 4158 40.
1283 4104 1370 4159 καλὸν
1388 4113 1483 4174 πῆμα·
1504 4121 1569 4174 oxy-

295 4195 391 4233 moron
411 4178 448 4231 ad
467 4175 610 4245 exemplar
629 4176 716 4230 καλὸν
734 4175 835 4237 κακόν,
855 4177 930 4246 quod
950 4178 984 4231 da
1002 4176 1133 4230 Pandora
1151 4175 1223 4229 dixit
1241 4175 1353 4231 Hesiod.
1369 4175 1462 4245 theog.
1478 4192 1517 4231 aaa
1537 4207 1569 4215 -

294 4249 498 4318 τετράκναμον·
523 4250 601 4302 rotae
625 4247 724 4317 priscis
748 4248 920 4318 temporibus
944 4250 1065 4317 quatuor
1087 4246 1160 4300 radii
1185 4250 1266 4301 erant
1285 4247 1330 4311 (cf.
1345 4247 1375 4301 P.
1391 4266 1418 4300 ιν
1433 4250 1494 4316 su),
1514 4264 1571 4315 qua

294 4319 385 4375 forma
402 4324 482 4374 rotae
502 4322 567 4388 apte
586 4318 632 4372 hic
650 4322 736 4388 poeta
755 4337 821 4373 usus
841 4323 891 4386 est,
912 4323 944 4373 ut
957 4336 1056 4372 manus
1071 4321 1101 4372 et
1114 4319 1199 4387 pedes
1213 4318 1318 4372 Ixionis
1337 4318 1464 4389 illigatos
1483 4319 1569 4372 luisse

295 4391 467 4462 significaret
485 4423 519 4429 —
539 4396 581 4445 41.
602 4388 745 4460 ἀγγελίαν·
766 4394 946 4461 praeceptum
965 4389 1049 4456 illud,
1069 4393 1101 4441 ut
1119 4389 1245 4443 homines
1265 4389 1340 4460 grati
1360 4390 1418 4443 sint
1435 4389 1569 4443 adversus

294 4463 487 4517 benefactores
502 4466 537 4530 (v.
553 4464 596 4530 ss),
611 4464 756 4530 tamquam
771 4462 899 4515 nuntium
914 4461 1074 4515 hominibus
1089 4460 1217 4526 missuum
1238 4461 1333 4515 confer
1347 4460 1568 4514 Christianorum

295 4533 456 4602 εὐαγγέλιον
474 4565 507 4574 -
527 4539 569 4586 42.
589 4533 658 4587 ἀνευ
677 4531 798 4602 χαρίτων
816 4532 982 4586 Plutarchus
1001 4535 1086 4586 amat.
1104 4548 1116 4586 5
1134 4534 1163 4585 et
1176 4549 1248 4585 unus
1263 4550 1296 4586 ex
1311 4531 1471 4585 scholiastis
1486 4531 1568 4585 blau-

295 4605 345 4659 das
369 4605 530 4675 voluptates
553 4604 718 4659 concubitus
741 4605 974 4674 interpretantium
997 4603 1097 4657 melius
1121 4602 1192 4658 alter
1216 4603 1370 4658 scholiasta
1393 4602 1462 4656 haec
1483 4603 1568 4655 verba

294 4693 357 4730 cum
376 4674 461 4746 γόνον
480 4676 573 4746 iungit
591 4679 701 4730 vertens
721 4676 823 4746 ἄχαριν
841 4674 934 4746 γόνον,
954 4678 986 4729 ut
1004 4675 1119 4729 Gratiae
1138 4675 1265 4730 nascenti
1285 4676 1423 4729 Centauro
1442 4691 1498 4727 non
1518 4675 1565 4728 ad·

294 4748 381 4803 fuisse
400 4748 531 4803 dicantur
550 4781 581 4788 —
