3406 5378
231 384 346 439 XXVIII
730 386 1008 440 PROLEGOMENA.

365 644 469 727 λοιπῷ
493 637 593 720 γένει·
618 649 685 703 τῶν
708 633 744 702 δὲ
767 636 1006 723 πεπραγμένων
1030 636 1134 722 (Pind.
1159 634 1240 699 0.11
1263 658 1311 721 ep.
1333 634 1375 722 1).

321 762 419 828 Notis
442 768 479 827 ut
502 763 758 848 significaremus
782 785 821 827 ex
844 762 992 847 pluribus
1016 760 1155 846 dipodiis
1179 782 1279 824 unum
1302 759 1397 825 colon
1415 760 1510 845 effici,

232 869 371 954 primam
395 870 493 935 arsim
516 869 580 935 coli
605 870 730 934 duobus
753 869 898 955 punctis,
921 873 1045 933 ceteras
1070 867 1207 952 singulis
1230 866 1359 950 punctis
1382 865 1509 931 notavi-

232 999 312 1040 mus.
351 977 459 1061 Atque
482 977 543 1041 hoc
567 976 664 1041 modo
688 976 797 1060 potius
822 997 918 1059 quam
941 974 1069 1059 virgula
1091 973 1142 1037 vel
1166 973 1285 1038 lineola
1308 973 1379 1039 cola
1398 995 1509 1038 versus

232 1083 431 1168 distinguere
455 1084 643 1167 maluimus,
671 1083 757 1167 quod
781 1105 876 1167 saepe
899 1081 1004 1167 prima
1028 1081 1154 1165 syllaba
1176 1081 1309 1145 alterius
1333 1080 1409 1164 coli,
1437 1081 1510 1165 rhy-

232 1190 360 1255 thmum
379 1189 408 1254 si
427 1194 568 1275 spectas,
586 1190 704 1275 prioris
723 1189 786 1255 eoli
806 1193 856 1254 est
875 1195 908 1254 et
927 1189 1090 1274 dipodiam
1109 1188 1144 1252 in
1163 1189 1225 1252 fine
1240 1187 1357 1272 prioris
1373 1187 1509 1252 membri

231 1296 419 1362 inchoatam
442 1298 583 1382 complet
606 1302 638 1362 et
661 1297 800 1381 perficit,
823 1297 912 1361 velut

294 1497 335 1558 τὺ
358 1495 420 1580 γὰρ
445 1495 481 1559 τὸ
505 1449 678 1578 μαλθαᾷὲὸν
702 1492 791 1578 ἔρξαι
858 1443 894 1558 ci
916 1491 971 1558 καὶ
993 1499 1117 1558 παθεῖν
1140 1493 1228 1576 ὅμως
1251 1491 1300 1578 (Ρ.
1321 1492 1447 1580 v1116).

321 1615 374 1681 De
403 1617 501 1683 colis
530 1623 566 1682 et
595 1618 800 1683 versiculis
830 1618 869 1681 in
897 1618 1011 1702 pedes
1036 1617 1242 1682 solvendis.
1287 1615 1333 1681 Ut
1355 1618 1451 1700 pedes
1475 1618 1510 1681 in

235 1729 393 1810 tempora,
419 1723 468 1789 ita
490 1725 561 1789 cola
582 1724 617 1788 in
639 1725 736 1810 pedes
760 1725 930 1789 solvuntur
954 1729 1011 1789 aut
1034 1724 1198 1809 simplices
1222 1729 1279 1789 aut
1302 1725 1510 1809 compositos.

233 1831 272 1895 In
295 1832 392 1915 pedes
416 1831 578 1917 simplices
602 1832 771 1896 solvuntur
791 1837 919 1916 praeter
938 1831 1098 1915 dipodias,
1121 1853 1201 1914 quas
1220 1829 1254 1894 in
1272 1831 1368 1915 pedes
1389 1830 1510 1914 simpli-

234 1960 286 2003 ces
306 1938 475 2002 solvendas
495 1961 564 2003 esse
584 1961 682 2022 supra
699 1937 764 2002 iam
783 1938 862 2022 dixi,
882 1938 1040 2022 tripodiae
1060 1937 1266 2002 catalectieae
1284 1959 1409 2022 omnes,
1428 1960 1509 2022 quae

233 2067 307 2111 cum
335 2045 448 2110 crebro
476 2047 621 2110 membra
648 2068 800 2110 versuum
826 2045 1000 2131 longorum
1025 2045 1106 2129 sint,
1133 2066 1207 2108 raro
1230 2045 1265 2108 in
1287 2043 1420 2109 Pindari
1443 2067 1509 2110 car-

232 2152 374 2217 minibus
397 2153 464 2217 vim
488 2175 638 2218 versuum
662 2152 824 2238 obtinent,
846 2153 1042 2236 proodorum
1067 2150 1117 2215 vel
1140 2151 1316 2234 epodorum
1338 2153 1389 2217 vel
1408 2174 1510 2217 meso·

233 2259 348 2324 dorum
381 2260 466 2324 vices
498 2260 565 2324 fere
599 2264 759 2344 tenentes,
791 2260 881 2324 velut
914 2258 949 2322 Ο.
974 2276 1024 2321 vn
1047 2259 1075 2321 3.
1103 2275 1141 2321 rx
1164 2263 1190 2322 l.
1218 2275 1281 2321 x111
1304 2263 1330 2323 1.
1368 2258 1402 2322 P.
1422 2277 1459 2322 111
1479 2262 1508 2324 3.

233 2384 270 2430 lx
294 2389 341 2452 ep.
362 2369 391 2431 8.
414 2367 455 2431 N.
474 2385 486 2430 1
506 2369 535 2431 3.
559 2385 595 2430 vr
619 2372 643 2430 l.
666 2367 771 2431 114.
795 2368 861 2431 vd.
898 2365 1066 2452 Ambigua
1088 2387 1186 2430 causa
1208 2365 1420 2450 tripudiarum
1445 2367 1510 2451 ple·

232 2495 346 2539 narum
370 2479 428 2538 est.
466 2473 549 2538 Sunt
572 2474 658 2538 enim
681 2474 734 2559 qui
759 2473 917 2558 tripodias
939 2473 1052 2559 plenas
1075 2472 1257 2538 trochaicae
1281 2478 1314 2537 et
1333 2473 1509 2558 dactylicos

233 2585 266 2645 et
293 2581 498 2666 logaoedieas
526 2585 582 2645 aut
610 2580 765 2645 adhibitis
792 2603 968 2665 pausarum
990 2580 1171 2645 intervallis
1195 2602 1268 2644 cum
1291 2601 1402 2644 versus
1424 2581 1508 2645 istos

231 2686 530 2771 brachycatalectos
552 2688 673 2773 dicant,
697 2693 753 2751 aut
771 2687 878 2773 longis
899 2687 1034 2770 syllabis
1056 2687 1209 2753 extremis
1229 2688 1263 2750 in
1281 2686 1346 2750 tria
1364 2686 1414 2750 vel
1434 2709 1511 2771 qua-

202 2836 207 2844 ·
233 2798 308 2858 tuor
335 2798 484 2878 tempora
510 2794 677 2879 productis
704 2816 771 2858 non
798 2794 832 2857 in
860 2799 927 2858 tres
954 2796 1050 2879 pedes
1079 2795 1255 2879 simplices,
1283 2794 1339 2858 sed
1366 2794 1400 2857 in
1427 2794 1506 2858 duas

232 2900 379 2985 dipodias
403 2901 548 2966 dividant
571 2900 657 2966 hunc
680 2901 716 2964 in
738 2901 883 2966 modum:

374 3018 646 3095 small
717 3045 983 3094 so-or'-r-
1055 3044 1344 3096 rhomen

375 3125 648 3202 Aw-we-h
719 3151 986 3202 ὲω-ωὼῌ
1056 3151 1347 3210 Ξω-ωώρλ

233 3257 319 3342 quod
346 3278 424 3320 num
454 3261 542 3321 recta
569 3256 625 3322 isti
652 3257 789 3343 faciant,
820 3281 885 3323 non
917 3259 1013 3323 huius
1042 3258 1105 3324 loci
1133 3264 1184 3324 est
1212 3281 1379 3344 quaerere,
1406 3282 1510 3344 neque

233 3361 401 3427 diiudicari
424 3368 534 3447 potest
557 3365 621 3429 nisi
640 3365 773 3430 adscitis
792 3365 906 3430 vicinis
927 3365 1006 3430 colis
1026 3370 1058 3431 et
1076 3366 1262 3451 rhythmica
1279 3367 1387 3431 indole
1408 3367 1510 3431 totius

232 3470 386 3554 strophae
410 3470 585 3556 explorata.

320 3578 390 3645 Iam
424 3580 479 3664 qui
512 3602 550 3644 ex
583 3584 723 3663 quatuor
750 3581 885 3664 pedihus
913 3581 1017 3666 plenis
1046 3585 1102 3645 aut
1130 3579 1327 3663 imperfectis
1355 3583 1507 3645 constant

232 3685 374 3769 ordines,
398 3685 464 3750 sive
487 3708 598 3750 versus
623 3687 690 3751 sive
714 3687 776 3752 coli
799 3687 868 3753 vice
891 3688 1085 3774 funguntur,
1107 3709 1172 3752 non
1195 3687 1229 3751 in
1250 3688 1427 3772 simplices,
1451 3690 1505 3752 sed

231 3791 266 3855 in
289 3792 487 3877 compositos
510 3794 622 3879 pedeS,
645 3817 696 3859 me
720 3795 747 3859 si
771 3795 876 3881 audis,
899 3795 1060 3860 dividendi
1085 3799 1174 3879 sunt,
1196 3795 1285 3859 velut

532 3911 850 3952 Lw-w2w.-
958 3911 1239 3952 3w-w;w-

479 4090 817 4131 mim-waw-
923 4091 1241 4131 0²u-0·o.

320 4186 428 4271 Atque
453 4187 581 4252 ordines
605 4188 788 4252 trochaicos
810 4187 968 4253 iambicos
992 4187 1215 4274 anapaestieos
1237 4186 1299 4251 hoe
1324 4188 1419 4252 modo
1439 4211 1506 4272 per·

233 4293 400 4358 cutiendos
429 4315 498 4358 esse
527 4297 560 4358 et
589 4299 714 4359 veteres
742 4295 868 4360 metrici
891 4295 1096 4381 praecipiunt
1119 4300 1152 4359 et
1173 4294 1260 4358 inter
1283 4294 1370 4358 viros
1394 4296 1507 4360 doctos

233 4405 362 4465 constat
390 4423 515 4485 omnes,
542 4400 722 4487 logaoedici
751 4405 860 4466 autem
888 4402 1016 4466 ordines
1040 4402 1234 4487 tetrapodici
1256 4406 1366 4466 utrum
1390 4408 1423 4467 et
1445 4403 1508 4487 ipsi

232 4508 267 4571 in
290 4507 436 4590 dipodias
460 4509 538 4572 duas
563 4530 604 4571 an
625 4508 747 4573 directa
766 4509 819 4573 via
836 4509 870 4573 in
889 4510 986 4594 pedes
1006 4508 1168 4594 simplices
1188 4513 1328 4592 quatuor
1346 4508 1508 4574 dividendi

233 4614 311 4696 sint,
335 4614 396 4677 viri
415 4614 502 4679 docti
522 4615 726 4679 dissentiunt.
764 4617 924 4700 Equidem
944 4638 1139 4700 quamquam
1159 4620 1248 4680 certa
1265 4615 1384 4681 indicia
1403 4617 1509 4701 bipar-

233 4721 314 4786 titae
338 4720 505 4785 divisionis
529 4720 563 4784 in
585 4721 782 4808 logaoedieis
806 4722 953 4787 versibus
977 4723 1044 4787 fere
1068 4724 1177 4787 deesse
1201 4727 1235 4786 et
1252 4726 1378 4786 veteres
1397 4729 1509 4806 poetas

233 4828 350 4899 Aeoles
384 4826 454 4893 cola
484 4849 565 4918 quae
594 4851 614 4892 a
640 4829 711 4895 basi
739 4852 795 4895 seu
822 4829 1004 4895 irrationali
1033 4831 1186 4897 trochaeo
1214 4828 1388 4917 incipiunt,
1421 4829 1510 4898 velut
