3406 5378
215 336 280 400 372
684 337 832 390 prunam
850 337 1016 395 semron.

216 505 315 580 Aprili
339 505 409 564 anni
433 508 497 565 478
522 497 582 585 (01.
608 508 658 582 75,
683 498 717 586 2)
742 505 810 564 acti.
856 506 972 564 Horum
998 505 1093 582 igitur
1120 505 1312 580 potissimum
1338 503 1509 564 victoriam

217 595 273 653 hoc
293 594 422 653 carmine
442 614 460 652 a
478 597 568 669 poeta
586 594 733 652 illustrari
751 594 903 670 probabile
922 600 976 653 est.
1004 594 1184 652 Nemeaeum
1202 597 1307 652 autem
1326 593 1509 669 victoriam,

216 702 307 758 quam
335 685 366 741 et
392 682 488 758 ipsam
515 686 605 758 poeta
632 683 751 759 laudat,
780 681 924 742 Cleander
951 683 1042 758 paulo
1070 686 1153 763 ante,
1181 685 1295 741 aestate
1328 681 1407 741 anni
1437 684 1506 740 479

215 764 470 851 (01.75,2),ve1
494 772 585 830 etiam
608 771 725 831 duobus
749 773 834 830 annis
856 772 941 847 prius
964 774 1131 847 reportasse
1150 771 1277 831 videtur.
1317 771 1402 830 Sane
1424 770 1506 829 diffi-

215 861 343 919 cultates
371 861 440 920 huic
469 860 602 936 opinioni
625 864 772 936 parantur
794 860 976 919 carminibus
1003 861 1026 919 Ι.
1050 880 1085 917 111
1113 863 1193 937 etv,
1217 862 1325 935 utpote
1354 879 1442 936 quae
1473 864 1506 919 et

214 950 281 1024 ipsa
299 950 448 1025 pancratii
467 950 609 1009 victorias
627 950 783 1008 Isthmicas
802 969 861 1008 non
876 951 1006 1008 multum
1020 953 1089 1025 post
1104 967 1222 1025 pugnas
1237 948 1457 1008 Plataeensem
1472 954 1506 1009 et

215 1038 411 1097 Salaminiam
433 1042 602 1114 reportatas
624 1039 804 1114 praedicent,
842 1038 899 1096 Sed
922 1039 953 1096 in
976 1038 1023 1097 his
1046 1037 1275 1097 difficultatibus
1299 1038 1506 1114 expediendis

215 1127 252 1184 ab
279 1127 370 1185 huius
398 1128 538 1186 carminis
565 1129 667 1203 potius
694 1127 878 1203 temporibus
902 1146 994 1202 quam
1017 1130 1182 1186 ceterorum
1205 1127 1336 1186 duorum
1359 1125 1504 1203 proficis·

214 1216 340 1276 cendum
369 1220 426 1292 est,
455 1216 697 1293 quandoquidem
724 1217 803 1275 inter
829 1216 885 1275 hoc
913 1236 1032 1275 carmen
1060 1218 1091 1273 et
1117 1235 1250 1294 pugnam
1281 1215 1502 1275 Plataeensem

215 1304 473 1381 obsessionemque
492 1304 662 1364 Thebarum
680 1306 822 1384 exiguum
843 1309 962 1380 tempus
985 1305 1183 1380 interlapsum
1206 1322 1268 1363 esse
1291 1305 1385 1380 plane
1411 1324 1503 1381 aper·

216 1399 280 1452 tum
309 1398 361 1453 est.
408 1394 544 1470 Denique
573 1395 692 1454 silentio
720 1393 957 1470 praetermittere
985 1395 1054 1453 nolo
1083 1393 1211 1469 tempori
1233 1413 1324 1453 verno
1348 1393 1503 1454 ludorum

215 1483 427 1543 Isthmicorum
450 1483 546 1561 magis
570 1483 661 1542 etiam
685 1502 775 1560 quam
799 1483 914 1542 aestivo
933 1483 1113 1542 Nemeorum
1133 1481 1289 1542 convenire
1307 1483 1502 1542 mentionem

213 1576 346 1647 myrteas
369 1591 496 1632 coronae
518 1593 545 1631 v.
566 1584 599 1631 67
623 1574 741 1631 factam.
1084 1588 1087 1597 ·

302 1661 348 1719 En
368 1664 580 1738 argumentum
593 1661 733 1720 carminis
747 1661 925 1720 dulcissimi:
947 1661 1092 1720 Cleandro
1112 1659 1233 1735 aequali
1252 1660 1342 1738 agite,
1358 1661 1500 1739 iuvenes,

214 1752 283 1808 ante
306 1750 490 1808 vestibulum
513 1750 608 1826 patris
628 1750 796 1809 Telesarchi
817 1750 978 1825 epinicium
996 1749 1140 1825 hymnum
1158 1748 1284 1825 fundite,
1305 1750 1388 1825 quod
1407 1768 1500 1827 prae·

213 1839 308 1897 mium
335 1838 471 1897 laborum
499 1839 626 1898 feliciter
652 1839 732 1897 ludis
763 1838 912 1897 Isthmicis
944 1843 975 1898 et
1005 1837 1162 1897 Nemeaeis
1194 1838 1421 1897 enuntiatorum
1457 1841 1501 1898 sit

214 1919 321 2007 (1—5).
350 1927 461 1987 Poscor
473 1929 552 1986 enim
570 1930 605 1986 ut
622 1929 740 1986 Musam
758 1927 908 2004 advocem,
922 1946 1018 2003 neque
1034 1946 1143 1986 munus
1157 1926 1292 1986 oblatum
1306 1927 1502 2005 detrectabo,

214 2017 351 2092 quamvis
374 2016 460 2094 gravi
483 2017 584 2076 dolore
608 2017 751 2093 afflictus,
773 2016 1014 2092 quandoquidem
1033 2016 1201 2091 periculum
1223 2016 1380 2075 servitutis
1405 2018 1500 2093 quasi

215 2105 378 2164 Tantaleae
406 2105 489 2181 rupis
518 2105 660 2165 Graeciae
688 2105 885 2180 impendentis
913 2106 986 2165 deus
1016 2104 1100 2164 nobis
1129 2105 1339 2163 averruncavit
1362 2098 1499 2188 (c--13).

212 2194 366 2253 Praesenti
390 2194 468 2252 enim
491 2192 568 2253 bono
592 2213 646 2253 nos
669 2195 729 2252 frui
753 2195 844 2272 decet,
869 2214 965 2270 neque
988 2194 1019 2252 in
1043 2193 1130 2252 rebus
1149 2193 1252 2262 dubiis,
1268 2193 1303 2252 de
1323 2194 1425 2254 salute
1446 2196 1499 2255 de·

213 2283 393 2359 sperandum
409 2287 455 2341 est
469 2283 552 2341 salva
566 2283 704 2343 libertate
720 2275 864 2362 (14-15).
888 2283 935 2341 Me
951 2286 1053 2342 autern
1067 2282 1175 2341 Thebis
1190 2282 1341 2340 nutritum
1355 2284 1498 2363 Aeginae

213 2392 322 2431 munus
337 2371 510 2432 Gratiarum
529 2372 649 2431 reddere
669 2376 795 2449 oportet,
815 2372 957 2448 quoniam
976 2391 1012 2430 ex
1030 2371 1133 2430 eodem
1152 2374 1275 2447 parente
1289 2372 1394 2448 Asopo
1413 2373 1497 2434 duaa

212 2462 361 2537 nymphae
380 2459 482 2520 Theba
501 2464 531 2519 et
550 2461 666 2539 Aegina
689 2466 861 2536 procreatae
885 2464 964 2537 sunt,
988 2479 1065 2535 quae
1085 2479 1103 2517 a
1122 2479 1190 2537 rege
1214 2460 1338 2519 deorum
1362 2461 1497 2522 dilectae

213 2551 308 2608 altera
327 2569 418 2625 prope
436 2550 544 2608 Dircae
567 2550 693 2608 flumina
716 2550 862 2610 collocata
884 2549 968 2609 urbis
987 2548 1155 2608 Thebarum
1178 2553 1307 2624 patrona
1329 2550 1414 2609 lacta
1439 2555 1496 2630 est,

212 2641 308 2697 altera
331 2639 362 2698 in
386 2637 551 2714 Oenopiam
579 2639 709 2697 insulam
736 2639 883 2697 translata
906 2639 1052 2716 Aeacum,
1080 2637 1253 2697 mortalium
1282 2639 1496 2719 iustissimum,

212 2727 330 2804 peperit
352 2720 498 2808 (lc-24).
544 2727 636 2786 Cuius
660 2727 752 2787 etiam
776 2727 830 2785 filii
853 2730 884 2786 et
907 2731 1029 2802 nepotes
1052 2726 1159 2786 bellica
1182 2727 1295 2786 virtute
1319 2731 1351 2787 et
1374 2729 1495 2805 sapien·

212 2817 272 2876 tiae
303 2817 392 2876 laude
422 2815 581 2893 florebant,
611 2816 690 2875 unde
721 2816 892 2892 caelicolae,
925 2835 993 2874 cum
1025 2815 1141 2891 Iupiter
1170 2818 1201 2875 et
1234 2816 1397 2891 Neptunus
1430 2837 1496 2878 una

211 2906 320 2965 Thetin
343 2905 500 2965 Nereidem
523 2905 703 2982 deperirent,
727 2905 878 2964 Themidis
907 2904 1050 2963 vaticinio
1082 2904 1228 2981 obsecuti,
1258 2924 1295 2964 ne
1325 2907 1435 2983 gravia
1459 2927 1495 2967 ex

211 2995 278 3053 istis
308 2994 459 3054 amoribus
491 2992 655 3069 Olympicis
685 2994 747 3053 deis
777 2993 910 3069 pericula
940 2996 1103 3069 orerentur,
1134 2993 1243 3051 Thetin
1273 2993 1361 3053 deam
1391 2995 1494 3072 Peleo,

212 3083 304 3142 Aeaci
334 3082 396 3142 filio
426 3083 576 3160 piissimo,
606 3102 728 3143 uxorem
759 3083 920 3141 iunxerunt
949 3074 1091 3161 (ae-47).
1137 3081 1236 3140 Natus
1266 3101 1336 3143 vero
1368 3103 1405 3142 ex
1436 3085 1495 3145 hoc

211 3171 402 3232 matrimonio
435 3171 567 3230 Achilles
603 3172 841 3247 praeclarissima
873 3171 1008 3230 facinora
1040 3170 1134 3229 edidit
1165 3173 1196 3230 et
1227 3170 1318 3230 etiam
1351 3175 1494 3233 mortuus

212 3262 328 3320 naeniis
347 3262 501 3319 Musarum
521 3263 645 3319 ornatus
664 3264 710 3320 est
729 3252 871 3341 (al-58).
909 3261 951 3319 Ut
969 3260 1063 3338 igitur
1081 3260 1123 3317 dii
1142 3262 1278 3320 strenuos
1296 3261 1378 3321 viros
1397 3262 1494 3323 etiam

212 3355 347 3410 mortuos
375 3349 556 3408 carminibus
579 3350 773 3409 illustrandos
796 3369 859 3409 esse
883 3350 1045 3426 dnxenmt,
1068 3349 1112 3407 ita
1136 3367 1189 3408 nos
1213 3368 1333 3425 quoque
1357 3350 1493 3411 Nicoclis

210 3440 405 3499 victoriarum
427 3439 601 3498 memoriam
628 3439 805 3499 resuscitare
833 3458 889 3515 par
912 3442 965 3498 est.
1011 3438 1110 3497 Huius
1132 3442 1234 3496 autem
1257 3438 1387 3517 vestigia
1410 3460 1493 3500 nunc

211 3528 356 3603 patruelis
386 3528 450 3586 eius
475 3527 619 3587 Cleander
648 3528 735 3606 legit,
766 3528 819 3605 qui
850 3528 929 3604 quod
960 3527 1148 3587 iuventutem
1176 3526 1290 3585 desidia
1317 3528 1493 3590 umbratilis

210 3618 290 3676 vitae
315 3616 472 3676 obscurare
496 3618 602 3693 noluit,
627 3617 734 3676 merita
757 3617 846 3676 laude
869 3617 954 3676 nobis
977 3616 1161 3676 decorandus
1184 3620 1230 3674 est
1253 3607 1399 3699 (os—70).

755 3770 799 3835 Dc
822 3771 944 3837 metris.

299 3884 424 3943 Carmen
455 3888 501 3943 est
529 3884 684 3943 Aeolicum
713 3885 1001 3962 monostrophicum,
1031 3885 1068 3942 ad
1099 3885 1195 3942 instar
1224 3883 1492 3959 epithalamiornm

212 3971 350 4050 Sapphus
378 3993 396 4031 a
424 3973 512 4033 choro
541 3973 683 4032 iuvenum
712 3973 749 4030 ad
780 3972 867 4032 aedes
895 3974 990 4050 patris
1018 3973 1139 4033 victoris
1162 3964 1204 4053 (v.
1229 3984 1259 4050 33
1282 3973 1319 4032 cf.
1341 3973 1379 4033 N.
1404 3991 1416 4031 1
1442 3968 1492 4056 19)

210 4063 434 4123 comissantium
462 4064 625 4121 cantatum.
670 4063 771 4138 Atque
799 4062 830 4120 in
858 4063 955 4138 priore
984 4066 1069 4138 parte
1097 4062 1236 4121 carminis
1265 4062 1327 4121 sive
1354 4062 1386 4120 in
1415 4082 1491 4139 qua·

209 4154 279 4212 tuor
305 4151 410 4227 primis
437 4149 572 4209 versibus
600 4151 716 4209 numeri
742 4150 881 4227 passibus
908 4153 991 4211 chori
1013 4151 1178 4228 gradientis
1201 4151 1246 4208 ita
1269 4152 1489 4211 accommodati

209 4244 292 4317 sunt,
320 4242 356 4298 ut
382 4240 515 4314 rhythmi
543 4259 647 4299 senum
675 4244 843 4316 temporum
871 4234 974 4321 (πόδες
1002 4233 1156 4319 ἕξάσημοι)
1184 4239 1319 4300 continui
1348 4257 1411 4298 sese
1440 4260 1490 4299 ex·

210 4329 324 4404 cipiant
353 4331 384 4387 et
413 4329 505 4387 etiam
535 4347 699 4404 pausarum
730 4329 890 4388 intervalla
919 4329 1035 4387 detiniri
1064 4329 1188 4404 possint.
1234 4329 1268 4385 In
1294 4328 1390 4386 altera
1414 4347 1490 4404 qno·

213 4437 270 4494 que
301 4421 386 4493 parte
416 4418 556 4476 carminis
586 4421 658 4477 sunt
689 4418 784 4493 aliqui
818 4436 922 4476 versus
954 4419 1038 4476 velut
1071 4422 1171 4476 sextus
1203 4419 1234 4475 et
1266 4420 1403 4493 octavus,
1435 4418 1489 4493 qui

209 4506 297 4565 facile
321 4507 352 4564 in
380 4506 516 4582 dipodias
544 4507 637 4566 dividi
665 4507 793 4582 possint;
823 4506 873 4564 sed
903 4506 1052 4582 plerique,
1081 4525 1150 4564 curn
1180 4505 1309 4581 dipodiis
1339 4505 1489 4581 tripodias

209 4595 399 4655 catalecticus
424 4596 570 4654 admixtas
595 4596 732 4673 habeant,
756 4595 788 4653 in
811 4595 999 4669 aequabilem
1023 4595 1206 4653 scansionem
1230 4593 1399 4669 dipodicam
1423 4595 1489 4653 sine

208 4684 478 4744 vehementioribus
497 4685 634 4744 remediis
652 4683 829 4760 rhythmicis
853 4684 919 4760 cogi
942 4687 1103 4759 nequeunt.
1136 4683 1277 4758 Inprimis
1301 4702 1374 4741 num
1397 4682 1488 4743 binae

210 4773 356 4849 tripodiae
380 4792 482 4832 versus
507 4774 605 4850 quinti
624 4774 655 4830 in
674 4773 809 4850 singulos
832 4772 983 4833 trimetros
1007 4772 1231 4848 coniungendae
1255 4772 1324 4849 sint,
1347 4770 1488 4830 dubitem
