3406 5378
274 287 294 348 2
746 286 895 338 PINDARI
914 285 1080 336 EPINICIA.
1143 326 1146 331 .

271 476 369 531 mene,
401 454 463 512 filio
495 454 647 529 HieroniS,
684 454 753 527 post
784 455 910 511 mortem
942 453 1038 528 patris
1070 451 1253 525 dedicatum,
1284 448 1441 525 Olympiae
1474 449 1552 508 vidit

271 544 435 602 Pausanias
456 562 509 601 rur
533 555 576 618 42,
596 555 620 626 a,
647 543 698 617 qui
721 542 778 599 hoc
801 542 986 618 epigramma
1010 540 1210 598 anathematis
1232 540 1392 598 memoriae
1418 539 1551 615 prodidit

485 657 548 717 Σο’ν
571 679 639 716 ποτε
663 655 801 733 νικήσας,
825 659 883 715 Ζεῦ
905 649 1058 733 Ὀλύμπιε,
1082 654 1190 733 σεμνὸν
1213 652 1328 734 ἀγῶνα,

529 746 681 830 τεθρίππῳ
706 742 759 822 μὲν
782 745 874 816 ίίπαξ,
898 743 1090 822 μουνοκέλητι
1114 741 1145 802 di
1170 744 1231 818 dle,

486 829 557 914 δῶρ’
579 829 677 914 Ἱέρων
700 835 767 893 τάδε
791 852 838 893 σοι
862 829 1045 913 ἐχαρίσσατο,
1069 839 1139 906 παῖς
1163 826 1191 891 δ’
1217 830 1366 911 ἀνέθηκεν

531 921 711 1001 Δεινομένης
734 923 843 1003 πατρὸς
867 932 969 1001 μνῆμα
993 923 1192 1001 Συρακοσίου.

358 1042 424 1100 Iam
456 1042 481 1100 si
510 1060 649 1117 quaeraS,
682 1059 773 1115 quam
801 1060 835 1097 ex
867 1039 963 1099 tribus
995 1041 1129 1099 victoriis
1159 1041 1231 1097 haec
1264 1040 1333 1114 oda,
1367 1058 1456 1115 quarn
1491 1059 1550 1099 non

272 1133 368 1191 solum
392 1131 532 1206 primam,
556 1131 607 1188 sed
631 1130 722 1188 etiam
745 1130 909 1205 principem
937 1132 968 1187 et
991 1130 1219 1203 pulcherrimam
1248 1132 1363 1186 veteres
1386 1129 1550 1187 laudabant

272 1214 401 1301 (Lucian
430 1219 507 1278 Gall.
529 1212 572 1300 7),
600 1220 794 1295 spectaverit,
823 1219 933 1277 emulis
956 1218 1083 1277 victoria
1107 1218 1294 1293 Olympiadis
1315 1221 1355 1277 78
1376 1219 1406 1276 in
1430 1238 1549 1277 censum

273 1330 332 1368 non
351 1310 442 1385 venit,
467 1310 608 1384 quoniam
627 1309 783 1366 victoriam
805 1308 860 1365 hoc
882 1307 1011 1365 carmine
1030 1307 1213 1365 illustratam
1232 1307 1325 1365 cclete
1344 1310 1463 1382 partam
1486 1328 1548 1367 esse

271 1402 362 1474 poeta
380 1400 444 1473 ipse
468 1418 494 1456 v.
516 1410 548 1456 18
571 1398 712 1456 declarat.
744 1397 848 1471 Neque
868 1397 1025 1454 victoriam
1044 1397 1136 1453 cclete
1157 1396 1202 1454 Ol.
1224 1399 1264 1454 73
1285 1400 1468 1472 reportatam
1492 1399 1548 1455 huc

272 1488 390 1546 trahere
415 1488 494 1563 licet,
518 1488 655 1562 quamvis
679 1486 856 1544 scholiastae
875 1485 1010 1561 plerique
1032 1486 1087 1543 hoc
1110 1486 1236 1544 fecerint
1259 1489 1289 1544 et
1312 1487 1454 1545 victoriae
1480 1490 1549 1544 ante

271 1580 377 1651 partae
397 1577 508 1634 mentio
528 1577 558 1633 in
573 1577 629 1634 hac
644 1576 701 1633 oda
718 1594 776 1633 non
795 1575 856 1631 fiat.
885 1574 1005 1632 Etenim
1020 1574 1065 1631 Ol.
1080 1577 1119 1633 73
1136 1576 1266 1632 nondum
1280 1595 1330 1632 rex
1345 1575 1436 1635 Hiero
1452 1576 1549 1635 factus

272 1668 338 1724 erat
369 1685 464 1739 neque
496 1664 644 1722 Pindarus
675 1667 765 1738 poeta
793 1664 824 1720 in
856 1664 926 1720 aula
956 1664 1034 1739 regis
1067 1664 1313 1722 commorabatur.
1359 1665 1550 1740 Relinquitur

271 1756 365 1832 igitur
397 1755 524 1812 victoria
553 1754 598 1811 Ol.
615 1757 654 1811 77
677 1779 718 1799 =
739 1755 803 1810 472
824 1772 850 1809 a.
871 1752 951 1828 cha,
985 1773 1072 1827 quan
1106 1773 1140 1809 eo
1174 1755 1269 1829 magis
1302 1774 1368 1812 cum
1399 1754 1548 1813 Boeckhio

272 1844 401 1920 amplexi
416 1845 558 1919 tenemus,
579 1842 657 1917 (prod
673 1844 703 1899 et
717 1861 858 1913 summae,
873 1860 932 1915 <pua
947 1842 1098 1916 perfusum
1114 1844 1159 1899 est
1176 1843 1232 1900 hoc
1252 1862 1379 1919 carmen,
1394 1844 1549 1901 serenitati

270 1933 399 1991 felicitas
418 1933 505 1989 huius
525 1932 676 2006 temporis,
700 1932 808 1989 Poenis
827 1931 1046 2006 Tyrrhenisque
1066 1932 1191 1989 devictis
1216 1933 1247 1988 et
1269 1933 1394 1989 internis
1418 1933 1548 1990 dissidiis

270 2021 458 2096 compositis,
497 2021 608 2095 optime
642 2020 794 2096 convenit,
833 2024 863 2077 et
895 2021 1037 2077 maiorem
1074 2021 1185 2079 curulis
1218 2022 1388 2079 certaminis
1420 2022 1548 2099 gloriam

267 2110 429 2169 Hieronem
452 2111 513 2167 iarn
537 2112 601 2167 tum
626 2112 723 2166 mente
748 2109 878 2185 agitasse
902 2129 990 2168 versu
1012 2122 1061 2167 112
1087 2130 1104 2166 a
1127 2112 1217 2184 poeta
1240 2100 1412 2168 indicatum*
1428 2113 1481 2168 est.

359 2200 393 2256 ln
408 2199 560 2275 prooemio
570 2202 661 2273 poeta
671 2198 844 2272 Olympicae
856 2199 997 2256 victoriae
1012 2199 1168 2274 splendore
1183 2199 1334 2257 illustrato
1344 2200 1455 2277 lovem,
1465 2202 1548 2259 cuius

269 2289 333 2346 ludi
356 2289 407 2346 isti
431 2289 508 2347 sacri
532 2292 625 2363 erant,
654 2290 685 2345 et
707 2287 869 2345 Hieronem
891 2307 1004 2364 regem,
1029 2289 1080 2362 qui
1104 2289 1191 2345 modo
1214 2308 1353 2346 coronam
1376 2290 1407 2346 in
1431 2290 1549 2348 colonia

270 2378 390 2453 Pelopis
418 2377 507 2451 Lydii
535 2377 627 2436 celete
652 2379 813 2451 meruerat,
843 2377 971 2434 carmine
995 2377 1230 2453 phormingequc
1254 2377 1310 2435 sibi
1334 2379 1548 2453 praedicandos

269 2467 343 2525 dicit
366 2460 501 2546 (1-24).
549 2466 660 2524 Deinde
690 2467 720 2523 in
747 2466 907 2540 principali
937 2467 1022 2539 parte
1052 2467 1190 2540 carminis
1214 2486 1232 2523 a
1255 2468 1403 2525 mentione
1427 2467 1548 2543 Pelopis

269 2556 430 2632 profectus,
449 2555 583 2613 fabulam
597 2560 728 2613 veterem
742 2555 777 2611 de
792 2555 921 2612 Tantalo
936 2555 1057 2612 deornm
1077 2556 1284 2613 familiaritate
1299 2556 1441 2614 abutente
1457 2562 1547 2632 atque

269 2645 331 2703 filio
360 2646 423 2702 eius
450 2645 560 2720 Pelope
590 2644 786 2721 Oenomaum,
818 2663 918 2720 regern
953 2644 1061 2720 Elidis,
1094 2645 1189 2702 curuli
1219 2647 1380 2703 certamine
1411 2647 1547 2706 vincente

271 2734 561 2809 Ilippodamiamque
585 2733 750 2808 praemium
778 2733 921 2791 victoriae
944 2733 1133 2792 nanciscente
1156 2734 1248 2791 refert
1277 2727 1427 2816 (aa-sa).
1466 2736 1548 2805 Quae

270 2822 373 2880 fabula
388 2843 454 2881 curn
469 2824 536 2897 ipsa
551 2824 594 2879 rei
607 2822 757 2897 praesenti
772 2823 802 2878 et
813 2820 986 2895 Olympicae
1002 2822 1144 2880 victoriae
1160 2823 1375 2897 praedicandae
1391 2826 1548 2899 aptissima

270 2914 356 2986 esset,
380 2913 551 2969 inventione
571 2913 601 2968 et
619 2911 739 2987 ingenio
763 2910 885 2967 Pindari
905 2910 996 2968 etiam
1016 2911 1115 2985 aptior
1134 2912 1214 2970 facta
1233 2916 1286 2989 est,
1309 2914 1387 2988 quod
1406 2913 1546 2989 Pelopem

271 3021 289 3058 a
312 3001 462 3076 Neptuno,
488 3000 604 3057 fautore
625 2998 804 3074 equestrium
830 2999 995 3057 studiorum
1023 2998 1074 3079 (cf.
1094 3001 1126 3057 P.
1147 3020 1177 3058 vr
1197 2994 1254 3083 σο),
1278 3023 1403 3077 puerum
1426 3006 1547 3078 raptum

270 3092 301 3147 et
320 3091 456 3147 iuvenem
475 3088 506 3145 in
526 3089 686 3147 certamine
706 3089 837 3164 equestri
855 3088 991 3146 adiutum
1010 3108 1072 3147 esse
1093 3096 1275 3149 commentus
1295 3095 1347 3150 est.
1379 3091 1439 3150 Sub
1458 3092 1547 3150 tinem

270 3179 344 3236 odae
368 3197 386 3235 a
409 3179 529 3253 Pelopis
557 3179 706 3253 sepulcro,
737 3197 829 3252 prope
858 3178 937 3252 quod
970 3179 1133 3237 certamina
1162 3179 1319 3255 Olympica
1351 3180 1475 3257 fiebant,
1508 3183 1546 3239 ad

273 3268 430 3326 victoriam
448 3267 588 3324 Hieronis
608 3268 773 3342 equestrem
792 3267 871 3323 redit
890 3271 920 3325 et
939 3269 1029 3325 etiam
1053 3268 1282 3342 splendidiorem
1302 3271 1459 3328 victoriam
1478 3290 1546 3329 mox

270 3358 297 3415 ei
312 3356 508 3414 obventuram
532 3376 594 3414 csse
619 3359 785 3433 auguratur
799 3347 969 3436 (aa—114).
997 3357 1044 3414 Ad
1067 3360 1251 3432 postremum
1274 3360 1365 3417 altius
1389 3378 1546 3437 assurgens

270 3445 354 3522 regia
377 3446 524 3522 dignitate
548 3445 624 3502 nihil
647 3445 829 3520 praeclarius
853 3465 915 3502 esse
939 3446 1096 3519 profitetur
1124 3447 1251 3523 deosque
1280 3451 1431 3526 precatur,
1459 3452 1493 3506 ut
1516 3452 1547 3506 et

272 3535 397 3593 Hieroni
430 3535 512 3610 regni
541 3535 682 3592 maiestas
715 3536 745 3591 et
772 3534 828 3591 sibi
857 3534 953 3610 gloria
985 3535 1119 3609 poeticae
1152 3537 1226 3593 artis
1257 3538 1395 3612 perennis
1426 3541 1548 3595 maneat

270 3616 458 3704 (lla—12²0).
490 3656 531 3661 ·—
565 3625 712 3682 Pindarus
743 3626 833 3698 poeta
866 3623 896 3680 in
933 3623 1030 3680 fronte
1062 3644 1181 3682 suorum
1212 3628 1376 3683 carminum
1407 3627 1546 3702 epinicio-

268 3733 334 3770 rum
366 3712 509 3770 Oenomai
540 3716 571 3770 et
599 3713 719 3789 Pelopis
750 3712 784 3769 de
815 3711 1017 3787 Hippodamia
1046 3733 1178 3790 pugnam
1208 3714 1310 3774 Musae
1334 3736 1453 3774 ninnere
1477 3717 1545 3775 illu·

271 3805 398 3860 stratam
416 3803 526 3878 posuit,
544 3806 579 3859 ut
597 3804 713 3877 aliquot
732 3802 817 3859 annis
836 3804 905 3876 post
924 3821 1054 3860 summus
1074 3803 1181 3860 artifex
1200 3803 1323 3863 Phidias
1341 3805 1421 3863 Iovis
1440 3806 1546 3880 templi

270 3891 420 3966 Olympici
443 3894 619 3967 tympanum
642 3891 807 3966 principale
832 3891 940 3947 statuis
964 3893 1087 3949 eandem
1114 3892 1196 3949 illam
1220 3914 1351 3971 pugnam
1375 3913 1545 3969 repraesen-

269 3981 405 4039 tantibus
430 3982 630 4038 exornandum
654 3980 779 4038 curavit.

358 4071 481 4127 Praeter
513 4070 568 4127 hcc
600 4088 719 4127 cannen
746 4067 893 4125 Pindarus
921 4068 1044 4127 Hieroni
1077 4071 1159 4128 misit
1191 4072 1319 4146 epinicia
1351 4072 1384 4129 P.
1413 4092 1432 4134 1.
1456 4092 1487 4135 11.
1512 4093 1546 4131 111

269 4162 359 4233 atque
388 4158 589 4233 hyporchema
617 4161 647 4215 et
677 4157 802 4231 scolion,
833 4176 958 4231 quorum
983 4158 1086 4236 fragm.
1117 4171 1175 4217 lca.
1206 4172 1255 4218 lea
1280 4164 1309 4218 et
1335 4174 1393 4220 125.
1424 4174 1474 4221 116
1498 4184 1545 4220 ex·

271 4251 366 4324 stant,
390 4248 510 4321 insuper
536 4247 638 4304 anricis
664 4246 804 4304 Hieronis
829 4245 948 4320 scripsit
977 4247 1104 4324 Agesiae
1131 4250 1164 4307 O.
1180 4268 1223 4326 ri,
1251 4249 1388 4308 (lhromio
1411 4251 1447 4309 N.
1468 4270 1486 4309 1.
1507 4271 1545 4309 111.

269 4338 341 4394 Inde
365 4340 492 4411 apparet
514 4338 632 4410 poetam
659 4336 796 4392 llieronis
820 4335 897 4412 regis
918 4336 1124 4395 t'aruiliaritate
1145 4339 1211 4395 inde
1232 4339 1269 4396 ab
1289 4340 1334 4397 Ol.
1351 4344 1402 4417 tc,
1419 4345 1433 4398 1
1451 4360 1544 4415 usque

269 4427 307 4483 ad
331 4425 376 4483 Ol.
399 4427 485 4501 78,1
508 4444 594 4482 usum
619 4444 690 4482 esse.

814 4525 858 4590 De
879 4527 1000 4592 metris.

358 4640 423 4697 Oda
447 4638 684 4713 praeclarissima
707 4640 737 4696 in
760 4641 844 4716 regia
863 4640 949 4698 domo
968 4640 1107 4699 Hieronis
1128 4642 1249 4701 victoris
1269 4643 1346 4700 inter
1365 4643 1546 4720 convivium,

270 4730 307 4788 ad
331 4729 536 4788 celebrandam
568 4732 733 4802 equestrem
763 4729 921 4788 victoriam
951 4732 1127 4789 adornatum
1159 4726 1220 4813 (vv.
1244 4726 1381 4815 1111111),
1406 4752 1424 4790 a
1447 4734 1546 4812 choro,
