3406 5378
570 1353 891 1453 ΙΣΘΜΙΟΝ
906 1355 1137 1453 ΙΚΑΙΣ.

829 1563 871 1618 Α’.

532 1727 856 1812 ΗΡΟΔΟΤΩι
893 1728 1168 1814 ΘΗΒΑΙΩι

782 1923 915 1973 ΑΡΜΑΤΙ

797 2085 902 2093 ι.-

760 2203 937 2273 strophae,

298 3707 485 3767 Herodotum
498 3707 665 3784 Asopodori
680 3706 776 3765 filium
789 3706 965 3766 Thebanum
980 3727 1069 3766 curru
1084 3709 1210 3768 Isthmia
1225 3709 1329 3768 vicisse
1345 3709 1484 3769 eundem·

211 3816 268 3871 que
293 3796 404 3856 multas
427 3798 503 3856 alias
521 3796 663 3857 victorias
686 3795 765 3854 ludis
783 3796 932 3856 Thebanis
952 3794 1155 3857 Orchomeniis
1174 3797 1336 3858 Eleusiniis
1355 3798 1483 3858 Protesi·

210 3885 278 3943 lciis
302 3890 494 3945 consecutum
518 3904 579 3946 esse
603 3906 638 3945 ex
661 3886 716 3944 hoc
740 3885 868 3945 carmine
892 3886 956 3962 ipso
981 3886 1187 3963 comperimus.
1232 3887 1430 3947 Accuratiora
1453 3887 1483 3946 in

210 3974 329 4033 scholiis
353 3995 449 4051 neque
473 3975 510 4033 ad
533 3975 588 4034 hoc
612 3994 708 4051 neque
732 3975 770 4033 ad
793 3975 909 4050 reliqua
932 3975 1066 4034 carmina
1088 3976 1231 4036 Isthmioa
1254 3978 1350 4036 relata
1369 3975 1483 4036 inveni-

209 4083 284 4122 mus.
318 4063 455 4142 Catalogi
473 4064 552 4123 onim
571 4063 780 4123 Isthmicorum
803 4064 941 4124 ludorum
966 4085 1062 4140 neque
1086 4065 1124 4124 ab
1143 4065 1305 4125 Aristotele
1328 4085 1425 4141 neque
1444 4065 1482 4123 ab

209 4153 417 4212 Alexandrinis
440 4153 643 4232 grammaticis
666 4153 793 4213 confecti
816 4171 879 4212 csse
898 4153 1045 4214 videntur.
1083 4154 1164 4225 Quae
1183 4174 1252 4214 cum
1270 4154 1314 4212 ita
1333 4154 1402 4229 sint,
1422 4172 1482 4228 quo

210 4248 342 4317 tempore
365 4242 507 4302 lsthmica
529 4243 601 4302 haec
620 4241 746 4301 victoria
764 4242 909 4303 Herodoti
928 4247 1080 4321 reportata
1100 4244 1147 4321 sit,
1171 4242 1244 4301 nihil
1263 4242 1336 4303 certi
1355 4244 1483 4301 constat.

211 4332 322 4390 Verum
341 4331 458 4390 cumin
477 4331 618 4390 laudibus
637 4330 713 4390 Iolai
730 4331 864 4389 Thebani
882 4336 913 4391 et
932 4332 1064 4392 Pollucis
1082 4331 1309 4393 Lacedaemonii
1328 4332 1483 4391 efferendis

209 4422 264 4478 hoo
292 4439 409 4479 carmen
436 4421 564 4479 maxime
592 4422 740 4497 versetur,
769 4419 836 4479 inde
864 4420 1016 4496 probabile
1045 4422 1091 4499 fit,
1120 4442 1154 4483 co
1183 4426 1315 4499 tempore
1343 4421 1373 4479 id
1404 4441 1482 4481 com-

208 4508 341 4585 positum
360 4528 431 4586 ease,
451 4528 511 4585 quo
530 4510 612 4569 salus
630 4508 746 4584 patriae
766 4509 882 4569 foedere
902 4511 1111 4571 Thebanorum
1129 4515 1160 4571 et
1178 4511 1482 4572 Lacedaemoniorum

209 4600 306 4658 denuo
339 4590 514 4658 confirmdta
545 4616 608 4657 csse
640 4597 811 4675 videbatur,
839 4599 857 4657 i.
882 4620 905 4660 e.
930 4598 976 4659 Ol.
1001 4602 1057 4677 80,
1082 4603 1100 4659 2
1125 4601 1187 4660 sive
1217 4618 1242 4658 a.
1266 4602 1330 4660 458
1356 4620 1381 4659 a.
1406 4599 1482 4677 chr„

209 4692 278 4747 ante
307 4687 447 4764 Pythicos
474 4688 561 4748 ludos
585 4685 772 4765 Olympiadis
797 4690 847 4760 80,
873 4691 890 4747 3
916 4680 957 4768 (v.
981 4681 1038 4770 65).
1083 4688 1252 4767 Naufragio
1279 4691 1380 4747 autem
1408 4689 1482 4765 dira,

209 4778 319 4854 quibus
333 4777 534 4857 Asopodoru5‚
548 4779 635 4855 pater
648 4777 801 4852 Herodoti,
820 4777 950 4837 afflictus
965 4778 1073 4838 Thebis
1088 4776 1308 4838 Orchomenum
1323 4777 1482 4837 concedere
