3406 5378
288 332 352 406 256
760 335 909 385 rrunsru
926 334 1092 385 seruicia.

342 495 378 572 ὃς
400 495 499 560 τάνδε
521 506 627 561 νᾶσον
650 493 760 560 εὐκλέϊ
780 494 966 580 προσέθηκε
990 497 1076 582 λόγῳ

343 600 398 666 καί
422 604 544 687 σεμνὸν
569 602 722 685 ἀγλααῖσι
745 605 917 685 μερίμναις

289 726 321 773 ‘10
341 712 479 774 Πυθίου
505 709 659 795 Θεάριον·
684 708 720 773 ἐν
742 705 779 772 δὲ
801 712 914 796 πεί-ρα
936 707 1028 784 τέλος

341 816 563 899 διαφαίνεται,
586 810 634 880 ὧν
657 839 707 891 τις
731 813 925 899 ἐξοχώτερος
947 814 1090 900 γένηται,
1167 827 1169 831 ’

343 1045 379 1111 ἐν
401 1045 496 1111 παισὶ
519 1045 625 1112 νέοισι
647 1057 733 1128 παῖς,
756 1045 793 1110 ἐν
816 1045 980 1132 ἀνδράσιν
1003 1045 1113 1131 ά-νήρ,
1136 1048 1249 1131 τρίτον
1321 1045 1406 1111 Ἀντ.
1426 1044 1469 1109 d'.
1518 1062 1567 1108 rao

348 1152 384 1218 ἐν
407 1153 643 1238 παλαιτέροισι,
666 1152 764 1238 μέρος
786 1151 925 1217 ἕκαστον
949 1144 1037 1217 οἷ-ον
1060 1156 1175 1237 ἔχομεν

343 1263 481 1347 βρότεον
505 1263 616 1336 ἔθνος·
642 1259 700 1345 ἐλᾷ
723 1257 760 1325 dl
783 1257 838 1324 καὶ
860 1258 1020 1343 τέσσαρας
1042 1259 1159 1345 ἀρετάς
1516 1277 1567 1322 130

293 1368 361 1436 7οὸ
385 1369 509 1452 μακρὸς
532 1368 641 1450 αι’-ὡν,
665 1377 804 1450 φρονεῖν
828 1364 859 1429 d'
885 1366 991 1431 ἐνέπει
1014 1367 1051 1431 τὸ
1074 1369 1321 1452 παρ-κείμενον·

344 1486 411 1538 τῶν
434 1474 495 1538 οὐκ
517 1475 643 1539 ἄπεσσι.
681 1484 788 1559 χαῖρε,
812 1477 917 1557 φίλος.
955 1472 1017 1555 ἐγὼ
1042 1473 1116 1557 τόδε
1139 1496 1190 1537 τοι

386 1707 427 1755 68.
448 1703 556 1756 statere
572 1702 634 1757 BD
662 1734 695 1740 -
726 1706 766 1753 ld.
792 1700 822 1754 ἐν
846 1698 873 1754 δ’
899 1701 979 1768 dado.
1003 1700 1077 1767 BD,
1109 1699 1137 1754 d’
1158 1700 1225 1756 eiec.
1244 1700 1387 1755 Hermann
1415 1734 1447 1740 -
1476 1698 1570 1769 τρίτον

297 1774 379 1845 Byr:
402 1771 529 1841 spirasse
546 1774 586 1842 B,
611 1771 740 1841 τρίτατον
759 1772 801 1839 D,
829 1769 920 1839 τρίτος
938 1771 1030 1842 Bergk
1059 1804 1091 1810 -
1121 1777 1162 1826 74.
1182 1773 1234 1835 κάς
1251 1769 1387 1839 τέσσαρας
1405 1772 1506 1840 ἀρετάς
1524 1772 1569 1826 vel

294 1846 343 1898 aul
362 1842 473 1912 τετράδ’
495 1844 522 1906 ἐς
541 1846 642 1912 ἀρετᾶς
661 1860 735 1913 susp.
755 1841 848 1911 Bergk
866 1874 901 1882 —
921 1848 961 1897 lo.
982 1841 997 1896 ὁ
1016 1859 1069 1896 om.
1089 1843 1163 1911 BD,
1182 1843 1247 1898 add.
1267 1860 1301 1898 ex
1320 1843 1406 1898 schol.
1426 1843 1509 1899 Tricl.
1535 1876 1568 1884 -

295 1916 400 1986 μακρὸς
418 1916 462 1969 D:
488 1915 595 1978 θνατὸς
618 1918 645 1970 Β
669 1931 732 1967 cum
756 1913 917 1967 Aristarcho
946 1945 976 1953 -
1007 1914 1089 1968 αἰῶνι
1119 1913 1172 1968 ε’ὡν
1190 1916 1217 1968 Β
1247 1947 1278 1954 -
1308 1921 1349 1969 76.
1374 1915 1474 1970 ἄπεστι
1497 1915 1569 1970 coni.

366 2082 408 2132 70.
427 2073 541 2131 Πυθίου
562 2074 696 2143 Θεάριον·
721 2074 819 2129 schol:
844 2073 917 2128 ἔστιν
941 2072 971 2127 ἐν
990 2071 1086 2145 Αίῃίνῃ
1106 2072 1221 2129 Πυθίου
1236 2073 1401 2139 ’Λπόλλωνος
1424 2073 1513 2143 ἱεράν,
1539 2074 1570 2129 ἐν

294 2141 316 2200 ά
337 2147 364 2201 ol
381 2149 487 2216 θεωροὶ
506 2150 641 2219 διῃτῶντο
661 2145 687 2200 ol
705 2145 740 2199 τά
758 2150 826 2200 θεῖα
845 2144 1044 2213 φυλάσσοντες·
1064 2147 1169 2213 θεωροὶ
1193 2145 1246 2216 γάρ
1266 2147 1292 2200 ol
1309 2148 1500 2216 trapsilam·
1524 2147 1570 2199 cui

294 2202 456 2273 testimonio
485 2219 557 2272 adde
581 2217 752 2271 Pausaniam
769 2236 790 2269 11
809 2233 875 2282 ar,o
898 2216 1018 2284 θεάριον
1040 2216 1171 2271 Doricam
1193 2234 1290 2271 rocem
1318 2234 1379 2272 esse
1402 2218 1569 2272 tradentem.

294 2290 354 2343 Iam
377 2291 453 2359 quod
477 2291 550 2344 alter
572 2288 725 2344 scholiasta
748 2288 868 2341 adnotat
890 2288 922 2341 τὸ
945 2287 976 2341 δὲ
999 2288 1120 2356 Θεάριον
1142 2286 1227 2352 τόπος
1255 2289 1285 2343 ἐν
1309 2290 1405 2361 Αἰγίνῃ
1430 2288 1569 2358 δημόσιος,

297 2360 370 2415 ἔνθα
389 2362 424 2415 τά
443 2359 590 2431 συμπόσια,
610 2377 644 2414 ex
661 2377 693 2414 eo
712 2358 862 2413 verisimile
881 2362 922 2427 fit,
940 2358 1137 2414 Aristoclidem
1155 2377 1212 2413 non
1230 2359 1320 2414 solum
1339 2360 1434 2415 sobria
1452 2359 1571 2414 consilia

297 2432 326 2485 in
346 2432 465 2502 collegio
484 2433 660 2486 sacerdotum
674 2430 793 2499 dedisse,
814 2429 964 2484 sedetiam
978 2430 1125 2484 victoriam
1140 2430 1199 2485 eius
1214 2431 1243 2485 in
1258 2431 1444 2486 conciliabulo
1458 2431 1570 2485 illorum

295 2504 472 2558 sacerdotum
492 2503 576 2558 lautis
597 2502 687 2573 epulis
705 2503 876 2556 celebratam
895 2518 956 2556 esse
975 2532 1006 2542 -
1028 2507 1069 2555 το.
1089 2502 1119 2556 ἐν
1138 2499 1169 2555 δὲ
1188 2501 1271 2577 πείρᾳ
1290 2502 1377 2566 τέλος·
1402 2502 1436 2557 cf.
1457 2502 1530 2556 O.1v
1545 2519 1571 2557 so

294 2577 324 2629 et
346 2575 447 2630 Herod.
467 2592 535 2630 vna
559 2575 616 2628 ἀπὸ
643 2572 741 2642 πείρης
768 2573 861 2627 πάντα
885 2574 1062 2640 ἀνθρώποισι
1089 2571 1180 2642 φιλέει
1206 2573 1344 2643 γίνεσθαι,
1389 2573 1570 2644 Experientia

295 2648 390 2701 autem
413 2646 546 2714 cernitur,
570 2645 671 2714 quibus
695 2644 812 2714 quisque
836 2644 865 2697 in
889 2645 972 2698 rebus
996 2643 1117 2698 excellat
1134 2643 1304 2714 virtutisque
1322 2647 1406 2699 finem
1425 2649 1570 2700 assecutus

295 2717 345 2786 sit,
363 2722 396 2771 ut
413 2734 482 2788 puer
500 2717 623 2771 eminent
646 2717 750 2770 virtute
768 2732 916 2786 puerorum
935 2715 1048 2785 propria
1067 2715 1112 2785 (cs.
1131 2716 1161 2770 P.
1180 2735 1208 2768 τε
1222 2722 1285 2787 aar),
1304 2717 1348 2770 vir
1366 2717 1496 2784 viromm,
1516 2720 1569 2770 ter-

294 2788 366 2842 tium
384 2788 495 2857 (τρίτον,
513 2805 569 2842 non
583 2785 683 2856 τρίτος)
698 2787 790 2841 senior
808 2786 948 2840 seniorum
962 2818 997 2825 —
1013 2793 1053 2842 73.
1067 2785 1261 2855 παλαιτέρους,
1280 2787 1414 2859 intellego
1433 2787 1569 2854 homines,

294 2858 700 2985 tlclltt‘dtdtlh
713 2857 1248 2999 mpprffacrsfflatuffimffl
1268 2858 1571 2985 {thrittiapulltl

294 3005 417 3071 oportet,
445 3019 574 3070 namque,
598 3000 725 3070 quamvis
750 2999 904 3054 communis
928 3000 974 3054 hic
1003 3000 1080 3054 locus
1109 3000 1158 3066 sit,
1186 3005 1282 3055 tamen
1309 3001 1486 3056 Aristoclidis
1514 3001 1570 3055 vir-

294 3077 369 3127 tutes
388 3073 445 3125 iam
464 3073 598 3143 probatas
617 3071 728 3126 laudari
752 3072 782 3125 in
805 3074 902 3141 aperto
926 3075 977 3126 est.
1014 3073 1073 3125 lam
1097 3089 1169 3140 quae
1193 3076 1349 3142 sequnntur
1365 3074 1452 3127 verba
1470 3072 1518 3146 ἐλᾷ
1538 3072 1569 3126 δὲ

294 3145 343 3197 καί
365 3142 501 3212 τέσσαρας
523 3142 625 3210 ἀρετὰς
648 3147 702 3197 κτλ.
723 3147 816 3197 utrum
838 3143 971 3197 virtutem
995 3161 1104 3211 senum,
1128 3143 1177 3212 qui
1199 3143 1344 3198 hominum
1366 3144 1570 3199 senescentium

293 3214 489 3284 (παλαιτέρων)
514 3218 637 3268 aetatem
660 3215 830 3283 superarint,
854 3213 1009 3284 propriam,
1032 3232 1069 3268 an
1093 3231 1266 3269 communem
1295 3215 1420 3285 aliquam
1446 3215 1570 3269 omnium

294 3289 429 3355 aetatum,
449 3302 521 3355 qnae
539 3286 630 3339 tribus
649 3285 800 3339 virtutibus
819 3302 967 3355 puerorum
984 3286 1205 3340 adulescentium
1219 3286 1342 3341 virorum
1361 3287 1480 3358 propriis
1499 3291 1570 3341 tam-

294 3374 380 3426 quam
398 3360 499 3426 quarta
518 3357 643 3423 accedat,
662 3357 829 3426 significent,
848 3362 956 3411 veteres
975 3360 1004 3410 et
1021 3361 1146 3411 recentes
1165 3358 1331 3428 interpretes
1350 3359 1424 3412 inter
1442 3375 1471 3412 se
1488 3358 1571 3411 dissi-

294 3430 370 3484 dent.
398 3432 490 3497 Atque
504 3428 615 3483 sacilior
629 3445 696 3482 sane
711 3430 740 3482 et
754 3428 844 3509 magis
859 3428 1032 3498 inpromptu
1047 3428 1140 3498 posita
1157 3429 1233 3499 prior
1251 3430 1391 3484 sententia
1410 3433 1461 3498 est,
1480 3446 1571 3498 neque

295 3517 357 3554 eam
375 3499 439 3554 ideo
458 3500 707 3569 derelinquendam
726 3517 787 3553 esse
806 3499 908 3566 iudico,
927 3499 1003 3568 quod
1021 3499 1217 3568 Aristoclides,
1236 3500 1285 3569 qni
1304 3502 1340 3555 ab
1359 3501 1404 3554 his
1418 3500 1571 3555 virtutibus

294 3589 350 3626 non
373 3572 472 3626 abesse
495 3570 628 3625 laudatur
651 3574 716 3641 (τῶν
740 3572 790 3625 οὐκ
815 3570 914 3624 ἄπεσσι
936 3589 962 3625 v.
978 3576 1026 3639 re),
1054 3588 1118 3624 cum
1142 3577 1273 3641 quartam
1301 3575 1424 3626 aetatem
1447 3572 1571 3626 nondum

294 3643 451 3713 attigisset,
480 3642 566 3696 etiam
594 3642 707 3696 virtutis
735 3646 851 3710 quartae
880 3641 982 3696 aetatis
1010 3642 1140 3712 propriae
1165 3661 1277 3713 compos
1307 3660 1366 3698 esse
1390 3661 1446 3698 non
1469 3642 1570 3713 potnit.

294 3714 432 3768 Nimirum
460 3714 490 3769 in
516 3714 680 3768 laudatione
703 3713 840 3767 Pindarus
864 3731 881 3766 a
905 3712 992 3766 nimia
1016 3712 1166 3782 diligentia
1190 3715 1360 3769 abhorrebat
1383 3718 1411 3769 et
1434 3715 1487 3769 hoc
1510 3715 1571 3768 loco

295 3787 382 3840 etiam
401 3786 492 3856 magis
512 3785 693 3855 neglegentia
710 3785 833 3853 quadam
852 3785 877 3838 ei
893 3783 935 3837 uti
953 3783 1047 3852 licuit,
1067 3785 1141 3852 quod
1156 3786 1287 3840 extremis
1302 3786 1394 3840 verbis
1409 3795 1527 3855 φρονεῖν
1541 3784 1569 3840 δ’

292 3855 385 3911 ἐνέπει
403 3858 434 3913 τὸ
453 3860 641 3926 παρκείμενον
661 3862 697 3925 (v.
717 3861 751 3925 rs)
775 3873 830 3910 non
849 3855 939 3909 virtus
959 3856 1052 3924 quarti
1071 3857 1176 3926 gradus
1196 3858 1312 3925 aetatis,
1336 3857 1353 3912 i.
1374 3875 1388 3912 e
1417 3857 1570 3912 senectutis

294 3929 408 3998 propria
427 3928 583 3998 exponitur,
603 3928 652 3982 sed
671 3928 755 3982 cardo
771 3933 800 3981 et
813 3926 939 3981 medulla
952 3927 1076 3981 omnium
1091 3932 1212 3996 quatuor
1227 3929 1370 3995 virtutum,
1389 3933 1421 3982 ut
1434 3928 1570 3995 homines,

294 4000 352 4053 sive
375 4000 454 4068 pueri
479 4000 538 4053 sire
558 4000 749 4053 adolescentes
769 3997 827 4052 sive
846 3998 900 4051 viri
919 3997 978 4051 sive
998 4015 1077 4052 senes
1097 4002 1174 4068 sunt,
1198 3999 1241 4068 id,
1267 4001 1342 4069 quod
1361 4000 1462 4069 cuique
1482 4001 1569 4054 aetati

293 4071 468 4140 propositum
487 4074 537 4137 est,
556 4075 656 4140 petant
672 4074 757 4139 atque
776 4072 924 4125 sectentur.
958 4069 1049 4141 Magis
1069 4074 1163 4125 autern
1183 4071 1255 4140 huic,
1276 4090 1360 4140 quam
1379 4089 1423 4126 me
1438 4071 1571 4140 amplecti

293 4143 391 4208 fateor,
411 4142 566 4196 sententiae
586 4141 716 4196 convenit
735 4141 905 4195 adiectisum
919 4140 1023 4211 μακρὸς
1037 4158 1122 4210 quam
1136 4143 1243 4206 θνατὸς
1261 4143 1332 4197 αἰάν
1346 4147 1381 4212 (v.
1393 4146 1441 4212 rs);
1461 4159 1518 4212 qua
1536 4143 1571 4196 de

293 4229 391 4280 causa,
415 4217 563 4282 postquam
588 4213 636 4267 din
659 4229 762 4283 anceps
786 4212 879 4280 haesi,
903 4213 940 4265 ad
963 4215 1134 4282 postremum
1158 4214 1194 4268 ab
1218 4214 1388 4269 auctoritate
1406 4213 1571 4280 Aristarchi,

292 4286 414 4353 atquae
438 4285 468 4338 in
491 4284 612 4339 Pindaro
633 4284 719 4340 multo
747 4284 835 4338 levior
860 4284 899 4337 sit
919 4301 1004 4353 quam
1025 4284 1054 4336 in
1076 4285 1208 4353 Homero,
1234 4287 1363 4340 recedere
1389 4303 1474 4340 ausus
1500 4303 1570 4339 sum.

293 4355 367 4409 Bene
392 4373 456 4409 vero
478 4355 700 4410 Hdmmerichius
720 4374 812 4422 meus,
832 4355 983 4409 Comment.
1009 4353 1076 4424 pbil.
1096 4356 1169 4410 Mon.
1190 4376 1216 4426 p.
1238 4375 1288 4426 ras,
1307 4361 1398 4411 totam
1417 4358 1490 4411 hanc
1510 4374 1571 4411 sen-

292 4426 411 4480 tentiam
430 4426 545 4480 Pindari
564 4444 626 4481 cum
645 4427 758 4497 placitis
773 4427 1013 4496 Pythagoreorum
1032 4427 1067 4480 de
1087 4429 1261 4496 praestantia
1276 4429 1382 4482 numeri
1398 4428 1571 4498 quaternarii

294 4498 442 4552 cohaerere
456 4498 592 4587 exposuit.
618 4498 710 4552 Possis
726 4499 812 4553 etiam
826 4497 953 4552 Platonis
967 4501 1088 4566 quatuor
1103 4498 1221 4553 virtutes
1236 4500 1421 4583 σωφροσύνην
1435 4502 1572 4568 ἀνδρείαν

293 4568 685 4709 rrstarlsstaald
692 4571 1074 4711 deterreretur
1093 4574 1307 4697 astaret
1326 4571 1509 4698 illidit?
1538 4588 1570 4624 ⁰⁰

366 4718 406 4768 76.
426 4721 520 4782 χαῖρε,
540 4711 619 4779 vale,
638 4714 690 4766 hoc
709 4714 793 4767 verbo
813 4716 898 4782 poeta
916 4711 1003 4766 etiam
1022 4712 1051 4767 P.
1070 4731 1091 4765 11
1105 4730 1130 4768 er
1155 4712 1348 4768 laudationem
1371 4720 1400 4768 et
1419 4732 1433 4768 e
1455 4714 1571 4769 inicium

294 4801 408 4839 carmen
435 4783 555 4856 claudit;
584 4784 640 4838 iam
664 4784 745 4838 addit
766 4802 871 4854 pauca,
900 4800 971 4853 quae
996 4785 1033 4836 ad
1055 4801 1162 4838 moram
1186 4786 1374 4840 excusandam
1398 4734 1514 4841 valiant
1537 4817 1570 4827 -
