3406 5378
695 354 853 405 OLYMPIA
871 354 918 406 IX.

326 517 402 582 υίὸν
425 514 457 580 δ’
474 514 632 601 ’Ἀκτορος
656 514 773 601 ἐξόχως
796 519 934 600 τίμασεν
957 513 1098 580 ἐποίκων

248 641 280 689 70
327 626 468 706 Αἰγίνας
491 647 524 688 τε
548 627 744 689 Μενοίτιον·
768 632 828 688 τοῦ
851 634 929 700 παῖς
951 621 1004 707 ἅμ’
1030 621 1211 708 Ἀτρείδαις

333 732 544 816 Τεύθραντος
566 732 683 795 πεδίον
705 732 817 816 μολὼν
841 733 918 795 ἔστα
942 732 1006 794 σὺν
1027 726 1168 814 Ἀχιλλεῖ

327 841 438 922 μόνος,
462 836 510 903 ὅτ’
537 837 717 924 ἀλκάεντας
734 839 891 913 Δαναοὺς
909 835 1044 922 τρέψαις
1063 836 1210 900 ἁλίαισιν

327 945 493 1029 πρύμναις
521 945 669 1028 Ῥήλεφος
691 948 845 1029 ἔμβαλεν·

327 1049 404 1117 ὥστ’
431 1049 574 1137 ἔμφρονι
597 1050 699 1129 δεῖξαι

327 1164 450 1242 μαθεῖν
472 1159 670 1243 Πατρόκλου
693 1159 828 1242 βια-τάν
850 1162 940 1224 νόον.

329 1264 360 1341 ἐξ
384 1259 424 1328 οὗ
450 1262 703 1346 Θίτιος-γοῦνος
726 1265 827 1352 ούλίφ
851 1289 907 1328 νιν
930 1263 967 1328 ἐν
980 1262 1073 1348 ’Ἀρει

328 1454 547 1528 παραγορεῖτο
570 1445 615 1526 μή
638 1464 716 1507 ποτε

329 1548 490 1635 σφετέρας
512 1551 632 1635 ἄτερθε
656 1550 851 1627 ταξιοῦσθαι

304 1722 308 1731 ,
330 1657 600 1741 δαμασιμβρότου
623 1658 750 1740 αίχμᾶς.

329 1769 401 1846 είην
424 1762 619 1848 εὑρησιεπὴς
642 1763 839 1845 ἀναγεῖσθαι

328 1872 521 1956 πρόσφορος
544 1869 580 1935 ἐν
604 1875 739 1935 Μοισᾶν
763 1872 886 1958 δίφρφ’

329 1980 432 2062 τόλμα
455 1975 491 2042 δὲ
515 1976 569 2042 καὶ
594 1977 788 2062 ἀμφιλαφὴς
811 1979 952 2063 δύναμις

331 2081 470 2147 ἕσποιτο.
517 2083 672 2169 προξενίᾳ
696 2081 727 2147 δ’
754 2082 854 2170 ἀρετᾷ
877 2082 905 2148 τ’
931 2080 1040 2166 ἦλθον

331 2189 487 2276 τιμάορος
508 2188 687 2274 Ἰσθμίαισι
712 2192 959 2275 Λαμπρομάχου

384 2300 528 2382 μίτραις,
552 2295 598 2361 ὅτ’
627 2295 808 2382 ἀμφότεροι
832 2297 1000 2381 κράτησαν
1336 2315 1387 2363 125

253 2493 287 2540 85
332 2479 412 2559 μίαν
436 2478 534 2558 ἔργον
558 2473 608 2539 ἀν’
636 2472 769 2560 ἁμέραν.
1184 2481 1264 2559 Στρ.
1289 2476 1334 2540 δ’.

330 2583 427 2646 άλλαι
451 2578 487 2646 δέ
511 2580 563 2646 δύ’
593 2581 628 2646 ἐν
653 2585 774 2667 Κορίν-

382 2696 450 2754 θου
473 2690 593 2765 πύλαις
616 2687 759 2771 ἐγένοντ’
787 2692 896 2754 ἔπειτα
919 2688 1057 2775 χάρμαι,

244 2810 247 2815 ’
329 2794 383 2860 ταὶ
407 2793 444 2861 δὲ
466 2794 522 2861 καὶ
546 2795 676 2881 Νεμέας
698 2794 910 2885 Ἐφαρμόστῳ
935 2798 1017 2862 κατὰ
1040 2801 1176 2863 κόλπον·
1337 2815 1387 2862 130

320 2901 435 2988 ’Ἀργει
459 2902 488 2969 τ’
514 2907 629 2988 ἔσχεθε
653 2905 754 2980 κῦδος
777 2903 926 2989 ἀνδρῶν,
950 2916 1027 2981 παῖς
1050 2903 1082 2968 δ’
1110 2906 1146 2969 ἐν
1164 2904 1333 2980 Ἀθάναις.

243 3102 285 3150 69.
305 3091 354 3150 uia
369 3097 437 3166 Βμι.
452 3096 547 3151 inutili
563 3101 723 3151 correctura
739 3097 855 3151 metrica
874 3130 907 3137 -
929 3104 969 3152 71.
988 3096 1084 3169 Ἀχιλεῖ
1098 3099 1126 3151 A
1144 3129 1177 3136 -
1198 3103 1239 3152 76.
1259 3106 1360 3168 χαῦνος
1378 3097 1450 3153 coni.

171 3166 345 3237 Mingarelli:
361 3165 442 3237 γόνος
456 3168 545 3236 codd.‚
560 3166 588 3237 γ’
601 3167 661 3233 όζος
676 3168 778 3239 Bergrr,
794 3170 910 3240 βλαστὸς
924 3170 1065 3224 Hermann
1082 3201 1113 3208 -
1130 3167 1209 3222 ouilia
1222 3167 1254 3224 (λλ
1269 3201 1301 3210 -
1319 3175 1359 3225 78.
1375 3171 1450 3224 ἀντι-

171 3242 276 3294 nocuas
299 3236 370 3292 coni.
390 3238 486 3293 Nabar
508 3271 543 3278 -
568 3244 609 3294 79.
633 3237 861 3311 δαμασιμβρότσις
885 3242 925 3295 13¹
945 3273 977 3280 —
1002 3245 1044 3294 80.
1069 3242 1117 3309 εὑρ
1139 3258 1161 3294 o.
1186 3241 1224 3295 B:
1250 3241 1338 3308 εὕρεο.
1362 3242 1451 3297 AOI)

174 3343 204 3350 -
220 3316 262 3365 83.
283 3308 408 3364 ἕσποιτο·
428 3307 562 3384 προξενίᾳ
585 3309 651 3378 (ulei
667 3313 733 3364 ante
747 3313 825 3379 προξ.
840 3310 929 3365 minio
944 3312 1009 3367 aoid.
1026 3312 1060 3378 0)
1075 3261 1165 3366 Boin
1178 3315 1207 3365 ot
1222 3311 1321 3368 schot:
1343 3311 1449 3368 ἕστατ’

171 3382 227 3437 uisi
247 3385 326 3452 προξ.
347 3378 435 3449 (ξενία
451 3381 565 3451 lemma)
584 3383 619 3448 A,
638 3381 712 3436 unda
733 3380 838 3436 ἕσποντ’
860 3380 923 3437 αίεί.
944 3380 1022 3457 ξενίᾳ
1041 3383 1197 3437 Mommsen
1216 3382 1320 3439 collato
1339 3385 1369 3440 P.
1385 3404 1402 3437 x
1416 3402 1449 3440 σι.

172 3453 205 3509 N.
221 3474 259 3506 vn
277 3470 303 3509 ισ
322 3485 356 3492 -
375 3436 467 3522 ἦλθον
481 3454 563 3524 Byr:
583 3452 693 3521 ἤλυθον
712 3454 835 3508 ABCD
848 3487 883 3494 —
902 3461 943 3510 84.
964 3452 1104 3524 μίτραισιν
1118 3457 1145 3510 A
1165 3487 1198 3494 -
1218 3460 1260 3510 86.
1276 3455 1405 3525 ἐγίνοντο
1420 3455 1449 3510 δ’

175 3527 200 3578 Ι)
220 3556 253 3564 -
272 3522 365 3595 χάρμα
384 3528 412 3580 A
430 3558 465 3565 -
485 3531 525 3579 87.
545 3526 630 3579 τάδε
651 3524 678 3579 A
696 3557 731 3564 -

242 3672 283 3721 70.
303 3675 353 3721 τοῦ
367 3675 442 3734 παῖς,
462 3666 616 3735 Patroclus,
635 3667 714 3722 cuius
729 3684 829 3722 nomen
844 3669 956 3722 demum
974 3685 1056 3722 vorsu
1071 3686 1096 3722 τι
1111 3673 1299 3739 περιορμίσῃ
1321 3671 1358 3724 ad
1376 3670 1450 3723 hunc

173 3739 266 3791 autem
286 3738 442 3793 orationem
461 3741 546 3807 poeta
564 3738 741 3792 transtulisse
757 3739 875 3807 videtur,
890 3740 965 3807 quod
980 3739 1054 3793 inter
1069 3740 1166 3794 heroes
1181 3741 1330 3795 Locrorum
1346 3741 1449 3811 insigni

170 3809 274 3864 honore
297 3810 448 3873 t'ruoretur3
472 3812 618 3879 praeterea
637 3810 732 3864 confer
751 3827 824 3878 quae
844 3812 880 3864 ad
898 3829 924 3864 v.
940 3828 966 3865 so
985 3811 1183 3864 adnot-avimus
1207 3844 1241 3851 —
1269 3817 1301 3865 70
1317 3830 1351 3866 ss.
1378 3812 1450 3867 haee

172 3884 265 3935 sumta
289 3883 355 3935 sunt
373 3899 407 3935 ex
426 3881 506 3951 spico
525 3880 647 3935 carmine
667 3881 843 3951 Cypriorum,
868 3882 940 3936 unde
959 3881 1074 3936 Proclus
1094 3883 1244 3952 excerpsit:
1275 3883 1401 3951 Τήλεφος
1419 3883 1448 3937 δ’

171 3951 306 4024 ἐκβοηθεῖ
321 3951 502 4020 Θέρσανδρόν
520 3970 549 4007 τε
568 3952 618 4007 τὸν
633 3951 820 4016 Πολυνείκους
838 3951 939 4008 κτείνει
959 3955 1007 4008 καί
1026 3952 1111 4016 αύτδς
1129 3952 1184 4006 ὑπὸ
1202 3951 1337 4033 Ἀχιλλέως
1356 3957 1450 4021 τιτρώ-

168 4040 265 4077 σκεται
284 4057 316 4062 -
338 4029 378 4078 78,
400 4023 547 4092 σφετέρας·
568 4023 620 4077 hoc
637 4041 790 4092 pronomen
805 4043 868 4079 oum
883 4023 920 4078 ab
934 4025 1054 4078 Homero
1069 4027 1098 4077 et
1113 4023 1295 4093 scriptoribus
1314 4026 1449 4094 prosaicis

169 4110 279 4163 semper
294 4094 330 4147 ad
344 4094 439 4164 plures
454 4095 599 4161 reseratur,
614 4111 632 4148 a
646 4093 768 4149 Pindaro
784 4101 813 4149 et
827 4096 862 4149 ad
878 4094 1003 4165 singulos
1018 4098 1061 4163 (ut
1074 4094 1120 4148 hic
1135 4098 1164 4149 et
1179 4094 1209 4150 Ο.
1225 4114 1274 4148 xm
1289 4112 1321 4151 οι.
1338 4096 1367 4150 P.
1377 4117 1405 4149 ιν
1415 4113 1448 4153 ευ.

169 4165 189 4217 I.
206 4184 232 4217 vr
247 4181 280 4219 aa.
300 4184 348 4217 ναι
362 4167 399 4234 ιι)
418 4169 447 4220 et
465 4166 501 4220 ad
520 4167 614 4236 plures
633 4166 754 4220 relatum
773 4170 824 4221 est.

242 4240 283 4289 80.
303 4252 375 4290 novo
390 4237 532 4306 prooemio
547 4236 577 4292 in
590 4253 665 4291 nova
678 4241 759 4308 parto
774 4237 905 4292 carminis
924 4242 1008 4309 poeta
1027 4237 1125 4306 utitur,
1144 4240 1176 4291 ut
1195 4236 1225 4291 0.
1242 4257 1269 4291 vr
1284 4245 1326 4293 82.
1346 4238 1375 4292 P.
1391 4259 1400 4291 1
1415 4256 1449 4294 σε.

170 4327 198 4358 nr
208 4324 246 4373 ειυς
262 4305 413 4361 transitum
428 4310 523 4362 autom
537 4308 640 4364 eximia
651 4313 712 4363 arte
726 4308 769 4363 ita
781 4309 835 4364 sibi
851 4309 971 4392 paravit,
982 4312 1014 4364 ut
1027 4308 1056 4363 in
1070 4311 1124 4364 fine
1140 4308 1281 4379 mythicae
1296 4310 1385 4380 partis
1399 4328 1452 4380 par

171 4376 287 4432 fortium
306 4377 473 4447 amicorum,
492 4379 632 4435 Pactrocli
651 4383 679 4434 et
697 4380 829 4449 Achillis,
850 4400 879 4434 m
899 4381 981 4436 initio
999 4380 1102 4434 tertiae
1122 4381 1254 4436 carminis
1272 4382 1375 4452 partis,
1394 4400 1451 4451 qua

171 4450 207 4503 ad
231 4448 330 4502 laudes
353 4449 545 4539 praesentium
568 4451 705 4506 victorum
731 4452 844 4518 transit,
864 4470 916 4523 par
935 4456 1111 4506 strenuorum
1129 4452 1298 4508 luctatorum
1318 4454 1451 4579 λιπαρεο-

170 4520 263 4574 machi
289 4523 318 4574 et
344 4520 526 4590 hpharmosti
550 4526 666 4591 poneret
692 4555 724 4563 —
752 4529 795 4578 84.
821 4521 1047 4595 Λαμπρομάχου·
1069 4522 1151 4577 amici
1171 4526 1200 4578 et
1218 4524 1323 4578 sodalis
1343 4525 1386 4596 Ep
1408 4542 1450 4581 ar-

170 4593 253 4647 mosti
271 4624 302 4631 ⁸-
318 4593 440 4661 μίτραις·
460 4594 578 4662 partorn‚
592 4592 689 4648 laneas
703 4595 823 4663 taenias,
838 4613 888 4665 pro
903 4598 972 4663 toto,
992 4611 1095 4648 corona
1110 4593 1199 4649 laneis
1215 4595 1316 4649 taeniis
1332 4596 1450 4650 circurn-

171 4664 275 4730 volut-a,
296 4661 441 4735 posuitu-
455 4660 621 4733 ἀμφότεροι·
641 4665 878 4736 Lampromachus
897 4670 926 4721 et
946 4665 1156 4736 Epharmostus‚
1176 4665 1224 4734 qui
1243 4666 1268 4720 si
1287 4667 1385 4722 eodem
1404 4668 1450 4722 dia

169 4734 305 4802 vicerunt,
325 4734 437 4789 diversa
456 4751 561 4804 genera
579 4736 763 4791 certaminum
782 4738 912 4793 obierunt
930 4770 965 4779 -
984 4742 1027 4792 87.
1047 4735 1159 4807 Νεμέας
1176 4783 1180 4791 .
1198 4780 1202 4790 .
1220 4737 1313 4791 ,κατὰ
1331 4736 1449 4801 κόλπον;

170 4806 199 4858 in
219 4806 292 4861 vallo
312 4806 467 4873 Nemeaea
488 4806 521 4861 of.
538 4805 569 4861 Ο.
585 4825 631 4861 xrv
645 4824 669 4862 ar
685 4805 812 4863 κόλποισι
830 4808 920 4874 Πίσας
944 4843 976 4850 -
1001 4812 1043 4864 88.
1068 4810 1154 4872 κῦδος
1172 4810 1297 4877 ἀνδρῶν,
1320 4818 1387 4873 παις
1406 4809 1450 4864 δέ·
