3406 5378
255 307 321 372 204
724 312 870 361 PINDARl
892 310 1057 362 EPINICIA.

254 477 423 538 Boeclrhius
443 477 603 555 intellexit,
628 478 686 537 huc
705 478 784 537 enim
802 478 976 537 deducimur
993 477 1091 536 verbis
1115 476 1201 536 τάνδε
1224 474 1311 535 πόλιν
1334 496 1361 536 v.
1382 488 1424 553 al,
1445 495 1531 552 quae,

255 567 313 626 nisi
337 567 472 626 codicum
494 567 583 626 fidem
606 568 769 627 convellere
794 568 920 644 audeas,
951 568 990 625 ad
1012 567 1116 625 urbem
1140 565 1257 624 Thebas
1280 565 1390 624 referas
1413 585 1531 624 necesso

255 660 308 715 est.
355 656 468 716 Locum
492 676 611 733 quoque
634 657 732 734 urbis,
755 657 808 715 ubi
832 676 950 715 carmen
974 657 1161 733 cantaretur,
1184 675 1277 731 prope
1301 655 1432 713 stadium
1455 655 1531 712 lolai

255 749 286 805 et
309 746 447 822 sepulcra
469 745 602 805 familiae
625 745 748 805 Pindari
774 738 814 826 (r.
834 746 923 804 Paus.
943 757 1036 823 1x23,
1056 738 1087 825 2)
1112 745 1203 803 situm
1223 744 1324 822 fuisse,
1343 765 1379 803 ex
1397 743 1531 803 versibus

256 846 289 893 79
310 852 346 893 ss.
366 835 445 893 idem
463 834 510 894 vir
528 835 719 894 doctissimus
739 835 823 910 llxpl.
844 846 895 893 326
915 835 1068 894 conclusit.
1105 834 1220 892 Fabula
1239 837 1341 892 autem
1361 833 1396 892 de
1415 836 1531 909 cyrena

256 921 372 1000 virgine
396 923 433 983 ab
451 924 592 1000 Apolline
615 924 648 982 in
670 924 796 998 Libyam
820 925 961 982 traducta
984 926 1015 982 ct
1038 924 1175 981 futurum
1194 920 1303 995 δέξεται
1322 944 1349 981 v.
1371 934 1403 980 73
1422 923 1531 981 indicio

254 1012 329 1071 mihi
352 1016 435 1090 sunt,
459 1013 669 1072 Telesicratem
693 1016 759 1071 tum
782 1012 842 1072 iam
865 1013 995 1072 reditum
1019 1013 1050 1070 in
1072 1013 1204 1087 patriam
1225 1012 1330 1071 urbem
1353 1012 1530 1070 meditatum

255 1120 332 1177 esse3
355 1121 451 1177 neque
478 1103 664 1180 refragahor,
688 1102 713 1159 si
738 1102 805 1178 quis
828 1103 884 1162 hoc
908 1122 1025 1161 carmen
1049 1102 1172 1160 Pindari
1195 1101 1333 1159 similiter
1356 1105 1447 1177 atque
1471 1101 1530 1159 Ho-

254 1191 326 1250 ratii
345 1210 462 1250 carmen
486 1192 638 1250 saeculare
661 1191 717 1269 bis,
741 1191 871 1267 primum
891 1190 1007 1269 Thebis,
1027 1191 1131 1249 deinde
1152 1189 1274 1266 Cyrenis
1294 1193 1449 1250 cantatum
1468 1208 1530 1249 esse

255 1279 404 1339 sumserit.

344 1368 433 1428 Brevi
456 1370 608 1445 prooemio
631 1372 722 1445 poeta
745 1370 887 1446 Pythiam
909 1369 1067 1429 victoriam
1086 1369 1275 1429 Telesicratis
1299 1388 1354 1445 cpe
1377 1368 1531 1427 Musarum

254 1458 311 1517 sibi
339 1458 570 1533 praedicandam
596 1459 738 1535 proponit
766 1451 875 1540 (1-4).
921 1458 950 1517 A
972 1459 1091 1518 nomine
1116 1457 1247 1535 Cyrenae
1271 1459 1423 1534 profectus
1447 1458 1531 1515 tabu-

255 1547 317 1605 lam
335 1550 439 1605 namet
458 1546 493 1605 de
513 1547 629 1622 Cyrena
647 1548 763 1625 virgine
790 1548 827 1607 ab
846 1548 985 1623 Apolline
1005 1548 1060 1607 deo
1080 1568 1115 1606 ex
1133 1547 1216 1607 Pelio
1235 1550 1335 1606 monte
1355 1547 1386 1605 in
1405 1547 1531 1621 Libyam

255 1637 404 1695 translata
427 1639 458 1694 et
480 1636 654 1714 cognomine
678 1638 751 1696 urbe
770 1637 801 1695 in
821 1637 1003 1696 fertilissimo
1024 1657 1096 1715 agro
1120 1636 1232 1713 Libyae
1258 1636 1378 1697 condita
1404 1630 1530 1716 (5-70).

255 1724 327 1784 Inde
352 1726 390 1784 ad
412 1725 583 1799 victoriam,
615 1745 705 1801 quam
728 1726 922 1785 Telesiorates
946 1726 1070 1802 Delphis
1092 1729 1310 1802 reportaverat,
1334 1725 1413 1784 redit
1435 1744 1530 1801 neque

255 1818 355 1873 tamen
379 1814 509 1889 amplius
528 1833 594 1872 eam
613 1814 669 1873 sibi
689 1816 927 1893 exaggerandam
945 1833 1008 1874 esse
1027 1815 1111 1892 dixit,
1136 1816 1217 1891 quod
1236 1815 1373 1874 omnibus
1393 1814 1423 1872 in
1442 1813 1531 1872 rebus

254 1904 361 1963 modus
388 1905 419 1963 et
446 1903 657 1979 opportunitas
684 1904 806 1979 plurimi
838 1904 1025 1963 aestimanda
1057 1907 1155 1963 essent
1183 1896 1327 1984 (71-79).
1373 1904 1437 1962 Hoc
1465 1903 1530 1979 ipso

253 1993 372 2052 nomine
395 2012 464 2052 cum
486 1993 616 2069 Iolaum,
648 1993 701 2068 qui
722 1993 926 2069 Eurystheum
949 1993 1139 2052 interimendi
1162 1993 1387 2069 opportunitate
1412 1992 1529 2070 egregie

253 2100 325 2140 usus
344 2088 430 2159 esset,
448 2081 610 2159 laudasset,
630 2081 839 2141 Telesicratem
861 2082 953 2141 etiam
971 2083 1134 2142 Iolaiorum
1157 2082 1316 2141 victoriam
1338 2085 1531 2140 consecutum

253 2189 316 2229 esse
340 2170 489 2248 signifieat
512 2161 661 2251 (aa—90),
688 2171 767 2230 unde
795 2173 908 2230 ceteras
937 2190 1056 2247 quoque
1084 2171 1238 2248 victorias,
1263 2189 1339 2247 quas
1366 2171 1417 2229 ille
1446 2171 1530 2228 etin

254 2259 395 2320 Graeciae
426 2259 531 2318 multis
554 2259 727 2319 civitatibus
751 2263 781 2319 et
804 2260 835 2318 in
859 2260 1029 2320 domesticis
1052 2260 1133 2320 ludis
1155 2262 1375 2336 reportaverat,
1398 2262 1531 2318 recenset

256 2341 417 2429 (al—103).
464 2348 600 2424 Denique
625 2349 711 2425 quasi
734 2350 885 2409 corollarii
908 2350 1004 2408 instar
1027 2350 1157 2425 lepidam
1180 2349 1314 2407 fabulam
1338 2348 1531 2408 domesticam

254 2437 385 2497 subtexit
413 2438 448 2495 de
476 2437 615 2514 victoria,
646 2458 706 2514 qua
736 2439 942 2515 Alexidamus,
966 2458 1045 2497 unus
1075 2459 1111 2497 ex
1139 2437 1303 2497 maioribus
1333 2437 1530 2513 TelesicratiS,

253 2527 371 2604 Antaei,
391 2527 470 2603 regis
488 2527 647 2604 Irasorum,
667 2526 760 2585 filiam
777 2528 945 2604 praemium
966 2546 1071 2587 cursus
1094 2531 1270 2586 consecutus
1291 2527 1331 2585 sit
1350 2519 1530 2606 (rtet-125).

256 2614 349 2674 Omna
373 2634 492 2674 carmen
516 2616 670 2675 dulcedine
688 2617 889 2675 Venereorum
913 2617 1035 2676 lusuum
1059 2617 1270 2676 iucundissime
1294 2617 1448 2692 perfusum
1473 2619 1529 2691 est;

255 2705 365 2764 etenim
389 2724 520 2763 amorem
544 2705 660 2780 spirant
683 2708 713 2763 et
732 2707 848 2781 cyraa
867 2706 952 2784 virgo
972 2706 1009 2764 ab
1025 2706 1164 2781 Apolline
1183 2709 1271 2781 rapta
1290 2709 1320 2763 et
1338 2705 1547 2783 mulierculae¹

254 2793 453 2852 Athenienses
471 2794 609 2853 iuvenem
628 2793 772 2853 victorem
790 2795 985 2870 depereuntes
1004 2785 1045 2875 (r.
1066 2806 1099 2853 98
1119 2787 1172 2874 ss.)
1191 2798 1222 2853 et
1243 2793 1307 2852 fflia
1329 2794 1409 2872 regis
1427 2793 1531 2870 Libyci

254 2883 351 2959 procis
375 2885 501 2959 epatre
524 2902 578 2959 pro
602 2882 735 2942 mercede
759 2883 956 2942 certaminum
979 2884 1140 2960 proposita.
1187 2884 1292 2959 Neque
1320 2886 1422 2942 tamen
1446 2883 1531 2958 quid·

254 2991 346 3047 quam
369 2971 516 3031 reconditi
538 2971 569 3029 in
592 2972 638 3029 his
662 2972 884 3032 narrationibus
907 2974 1000 3032 latera
1024 2973 1207 3049 putaverim,
1234 2973 1292 3030 nisi
1311 2973 1392 3048 quod
1410 2976 1530 3048 poetam

255 3080 340 3119 suam
358 3061 476 3118 llusam
495 3060 628 3119 moribus
647 3064 677 3119 et
696 3061 846 3120 amoribus
865 3062 981 3120 iuvenis
999 3062 1121 3122 victoris
1142 3062 1340 3138 pulcherrime
1364 3062 1530 3120 adcommo-

254 3149 338 3207 dasse
367 3149 470 3210 sentio.
517 3149 682 3207 Subtiliora
711 3151 859 3226 quaedam
882 3151 916 3210 de
941 3153 1044 3212 futuro
1069 3154 1100 3210 et
1122 3155 1240 3227 sperato
1269 3150 1395 3210 conubio
1421 3150 1530 3208 Telesi-

252 3238 343 3298 cratis
362 3229 511 3317 (Bceclrh)
530 3239 577 3298 vel
600 3239 635 3297 de
656 3239 834 3299 l'olesicrate
853 3240 964 3318 virgini
987 3240 1129 3300 honestae
1148 3241 1290 3298 insidiato
1309 3244 1340 3298 et
1359 3240 1397 3298 ad
1416 3240 1530 3297 iustum

254 3327 479 3386 matrimonium
509 3327 672 3386 ineundum
704 3328 888 3388 admonendo
919 3322 1056 3410 (Disscn)
1087 3330 1332 3407 excogitaverunt
1362 3328 1531 3387 Boeckhius

252 3408 314 3497 (Kl.
330 3416 410 3475 Schr.
426 3435 468 3474 vu
488 3428 540 3474 389
555 3409 617 3498 ss),
633 3417 796 3495 DisscniuS,
816 3418 979 3496 blangerus,
994 3419 1168 3478 ll'elckerus
1187 3413 1248 3499 (Kl.
1265 3418 1346 3477 Schr.
1360 3436 1382 3475 11
1403 3428 1453 3475 198
1469 3410 1530 3497 ss),

255 3524 383 3581 quorum
407 3509 573 3564 commenta
596 3506 702 3566 merito
726 3507 830 3566 reiecit
851 3508 1049 3585 Drachmann,
1073 3508 1117 3566 De
1136 3508 1336 3567 recentiorum
1355 3507 1531 3583 interpreta-

255 3595 335 3655 tione
359 3594 518 3652 Pindarica
541 3614 605 3671 cap.
625 3614 664 3656 vr.

345 3684 449 3742 Trium
472 3684 638 3742 carminum
662 3676 988 3765 (P.1v.v.1x),quae
1012 3686 1160 3744 Pindarus
1185 3685 1344 3762 Cyrenaeis
1367 3685 1531 3745 victoribus

254 3773 369 3849 panxit,
390 3773 445 3832 hoc
460 3773 705 3848 antiquissimum
720 3778 776 3849 est3
800 3795 896 3850 neque
912 3795 989 3850 quac
1004 3775 1034 3832 in
1048 3776 1104 3835 hoc
1120 3775 1249 3833 carmine
1270 3775 1304 3833 de
1325 3775 1396 3833 urbe
1417 3776 1532 3850 (fyrena

256 3868 287 3920 et
310 3882 362 3922 ora
385 3861 498 3938 Libyae
517 3861 598 3939 dicit,
621 3866 681 3922 tam
702 3864 780 3922 veris
799 3864 947 3922 coloribus
967 3864 1062 3924 tincta
1082 3867 1160 3938 sunt,
1179 3867 1215 3921 ut
1233 3866 1299 3920 turn
1318 3864 1379 3921 iam
1398 3863 1428 3920 in
1448 3863 1531 3922 illam

254 3952 406 4029 regionem
434 3951 550 4010 venisse
579 3955 609 4010 et
637 3952 699 4010 suis
728 3953 822 4012 oculis
851 3972 958 4031 agrurn
986 3953 1182 4029 Cyrenaicum
1215 3953 1357 4011 lustrasse
1385 3952 1531 4012 videatur.

254 4041 368 4099 Verum
391 4059 459 4099 cum
483 4040 625 4099 Thebana
648 4061 720 4119 gens
740 4042 924 4119 Aegidarum
946 4062 999 4118 per
1021 4042 1274 4102 Lacedaemonem
1298 4045 1329 4100 et
1348 4042 1475 4100 Theram
1501 4043 1532 4099 in

255 4129 383 4205 Libyam
406 4129 520 4187 venisse
544 4133 575 4187 et
595 4149 657 4188 una
675 4150 743 4190 cum
761 4131 872 4207 Minyis
892 4134 1037 4206 t'yrenam
1056 4131 1160 4190 urbem
1179 4130 1344 4190 condidisse
1363 4132 1532 4190 crederetur

255 4211 296 4296 (v.
316 4219 348 4277 Ρ.
369 4237 388 4276 v
408 4229 440 4276 75
460 4217 519 4294 ss),
543 4222 632 4293 licata
652 4220 811 4279 Thebanus
833 4224 951 4279 mature
975 4240 1043 4279 curn
1062 4220 1177 4279 civibus
1197 4219 1356 4296 Cyrenaeis
1375 4220 1530 4279 familiari·

255 4310 349 4366 tatem
373 4307 554 4365 contraxisse
578 4310 609 4365 et
632 4309 728 4384 siqui
748 4329 783 4368 ex
801 4310 838 4368 iis
857 4310 996 4368 ludorum
1015 4309 1227 4369 certaminibus
1247 4329 1368 4386 operam
1386 4314 1532 4369 navarent

254 4400 346 4472 atque
369 4416 544 4471 praeconem
570 4416 691 4455 suarum
715 4399 909 4458 victoriarum
933 4403 1119 4477 quaererent,
1143 4418 1229 4457 suam
1248 4418 1369 4475 operam
1388 4398 1531 4458 obtulisse

253 4485 381 4544 videtur.
429 4485 622 4544 Tolesicrates
647 4507 715 4546 vero
744 4488 809 4564 ipso
838 4488 955 4547 nomine
978 4489 1073 4564 patris
1098 4488 1258 4547 Carneadis
1286 4488 1414 4565 speciem
1438 4508 1530 4563 quan·

256 4574 325 4634 dam
356 4573 513 4633 affinitatis
537 4594 604 4634 cum
629 4576 769 4637 Thebano
793 4580 882 4653 poeta
905 4597 976 4653 prae
1000 4598 1030 4637 se
1054 4578 1177 4654 ferebat,
1202 4577 1282 4654 quod
1305 4576 1437 4654 Aegidae
1462 4576 1531 4635 Car-

255 4683 379 4723 neorum
406 4683 556 4723 sacrorum
580 4666 729 4741 Apollinis
753 4666 903 4725 antistites
926 4669 957 4726 et
980 4668 1147 4727 sacerdotes
1170 4667 1238 4726 inde
1263 4687 1297 4725 ex
1320 4665 1531 4725 vetustissimis

256 4753 441 4833 temporibus
466 4754 556 4814 l'uisse
580 4755 821 4831 perhibebantur.
857 4755 959 4816 Simile
984 4777 1053 4816 vero
1078 4757 1245 4832 exemplum
1268 4755 1396 4815 nominis
1420 4774 1438 4813 a
1461 4756 1531 4815 Car-
