3406 5378
415 383 436 435 1.
463 383 513 434 DE
532 383 725 435 conlcrssus
745 384 994 448 sUsssmnsqua
1014 384 1175 438 canneru.
1417 381 1455 436 XI

175 545 366 630 refingenda
392 567 462 610 esse
489 549 650 630 putarent.
696 544 789 610 Licet
817 545 904 610 enim
932 544 1011 609 mihi
1041 566 1168 629 quoque
1195 568 1385 630 persuasum
1413 546 1456 610 sit

175 649 307 717 Atticos
334 650 486 716 librarios
510 652 614 717 multa
638 653 678 717 ad
701 675 793 718 suam
817 652 1082 718 consuetudinem
1106 652 1257 736 loquendi
1282 653 1455 718 detorsisse

176 764 208 822 et
227 755 404 821 Pindarum
426 757 534 841 ipsum
553 757 690 823 Doricus
714 757 849 843 formas,
872 759 962 823 velut
984 782 1048 824 acc.
1075 759 1117 843 pl.
1141 760 1175 824 in
1193 764 1272 825 -ΟΣ
1291 765 1324 824 et
1345 759 1402 823 inf.
1421 759 1456 823 in

176 870 266 947 -EN,
290 864 478 950 vulgaribus
502 870 536 929 et
559 863 679 930 Atticis
703 865 940 950 anteposuisse,
963 871 1073 932 tamen
1096 868 1273 933 cavendum
1296 867 1455 950 duximus,

175 995 216 1037 ne
234 972 268 1036 in
288 975 379 1036 textu
399 976 514 1056 poetae
534 972 762 1038 constituendo
781 972 1027 1038 fundamentum
1046 974 1182 1058 pedibus
1202 973 1454 1039 subtraheretur.

264 1079 318 1143 De
340 1079 542 1162 scriptura
560 1083 699 1144 vetere.
738 1076 923 1163 Scripturas
943 1079 1067 1165 generi,
1090 1102 1154 1164 quo
1172 1086 1271 1164 pocta
1289 1081 1357 1164 ipse
1376 1103 1455 1145 usus

179 1209 248 1253 esse
264 1186 439 1270 videretur,
458 1186 493 1249 in
506 1185 729 1270 recognitione
745 1190 854 1250 textus
869 1185 1031 1251 Pindarici
1047 1209 1143 1270 quam
1158 1188 1297 1252 maxime
1311 1188 1453 1252 animum

177 1294 407 1358 attendendum
430 1315 500 1358 esse
518 1293 551 1357 in
572 1292 859 1377 commentatione,
881 1292 943 1357 Die
962 1294 1079 1358 =‹ilteste
1097 1293 1456 1381 Tertesiiberlieferung

176 1402 231 1466 des
254 1399 388 1483 Pindar,
411 1399 527 1465 Philol.
547 1417 620 1464 xxv
639 1402 808 1486 cor-36,
836 1401 970 1485 exposui
992 1423 1096 1485 neque
1120 1423 1160 1466 ex
1182 1401 1237 1486 iis,
1266 1424 1349 1487 quae
1377 1407 1455 1468 tunc

176 1507 353 1593 disputavi,
380 1505 556 1591 quidquam
585 1528 670 1571 nunc
693 1512 784 1572 muto
808 1506 944 1594 Bergkii
967 1507 1170 1593 aliorumque
1193 1509 1455 1575 cavillationibus

176 1620 293 1680 motus.
330 1613 479 1697 Namque
502 1615 589 1697 quod
611 1636 764 1699 persaepe
786 1613 822 1679 in
846 1614 1011 1679 codicibus
1033 1615 1163 1681 Pindari
1186 1615 1305 1681 litteris
1330 1640 1347 1681 o
1372 1640 1397 1680 ω
1421 1620 1454 1680 et

177 1746 192 1787 ε
214 1747 234 1805 η
259 1746 287 1787 ει
310 1723 396 1786 inter
419 1743 452 1786 se
476 1721 669 1804 permutatis
692 1722 758 1786 iam
782 1726 856 1786 ante
875 1721 1127 1787 scholiastarum
1144 1727 1291 1788 veterum
1311 1726 1451 1788 aetatem

175 1834 345 1913 peccatum
368 1833 431 1912 est,
454 1827 516 1893 hoc
538 1829 612 1893 inde
636 1828 861 1911 explicandum
884 1850 954 1893 esse
977 1834 1082 1912 patet,
1107 1830 1192 1913 quod
1215 1834 1309 1914 poeta
1330 1829 1453 1913 ipsein

175 1935 373 2000 carminibus
406 1934 472 1997 suis
505 1933 682 1999 scribendis
713 1940 820 1998 vetere
849 1935 1009 2020 scriptura
1036 1957 1116 2001 usus
1144 1941 1206 2020 est,
1239 1936 1330 2001 cuius
1359 1936 1454 2021 signa

176 2065 249 2106 cum
272 2040 376 2105 Attici
399 2040 540 2125 librarii,
565 2041 682 2107 inseite
707 2042 881 2125 solverent,
910 2042 980 2106 fieri
1003 2064 1070 2108 non
1092 2043 1202 2126 potuit
1225 2043 1304 2126 quin
1329 2047 1362 2106 et
1386 2065 1456 2107 sen·

175 2148 296 2213 tentiae
325 2153 357 2212 et
384 2148 483 2212 verba
510 2153 624 2233 poetae
652 2170 898 2232 nonnumquam
928 2153 1217 2233 corrumperentur.
1263 2148 1325 2213 His
1353 2149 1455 2235 igitur

175 2256 209 2319 in
232 2256 329 2319 rebus
352 2254 407 2338 qui
431 2254 532 2319 ullam
551 2255 717 2320 codicibus
737 2255 966 2320 auctoritatem
985 2255 1118 2337 tribuit,
1140 2255 1168 2319 is
1188 2255 1338 2321 samanae
1358 2260 1455 2321 teme

175 2362 266 2427 ritati
289 2362 531 2446 scribarumque
553 2362 701 2426 inscitiae
725 2362 797 2445 plus
822 2384 919 2445 quarn
942 2361 1080 2426 rationis
1103 2361 1219 2426 lumini
1241 2384 1275 2427 sc
1294 2363 1454 2428 confidere

174 2469 304 2534 fatetur.
341 2469 391 2533 Ex
411 2470 522 2534 eodem
540 2491 617 2533 vero
636 2491 697 2532 usu
716 2469 834 2532 veteris
854 2468 1033 2552 scripturae
1052 2470 1263 2553 repetendum
1281 2475 1345 2553 est,
1368 2469 1455 2553 quod

174 2576 209 2639 in
231 2574 364 2641 Pindari
387 2575 479 2640 libris
502 2581 634 2641 exarata
656 2575 866 2639 inveniuntur
890 2573 939 2639 ecl
962 2596 1021 2658 pro
1046 2572 1116 2639 ἐσσὶ
1138 2575 1274 2656 I.1112,
1299 2573 1377 2660 dulc
1395 2599 1454 2661 pro

176 2685 278 2767 ἄμμες
305 2680 341 2745 P.
360 2700 395 2745 lv
418 2684 494 2764 144,
526 2682 653 2764 θάλησε
684 2704 744 2767 pro
776 2682 923 2765 θάλλησε
956 2679 996 2746 N.
1015 2699 1051 2744 1v
1071 2683 1121 2747 88.
1154 2684 1254 2764 1142,
1287 2679 1363 2766 ἐμὶν
1394 2704 1453 2767 pro

176 2784 276 2873 ἐμμέν
298 2788 349 2853 vel
369 2784 459 2872 εἰμὲν
477 2787 512 2852 Ρ.
533 2790 642 2854 11160.
666 2787 708 2853 Ν.
728 2807 750 2851 ν
768 2790 820 2853 49.
843 2805 867 2851 x
882 2789 938 2870 51,
966 2789 1065 2872 ἥνεπε
1090 2810 1149 2872 pro
1169 2791 1283 2853 ἔννεπε
1302 2787 1336 2854 Ρ.
1351 2806 1387 2852 1v
1402 2790 1453 2854 97.

177 2895 219 2961 Ν.
237 2913 261 2958 x
281 2896 337 2979 79,
366 2895 470 2960 multa
493 2895 571 2979 alia,
597 2917 679 2979 quae
702 2895 821 2959 referre
845 2896 962 2959 taedet.
1008 2894 1141 2959 Etenim
1163 2894 1323 2960 Pindarus
1346 2900 1454 2961 vetere

178 3001 339 3067 scribendi
371 3001 496 3067 ratione
528 3024 606 3066 usus
636 3007 669 3066 et
701 3006 729 3067 0
759 3023 819 3085 pro
855 3006 883 3067 0
914 3005 947 3066 et
971 3006 1020 3085 o,
1052 3007 1084 3066 Ε
1112 3024 1171 3087 pro
1200 3007 1232 3067 E
1252 3006 1291 3066 Η
1315 3006 1347 3066 et
1376 3024 1456 3067 non·

175 3130 351 3192 numquam
375 3107 473 3173 ctiam
496 3129 555 3193 pro
575 3113 628 3173 ΕΙ
647 3110 800 3173 exarabat
823 3113 856 3173 et
878 3107 1007 3173 litteras
1031 3114 1246 3174 consonantes
1266 3107 1452 3193 duplicandi

176 3238 253 3281 cura
276 3215 469 3299 supersedit,
496 3216 580 3280 unde
606 3221 741 3281 ΑΜΕΣ
762 3220 795 3280 et
818 3216 974 3280 Doricum
998 3207 1076 3300 ἁμές
1103 3220 1136 3279 et
1159 3215 1328 3280 Aeolicum
1352 3217 1454 3300 ἄμμες

175 3322 385 3406 exprimebat.
432 3319 494 3386 Sed
527 3323 679 3408 pleraque
712 3308 828 3387 menda
861 3344 899 3386 ex
930 3323 992 3386 hoc
1026 3344 1141 3408 genere
1169 3322 1349 3407 scripturae
1377 3327 1470 3387 nata·

177 3434 244 3494 tam
276 3429 371 3494 facile
404 3429 454 3494 vel
487 3430 582 3494 metri
615 3429 742 3494 indiciis
775 3428 847 3495 tolli
880 3434 1033 3513 possunt,
1070 3433 1107 3492 ut
1140 3428 1199 3493 has
1233 3429 1387 3494 minutias
1419 3429 1454 3493 in

86 3601 90 3607 ,
175 3541 333 3621 apparatu
361 3536 474 3600 critico
503 3540 653 3601 enotatas
682 3558 794 3600 omnes
822 3542 854 3601 te
883 3541 1133 3621 aspernaturum
1160 3535 1261 3601 fuisse
1285 3537 1452 3601 confidam.

176 3643 215 3707 ln
237 3642 350 3727 paucis
373 3646 424 3706 est
447 3644 533 3726 quod
557 3644 719 3729 ambigas,
748 3648 857 3707 utrum
882 3642 1023 3708 Pindaro
1047 3642 1207 3728 placuisse
1230 3649 1325 3727 putes
1349 3640 1455 3720 ξεῖνος

176 3772 217 3813 an
240 3748 371 3832 ξέννος,
393 3752 573 3834 Παρνᾱσός
597 3773 637 3814 an
662 3753 877 3836 Παρνασσός,
899 3753 1053 3834 Καφισός
1075 3772 1117 3814 an
1140 3753 1328 3833 Καφισσός,
1357 3753 1454 3814 κνίσα

176 3879 216 3920 an
249 3859 382 3938 κνίσσα,
414 3859 547 3940 νίσομαι
581 3880 622 3920 an
654 3862 817 3942 νίσσομαι.
870 3857 963 3922 Alios
996 3862 1104 3921 autem
1138 3857 1295 3939 quosdam
1329 3878 1453 3920 errores

175 3963 407 4028 reconditiores
444 3986 482 4026 ex
520 3965 681 4048 scriptura
717 3970 825 4028 vetere
860 3963 1031 4028 Pindarica
1061 3984 1128 4026 non
1158 3961 1327 4027 intellecta
1357 3968 1453 4027 natos

176 4070 336 4156 sagaciter
358 4093 461 4154 nuper
483 4070 651 4156 indagavit
674 4069 828 4153 Iurenlra,
852 4068 940 4134 Stud.
964 4068 1117 4133 Vind.1x
1137 4068 1187 4133 10.

263 4177 314 4240 Ad
342 4181 544 4261 postremum
572 4183 608 4241 ut
637 4198 718 4260 quae
747 4177 785 4239 de
814 4175 952 4240 dialecto
977 4176 1106 4240 Pindari
1131 4175 1264 4259 eiusque
1289 4175 1452 4259 scriptura

174 4288 341 4366 comperta
372 4282 544 4367 habemus,
581 4283 791 4367 complectar,
822 4282 858 4345 in
889 4287 997 4346 vetere
1030 4282 1207 4367 exemplari
1234 4282 1390 4348 Boeotico
1421 4288 1452 4348 et

173 4389 277 4475 ipsius
306 4395 420 4473 poetae
450 4414 547 4454 manu
571 4395 701 4455 exarato
725 4389 841 4452 infinit.
865 4411 967 4472 praes.
992 4393 1053 4454 act.
1077 4411 1180 4472 neque
1203 4389 1238 4453 in
1261 4413 1327 4454 -ειν
1348 4412 1453 4474 neque

174 4497 208 4559 in
232 4521 294 4577 -εν,
323 4495 436 4560 sedin
459 4502 533 4579 EN,
562 4521 625 4584 gen
653 4497 734 4582 sing.
759 4518 819 4560 seo.
844 4496 921 4560 decl.
945 4517 1049 4579 neque
1073 4495 1107 4560 in
1131 4520 1187 4561 -ου
1215 4518 1319 4580 neque
1342 4496 1376 4561 in
1400 4522 1453 4580 -ω,

175 4604 230 4668 sed
252 4603 287 4666 in
311 4607 367 4685 -0,
396 4624 458 4667 acc.
482 4603 563 4686 plur.
588 4627 648 4669 sec.
673 4603 750 4668 decl.
774 4624 877 4686 neque
901 4601 935 4665 in
959 4626 1033 4678 -ους
1055 4624 1160 4686 neque
1183 4601 1217 4664 in
1241 4626 1314 4684 -ως,
1341 4603 1453 4667 sedin

177 4713 241 4774 ΟΣ
260 4710 389 4793 exiisse,
413 4732 516 4793 neque
540 4709 653 4789 ξέννος
676 4714 709 4774 et
730 4708 830 4794 ἑμμέν
849 4713 905 4773 aut
923 4707 1028 4787 ξεῖνος
1047 4713 1080 4772 et
1099 4707 1198 4792 εἰμέν,
1222 4709 1278 4773 sed
1298 4709 1456 4783 ΞΕΝΟΣ

175 4821 208 4881 et
231 4821 369 4883 EMEN
388 4815 551 4880 exstitisse
575 4819 689 4882 sentio.
