3406 5378
684 392 843 441 caruem
862 392 921 444 mr.
1402 387 1444 451 93

169 560 246 617 duae
270 559 413 634 reliquae,
435 577 498 616 una
517 556 674 633 Olympiea
693 560 723 615 et
740 575 802 615 una
820 557 977 635 Nemeaea,
996 559 1066 632 post
1085 554 1271 632 Olympieam
1289 555 1446 615 victoriam

172 647 359 723 Olympiadis
390 647 628 725 segtuagesimae
659 646 803 722 septimae
835 639 914 727 (472
934 665 960 704 a.
981 638 1062 723 Chr.)
1086 647 1190 721 partae
1221 648 1300 704 suut.
1345 646 1446 722 Atque

171 737 332 797 scholiasta
356 736 475 811 quidem
500 736 626 794 alteram
649 755 768 812 quoque
787 734 944 794 victoriam
962 734 1121 810 Pythicam
1140 734 1255 794 duobus
1275 734 1360 792 annis
1379 737 1448 809 post

169 826 245 884 hanc
270 825 457 901 Olympicam
480 825 653 903 Ergotelem
677 827 869 884 consecutum
893 842 954 883 esse
978 826 1079 901 putat,
1110 824 1162 883 sed
1189 823 1214 881 si
1241 823 1446 883 Boeckhianos

169 915 299 974 calculos
323 914 477 990 sequimur
500 906 542 994 (v.
561 914 641 974 Prol.
660 907 797 996 mxxxvi),
821 932 898 972 anno
919 915 982 971 474
1002 932 1028 971 a.
1049 912 1116 972 Chr.
1135 912 1197 972 sive
1221 913 1337 972 duobus
1361 913 1446 970 annis

171 1007 240 1063 ante
272 1002 316 1062 Ol.
339 1007 377 1062 Π
404 1022 470 1061 eam
497 1003 676 1080 reportavit,
709 1002 740 1061 id
767 1003 861 1081 quod,
893 1021 961 1062 cum
988 1006 1078 1077 poeta
1105 1002 1201 1078 prime
1229 1005 1260 1061 et
1291 1002 1446 1077 potissimo

169 1094 235 1152 leco
256 1091 443 1168 Olyrnpicam
461 1091 618 1150 victoriam
638 1096 855 1168 commemoret,
874 1092 970 1151 multo
990 1090 1091 1166 aptius
1110 1109 1172 1150 esse
1192 1110 1277 1150 nemo
1298 1110 1359 1150 non
1377 1110 1445 1150 con·

168 1182 253 1241 cedet
288 1213 332 1222 —
363 1180 483 1240 Dolichi
517 1184 679 1257 certamen,
715 1200 775 1257 quo
811 1181 967 1258 Ergoteles
1001 1180 1106 1239 vicisse
1139 1179 1264 1256 dicitur,
1300 1198 1446 1238 summam

167 1270 378 1345 pernicitatem
403 1269 514 1346 pedmn
533 1273 564 1328 et
582 1270 754 1328 firmitatem
777 1270 954 1345 puhnonum
977 1269 1164 1346 postulabat,
1188 1268 1344 1329 duodecies
1367 1269 1445 1327 enim

168 1359 205 1418 iis
234 1360 416 1419 curriculum
446 1362 652 1418 sexcentorum
681 1359 791 1435 pedum
818 1358 1054 1434 permetiendum
1086 1358 1158 1434 fuit3
1190 1357 1317 1417 maxime
1346 1360 1447 1417 autem

169 1449 250 1525 apud
269 1447 423 1507 Cretenses
442 1447 543 1506 studia
561 1467 651 1507 cursu
669 1448 759 1526 longo
779 1447 964 1507 adversarios
983 1447 1144 1522 superandi
1161 1446 1297 1506 donasse
1316 1450 1448 1506 testatur

169 1538 335 1613 Xenophon
353 1537 449 1595 Anab.
468 1555 500 1595 ιν
519 1547 544 1614 8,
568 1548 616 1614 ‘273
639 1538 676 1596 ef.
699 1537 814 1596 Krause
838 1536 975 1615 Agonist.
998 1556 1026 1611 p.
1050 1548 1102 1596 352
1129 1566 1166 1577 —
1193 1536 1304 1595 Totum
1328 1553 1448 1595 cannen

167 1630 307 1687 versatur
334 1627 365 1684 in
392 1625 529 1702 potentia
555 1626 706 1685 Fortunae
730 1625 922 1702 illustranda,
951 1643 1042 1701 qnam
1064 1629 1096 1685 ot
1118 1625 1196 1685 cives
1219 1624 1385 1703 Himeraei,
1409 1625 1447 1683 ab

168 1715 302 1775 hostium
326 1715 470 1775 servitute
493 1714 626 1792 liberati,
655 1719 686 1774 et
707 1715 877 1793 Ergoteles,
904 1714 1035 1791 primum
1058 1715 1140 1792 exul,
1167 1733 1247 1774 nuno
1271 1714 1393 1774 civitate
1417 1716 1448 1773 et

168 1804 284 1864 coronis
314 1808 452 1881 ornatus,
483 1804 557 1862 satis
587 1803 701 1880 experti
734 1807 828 1864 erant.
880 1804 985 1881 Neque
1016 1803 1080 1862 veri
1113 1803 1255 1863 dissimile
1289 1805 1335 1861 est
1367 1802 1448 1879 quod

168 1892 338 1953 Boechhius
361 1893 500 1970 coniecit,
524 1892 643 1969 inipso
667 1894 737 1952 fano
762 1892 893 1969 quodam
915 1893 1079 1971 Fortunae,
1104 1911 1171 1951 eum
1194 1893 1351 1970 Ergoteles
1375 1891 1447 1951 deae

168 2000 307 2041 coronam
332 1982 458 2058 offerret,
482 2000 600 2040 carmen
623 1982 678 2041 hoc
702 1984 857 2040 cantatum
880 2000 952 2042 esse.
986 1981 1175 2058 Quamquam
1198 1982 1277 2040 enim
1300 1981 1327 2041 ei
1351 1981 1447 2058 magis

168 2071 313 2146 epistolae
338 2090 428 2146 quam
451 2070 555 2146 hymni
579 2070 698 2147 epinicii
722 2072 818 2130 forma
841 2074 894 2147 est,
918 2074 1019 2130 tamen
1042 2071 1098 2130 hoc
1120 2091 1180 2130 non
1200 2070 1354 2130 obstaculo
1374 2074 1447 2146 erat,

169 2160 329 2236 quominus
348 2160 466 2235 publice
490 2159 628 2219 similiter
651 2163 742 2235 atque
765 2160 797 2218 P.
817 2178 851 2217 111
871 2162 901 2218 et
924 2160 947 2219 Ι.
967 2178 989 2217 11
1014 2164 1193 2219 cantaretur.
1231 2160 1326 2219 Breve
1346 2162 1448 2218 autem

169 2267 286 2308 carmen
315 2248 438 2307 decebat
465 2249 563 2308 virum
591 2249 757 2325 privatum,
787 2269 823 2307 ue
852 2248 996 2307 invidiam
1022 2269 1127 2327 regum
1152 2248 1272 2308 Siciliae
1296 2248 1446 2308 excitaret.

169 2338 306 2414 Denique
331 2338 411 2414 quod
430 2357 448 2395 a
466 2338 618 2396 Fortunae
641 2336 830 2396 invocatione
850 2340 880 2396 et
898 2338 1118 2413 praedieatione
1142 2356 1260 2396 carmen
1284 2342 1373 2413 poeta
1395 2356 1447 2394 au-

171 2427 304 2502 spicatus
328 2431 382 2504 est,
406 2446 473 2485 eum
498 2446 532 2485 eo
556 2426 711 2486 cohaerere
736 2426 918 2502 crediderim,
943 2426 1023 2502 quod
1046 2430 1112 2485 tum
1136 2426 1278 2501 temporis
1300 2426 1447 2501 hymnum

168 2516 329 2592 Fortunae,
354 2516 439 2575 cuius
462 2517 632 2592 fragmenta
655 2526 769 2573 38-41
794 2517 922 2591 exstant,
945 2515 1103 2592 pangebat.
1146 2515 1283 2590 Denique
1307 2518 1337 2573 et
1360 2515 1447 2572 illum

168 2605 313 2681 hymnum
343 2607 374 2663 et
403 2605 459 2664 hoc
489 2623 607 2664 carmen
638 2604 799 2680 epinicium
830 2604 957 2664 Horatio
988 2622 1105 2663 carmen
1129 2624 1140 2661 1
1163 2617 1196 2662 aa
1226 2604 1256 2661 in
1284 2604 1448 2663 Fortunam

168 2693 253 2753 Antii
277 2693 417 2754 scribenti
441 2694 600 2753 obversata
623 2712 685 2752 esso
709 2693 829 2754 adnoto.

713 2819 758 2886 De
781 2821 904 2888 metris.

258 2925 404 2985 Carminis
432 2925 523 2985 huius
553 2925 669 2984 numeri
699 2928 768 2984 sunt
799 2925 1085 3003 dactylo-epitritioi
1120 2925 1205 2983 nulla
1236 2944 1267 2983 re
1302 2924 1447 3003 insignes,

170 3014 258 3090 epodi
280 3033 383 3075 versus
407 3015 489 3074 tertii
512 3033 653 3073 mensura
676 3014 819 3093 ambigua
846 3020 904 3094 est,
927 3020 1018 3092 prout
1041 3015 1131 3075 verbo
1154 3012 1406 3092 κατεφυλλορόησε
1429 3036 1447 3073 ν

172 3101 380 3180 ἕφελιυσευιὸν
404 3123 472 3162 cum
495 3104 667 3163 Hermanno
692 3104 806 3163 adicere
831 3108 886 3162 aut
908 3123 976 3164 eum
1000 3104 1151 3164 codicibus
1174 3104 1329 3163 detrahere
1352 3103 1448 3161 malis.

168 3192 272 3251 Finem
297 3196 327 3252 et
350 3193 541 3268 stropharum
563 3195 595 3252 et
617 3193 704 3268 epodi
728 3196 817 3268 poeta
840 3194 884 3251 ita
907 3194 1065 3269 indicavit,
1094 3196 1130 3251 ut
1157 3194 1300 3251 ultimum
1328 3211 1448 3253 versum

168 3282 199 3339 in
218 3281 362 3342 maiorem
386 3281 532 3340 ambitum
555 3281 731 3341 extraheret
768 3282 866 3357 Epodi
887 3301 990 3343 versus
1014 3282 1122 3341 tertius
1145 3286 1175 3341 et
1199 3287 1326 3359 quartus
1344 3301 1447 3340 nume-

168 3390 269 3430 rorum
293 3371 492 3431 continuitate
516 3370 595 3430 inter
617 3389 648 3430 se
672 3370 838 3430 cohaerent.

261 3547 441 3627 Λίσσομαι,
464 3554 526 3608 παῖ
549 3543 656 3627 Ζηνὸς
675 3541 903 3630 Ἐλευθερίου,
1278 3548 1359 3629 Σιρ.

256 3647 385 3735 Ἱμέραν
408 3648 601 3735 εὐρυσθενέ’
629 3650 822 3735 ἀμφιπόλει,
846 3651 998 3735 Σώτειρα
1026 3651 1123 3734 Τύχα.

240 3862 321 3896 vrum
343 3862 447 3897 suerro.
484 3843 568 3897 Inscr.
606 3842 661 3912 ἐρμ.
682 3842 719 3912 λμ,
739 3845 845 3913 detexat
868 3843 899 3907 O,
927 3841 982 3913 ἔργ.
1003 3842 1039 3911 ip.
1059 3844 1171 3912 δολιχελ.
1209 3844 1256 3895 καὶ
1280 3842 1381 3911 ίσθμια
1400 3844 1448 3896 καὶ

167 3914 262 3968 πύθι-οι
277 3916 312 3981 A,
333 3914 387 3983 ἐργ.
403 3914 439 4001 λμ.
455 3913 644 3984 δολιχοδρόμοι
658 3914 752 3968 πύθια
769 3916 814 3967 καλ
836 3914 937 3984 ίσθμιοι
952 3914 1001 3981 D¹,
1022 3912 1077 3982 ἔρμ.
1093 3913 1130 3982 ἱμ.
1146 3911 1335 3985 δολιχοδρύμιμ
1354 3913 1447 3966 πύθια

168 3987 216 4039 καλ
236 3986 336 4054 ίσθμια
356 4002 501 4052 υικησαντι
520 3986 571 4054 τὴν
591 3972 633 4050 οζ’
653 3985 813 4055 ὀλυμπιάδα
832 3986 900 4040 ΒΕ.
921 4017 953 4025 -
973 3984 1064 4039 Schol.
1080 3984 1154 4038 BD:
1174 3981 1330 4052 ἠγωνίσατο
1349 3984 1390 4047 οἷ’
1407 3982 1445 4037 ὄλ.

168 4058 216 4111 καλ
236 4056 286 4125 τὴν
306 4057 367 4125 ἑξῆς
386 4061 455 4110 συθ.
475 4057 526 4111 κθ’
547 4056 609 4125 (τὴν
629 4056 703 4125 ἑξῆς,
722 4061 792 4110 ποθ.
811 4055 885 4128 (bt)
909 4055 961 4110 κθ’
982 4056 1153 4121 Schroeder).
1182 4054 1273 4110 Schol.
1293 4056 1332 4108 A:
1353 4052 1445 4123 Ὀλυμ·

167 4126 259 4181 ιιιὰὃα
283 4126 333 4197 μὲν
357 4125 483 4196 ἐνίκησεν
510 4128 549 4193 ρξ’
571 4128 619 4181 καὶ
641 4128 692 4196 τὴν
717 4127 778 4196 ἑξῆς
801 4128 850 4181 οθ’
876 4127 933 4196 (oq'
959 4127 1029 4181 coiri.
1049 4128 1228 4195 Mommsen),
1252 4124 1390 4179 Πυθιάδα
1414 4124 1445 4179 δὲ

169 4198 240 4268 <ιιθ’
261 4198 330 4269 καλ)
359 4198 402 4251 κε’
423 4200 468 4251 καλ
492 4196 605 4267 Ἴσθμια
634 4196 734 4268 ὁμοίως
757 4231 790 4237 -
815 4204 838 4252 a.
863 4197 963 4268 ἱμέραν
986 4199 1096 4252 ARN:
1120 4196 1201 4267 λμίρα
1225 4197 1340 4265 B⁸⁰G¹,
1365 4194 1446 4267 ἱμέροι

168 4271 243 4337 D¹’⁰‚
264 4268 359 4339 λμέρας
379 4269 488 4323 C’I)lc
507 4302 540 4309 —
560 4268 745 4336 εύρυσθενίος
764 4270 855 4324 GD⁸⁰
874 4301 907 4310 —
927 4268 1080 4340 ἀμφιπόλει
1099 4271 1138 4323 A:
1158 4269 1232 4338 ἀμφὶ
1250 4265 1331 4322 πόλει
1349 4269 1446 4337 Bel),

240 4430 428 4465 eouunurmu.
459 4430 483 4464 r.
501 4419 523 4466 1.
546 4411 634 4481 Ζηνὸς
651 4407 831 4476 Ἐλευθερίου
851 4428 931 4464 saera
950 4410 979 4464 in
998 4411 1112 4465 scholiis
1132 4410 1169 4464 ad
1188 4411 1335 4465 civitatem
1352 4411 1446 4464 Hime-

169 4500 313 4538 raeensem
332 4482 368 4536 ab
387 4482 517 4536 Hieronis
536 4482 682 4536 dominatu
696 4481 846 4536 liberatam
860 4482 1031 4549 referuntur3
1052 4481 1121 4536 satis
1135 4483 1164 4536 id
1179 4482 1289 4552 inscite,
1308 4483 1447 4552 siquidem

169 4554 325 4609 Himeraeis
345 4571 402 4608 nen
421 4554 519 4620 Hiero,
545 4554 595 4606 aed
614 4553 704 4607 Thero
725 4554 838 4622 eiusque
857 4553 931 4607 filim
951 4554 1148 4623 Thrasydaeus
1168 4553 1377 4624 imperitabant.
1416 4555 1447 4607 ln

169 4643 290 4680 errorem
317 4630 410 4680 autem
438 4624 608 4679 scholiastae
634 4624 743 4678 inducti
767 4628 844 4692 suut,
871 4625 945 4693 quod
965 4625 1153 4693 Syracusanos
1166 4626 1361 4694 Thrasybulo,
1381 4625 1446 4679 Hic·

169 4698 244 4750 renis
264 4698 359 4765 fratre,
378 4700 476 4751 exacto
495 4694 568 4749 Iovis
588 4694 759 4749 Liberatoris
779 4700 901 4749 statuam
921 4713 1023 4766 ponere
1042 4697 1124 4765 eique
1143 4713 1223 4750 saera
1241 4697 1334 4751 facere
1348 4696 1447 4750 memi-

169 4771 271 4822 nerunt
287 4772 296 4837 (
318 4768 419 4823 .I)iod.
434 4785 462 4818 xr
478 4770 535 4833 rra).
564 4765 661 4833 Neque
677 4767 752 4835 quod
766 4767 923 4820 Boeclrhiue
938 4767 1030 4822 cultus
1045 4768 1127 4821 istius
1141 4768 1291 4836 Hymeraei
1310 4768 1447 4837 originem

169 4858 187 4894 a
205 4839 387 4908 Thrasydaeo
414 4837 498 4891 armis
524 4835 653 4890 Hieronis
678 4838 720 4893 01.
738 4855 771 4906 ro,
792 4855 802 4892 r
821 4838 932 4893 devicte
958 4839 1085 4910 repetiit,
1103 4839 1173 4893 mihi
1192 4840 1335 4909 probatur.
1373 4839 1447 4892 Nam
