3406 5378
283 390 321 444 IV
820 392 1031 445 PRAEFATIO.

285 557 340 619 sed
366 554 540 618 editionem
561 554 686 639 qualem
705 555 875 620 nunciam
894 554 999 640 magis
1019 576 1115 637 quam
1135 553 1212 616 olim
1232 551 1378 636 philolog
1358 552 1391 614 i
1410 556 1566 635 cuperent

284 666 432 728 pararem
452 645 692 708 commentariis
712 644 876 728 perpetuis
891 644 1092 707 instructam
1126 642 1171 706 At
1157 647 1234 794 tque
1249 641 1367 704 dudum
1383 663 1434 704 me
1449 640 1563 703 biblio·

284 733 378 833 polae
396 732 619 796 honestissimi
634 733 792 815 adierant,
808 738 844 796 ut
831 732 1001 796 tDissenii
1017 736 1179 795 comment
1181 731 1265 794 arios
1272 752 1378 813 ,quos
1395 727 1566 793 Schneide-

283 821 387 886 winus
412 843 643 906 recognoscere
668 826 700 885 ιι
720 822 868 921 supplere
888 821 1102 905 coepisset}
1083 819 1222 903 plenos
1214 842 1280 882 ram
1298 840 1564 903 recognoscerem

285 915 500 995 ettoprovec
465 910 663 975 tohuict
632 916 683 975 sta
684 911 733 974 uti
759 909 947 993 disciplinae
970 909 1187 994 philologicae
1211 908 1435 972 accommodat
1421 912 1472 970 tos
1495 907 1565 970 red-

283 1000 400 1063 derem.
447 999 513 1062 Diu
541 999 648 1084 refrag
650 1000 728 1063 abar
756 1006 789 1062 et
816 998 990 1063 molestum
1014 1020 1095 1061 ouus
1118 997 1256 1061 infirmis
1280 996 1360 1060 meis
1385 995 1564 1060 cervicibus

282 1088 449 1173 imponere
468 1088 561 1151 dubit
562 1053 665 1151 abaiir.
703 1088 789 1152 Nam
808 1088 951 1152 Dissenii
971 1086 1209 1170 commentarii,
1233 1085 1378 1169 quamvis
1399 1084 1563 1169 elegantes

282 1177 469 1260 etdiserti,
498 1177 608 1241 multis
637 1200 675 1241 ex
703 1177 851 1261 partibus
879 1177 959 1240 mibi
983 1176 1254 1259 displicebantet
1278 1197 1379 1238 novos
1404 1196 1564 1238 commen-

282 1266 384 1330 turios
421 1228 644 1330 cobscribendi
677 1289 787 1330 curam
819 1271 852 1330 et
838 1264 1129 1330 tWilamowitzii
1167 1265 1348 1328 doctrinam
1381 1262 1562 1326 aemulandi

282 1376 439 1419 conamen
462 1354 585 1418 viribus
608 1355 687 1418 meis
707 1356 832 1419 maiora
851 1376 921 1417 esse
940 1353 1097 1417 videbam.
1134 1352 1277 1416 Tandem
1296 1352 1469 1437 aliquando
1488 1373 1563 1415 cum

281 1443 431 1508 laborum
459 1443 572 1528 fugam
599 1449 728 1527 turpem
756 1466 825 1507 esse
849 1447 1050 1527 reputassem
1074 1447 1107 1506 et
1130 1441 1227 1506 etiam
1251 1442 1427 1506 mediocres
1452 1439 1563 1503 diluci-

190 1569 195 1577 ·
281 1532 428 1596 dationes
462 1532 574 1596 multis
608 1538 718 1617 gratas
751 1532 820 1595 fore
854 1553 982 1614 sperare
1015 1531 1210 1615 coepissem,
1246 1536 1283 1593 ut
1319 1530 1402 1594 hanc
1436 1550 1562 1612 quoque

280 1627 406 1704 partem
431 1622 537 1684 iustae
566 1621 717 1685 editionis
745 1621 779 1683 in
809 1642 859 1684 me
887 1620 1061 1704 reciperem
1090 1624 1271 1684 commotus
1300 1642 1381 1683 sum.
1427 1617 1560 1702 Triplici

153 1771 162 1783 ,
282 1714 390 1774 autem
420 1711 516 1774 modo
546 1732 677 1794 operam
706 1731 811 1773 meam
838 1710 979 1792 partitus
1008 1732 1088 1773 sum.
1134 1709 1219 1772 Nam
1248 1729 1329 1791 quae
1357 1730 1408 1770 res
1432 1729 1496 1770 non
1520 1706 1561 1769 ad

282 1821 383 1863 unum
413 1799 553 1882 aliquem
582 1820 710 1862 versum
739 1799 795 1862 sed
822 1799 861 1861 ad
891 1798 999 1862 omnia
1021 1797 1152 1862 Pindari
1180 1799 1322 1862 carmina
1345 1796 1562 1881 pertinebant,

281 1910 336 1951 eas
360 1886 394 1950 in
412 1887 723 1973 Prolegomenorum
746 1887 839 1951 libris
863 1888 960 1951 tertio
986 1891 1019 1950 ct
1042 1889 1156 1969 quinto
1175 1886 1379 1970 pertractavi.
1417 1884 1561 1969 Singulis

283 1998 358 2040 vero
383 1976 580 2041 carminibus
604 1975 841 2040 introductoria
864 1981 1047 2041 commenta
1067 1975 1234 2060 praemisi,
1257 1975 1375 2058 quibus
1394 1995 1562 2058 argumen-

282 2069 352 2128 tum
377 2070 409 2128 et
433 2066 667 2130 sententiarum
690 2088 809 2129 nexum
832 2065 989 2149 aperirem
1012 2071 1046 2128 et
1069 2087 1150 2148 quae
1173 2065 1212 2128 de
1236 2063 1357 2128 victore
1381 2084 1509 2147 quoque
1528 2068 1561 2125 et

283 2153 414 2219 civitate
443 2154 572 2219 aliunde
600 2154 720 2218 tradita
745 2159 854 2218 essent
877 2175 1111 2238 componerem.
1157 2153 1305 2235 Denique
1328 2153 1363 2215 in
1387 2151 1561 2237 exegeticis

282 2242 523 2308 commentariis
551 2243 655 2307 textui
684 2242 840 2307 subiectis
863 2244 1032 2327 perplexos
1056 2243 1145 2306 locos
1170 2243 1321 2325 enodare,
1348 2264 1455 2304 rerum
1479 2239 1561 2303 diffi-

282 2332 418 2396 cultates
447 2332 608 2416 expedire,
636 2332 762 2397 dicendi
790 2355 885 2397 usum
918 2332 1060 2416 artisque
1087 2353 1220 2395 veneres
1245 2330 1408 2394 illustrare
1441 2328 1560 2412 studui,

282 2424 319 2484 ut
343 2420 497 2503 quidquid
520 2421 642 2485 lumine
664 2421 943 2505 interpretationis
961 2421 1135 2506 indigeret,
1159 2421 1244 2485 sicco
1264 2421 1343 2503 pede
1362 2418 1560 2482 transilirem

281 2509 373 2572 nihil.
419 2509 480 2572 His
511 2515 619 2573 autem
646 2510 682 2575 in
709 2511 805 2575 rebus
834 2511 984 2575 omnibus
1011 2510 1156 2573 virorum
1183 2510 1365 2591 doctorum,
1397 2507 1452 2591 qui
1486 2512 1560 2570 ante

283 2620 333 2662 me
357 2597 487 2662 Pindari
511 2598 654 2662 carmina
677 2600 887 2664 commentati
906 2603 1011 2680 erant,
1036 2598 1188 2662 subsidiis
1209 2598 1334 2680 sedulo,
1357 2603 1394 2660 ut
1412 2618 1470 2680 par
1489 2595 1561 2678 fuit,

282 2710 360 2751 usus
389 2709 469 2751 sum.
515 2687 624 2771 Atque
652 2688 816 2771 profectus
845 2711 916 2751 sum
944 2710 964 2751 a
991 2688 1153 2751 veteribus
1182 2687 1328 2772 scholiis,
1360 2707 1497 2768 quorum
1525 2684 1561 2747 in

282 2777 380 2840 rebus
413 2775 579 2840 historicis
608 2777 708 2840 verba
734 2776 806 2860 ipsa
833 2776 943 2860 attuli,
975 2779 1008 2839 et
1035 2778 1076 2839 ab
1105 2775 1314 2860 amplissimis
1342 2773 1499 2839 Bocchhii
1528 2777 1561 2836 et

281 2865 425 2930 Dissenii
458 2864 714 2949 commentariis,
746 2888 785 2929 ex
818 2864 935 2948 quibus
965 2864 1120 3017 pleraque
1152 2887 1203 2928 me
1236 2870 1350 2930 mutua
1383 2863 1559 2947 sumpsisse

282 2959 377 3040 grato
401 2953 509 3018 animo
534 2954 633 3019 confit
619 2958 699 3018 t.eor
740 2953 802 3018 Sed
824 2954 907 3018 mult
893 2958 928 3017 ta
947 2959 979 3017 et
980 2953 1045 3016 iam
1065 2953 1146 3017 mihi
1165 2955 1413 3104 suppeditarunt
1432 2957 1559 3036 praeter

281 3043 358 3106 edit
334 3047 440 3106 tiones
463 3047 496 3107 et
520 3049 703 3107 comment
668 3042 809 3106 tationes
834 3042 963 3106 criticas
987 3039 1030 3128 (ι.
1049 3040 1226 3143 p..,XHs)
1251 3043 1405 3127 quibust
1407 3063 1558 3123 amquam

281 3130 491 3196 fundamento
528 3155 640 3196 sanam
676 3131 978 3216 interpretationem
1010 3131 1072 3194 niti
1062 3135 1247 3214 1t,op0rte
1220 3132 1425 3195 teditores
1455 3129 1557 3193 Maur.

283 3218 431 3286 Schmidt
417 3222 587 3304 1,ι869
610 3220 745 3285 Fennell
768 3217 901 3307 (1883),
926 3221 1013 3304 Bury
1037 3217 1168 3305 (1890),
1192 3184 1407 3284 Gildcrsleeve
1431 3216 1558 3304 (1890),

280 3309 441 3374 ΒοιΙιιιιιι
472 3311 553 3375 1891
578 3310 793 3394 ,interpretes
808 3308 964 3373 Thiersch
979 3307 1111 3395 (1820),
1125 3308 1151 3372 F
1154 3309 1308 3374 raccaroh
1323 3306 1454 3394 (1892),
1473 3330 1557 3371 com-

281 3402 479 3463 mentatores
512 3399 654 3484 hdczger,
690 3397 825 3463 Pindars
860 3397 1071 3484 Siegeslieder
1103 3395 1234 3484 (1880),
1270 3398 1368 3482 Leop.
1401 3395 1556 3479 Schmidt,

280 3486 415 3551 Pindars
443 3487 553 3551 Leben
589 3489 654 3551 und
684 3486 853 3572 Dichtung
880 3484 1021 3572 (1862),
1053 3487 1111 3550 Ed.
1139 3486 1317 3570 Luebbert,
1352 3485 1558 3549 Meletemata

280 3575 452 3640 Pindarico
495 3574 695 3663 1878-89),
721 3576 943 3658 Drachmann,
971 3575 1020 3639 De
1048 3576 1262 3639 recentiorum
1290 3575 1557 3658 interpretatione

279 3664 451 3729 Pindarica
492 3664 606 3752 1891),
632 3665 724 3729 Tafcl
752 3665 991 3730 Rauchenstein
1019 3664 1244 3749 Furtwhngler
1271 3665 1309 3727 de
1332 3663 1443 3749 Jongb
1472 3663 1557 3727 Frie-

281 3752 408 3819 derichs
427 3752 586 3831 Jurenka,
606 3777 687 3839 quos
707 3776 818 3818 omnes
838 3776 876 3818 eo
895 3754 1000 3839 magis
1019 3753 1081 3818 hoc
1100 3754 1172 3819 loco
1192 3776 1265 3818 cum
1279 3754 1401 3816 honore
1416 3753 1558 3836 nomino,

281 3844 367 3928 quod
390 3865 472 3927 quae
495 3843 632 3929 singulis
654 3843 735 3908 locis
758 3843 798 3907 iis
822 3843 971 3908 deberem
995 3843 1114 3906 referre
1137 3842 1233 3906 nimis
1255 3842 1390 3927 longum
1409 3846 1442 3905 ct
1461 3841 1558 3906 mole·

280 3936 368 3996 stum
391 3954 461 3996 esse
485 3932 569 3997 duxi.

369 4021 421 4086 Ad
444 4026 624 4086 extremum
647 4020 772 4104 amicis,
796 4019 903 4105 quiin
923 4022 1023 4084 ardua
1041 4026 1074 4085 et
1093 4021 1201 4104 ampla
1219 4020 1279 4084 hac
1299 4042 1396 4104 opera
1415 4041 1465 4082 me
1484 4041 1557 4083 con·

280 4109 354 4175 silio
382 4109 512 4194 scriptis
540 4110 673 4174 monitis
704 4109 910 4194 adiuverunt,
942 4110 1065 4195 gratias
1094 4131 1156 4196 ago
1185 4132 1281 4194 quam
1309 4109 1479 4191 maximas,
1511 4109 1557 4171 in·

279 4198 393 4283 primis
422 4196 560 4263 Garolo
588 4198 754 4263 Richter
783 4197 951 4284 Georgio
979 4199 1141 4263 Karot
1109 4205 1141 4263 et
1170 4199 1305 4263 Ottoni
1330 4196 1557 4282 Sehroeder,

281 4309 336 4372 qur
328 4287 433 4351 locis
453 4288 559 4352 dubiis
575 4288 700 4353 codices
714 4286 789 4351 Vat
766 4291 891 4352 t1cauos
906 4292 939 4351 et
925 4286 1114 4352 tMcdiceos
1130 4204 1257 4352 demio
1249 4310 1283 4351 m
1297 4310 1401 4352 meam
1416 4287 1557 4373 gratiam

279 4381 503 4462 excusserunt,
521 4376 702 4441 etlosefo
720 4375 873 4440 Hirmer
877 4375 961 4459 ,qui
979 4375 1013 4439 in
1032 4376 1173 4461 plagulis
1193 4375 1391 4462 corrigendis
1410 4397 1557 4440 meorum

280 4465 448 4530 oculorum
470 4466 661 4552 languorem
683 4427 916 4529 humanissime
941 4465 1130 4530 sublevavit.

368 4607 573 4674 Monachii.

1286 4702 1336 4771 W.
1356 4700 1476 4771 Christ.
