3406 5378
811 1087 953 1140 ΟΛΥΜΠ.
973 1085 1020 1137 IB'

545 1248 931 1332 ΕΡΓΟΤΕΛΕΙ
979 1248 1296 1334 ΙΜΕΡΑΙΩτ

835 1444 997 1499 ΔΟΛΙΧΕΙ.

366 3404 411 3463 Ι)ο
439 3405 580 3484 Ergotele
608 3404 777 3464 Philanoris
804 3403 866 3464 filio
895 3405 1066 3483 Himeram,
1094 3405 1180 3464 euius
1204 3403 1346 3464 victoriae
1371 3402 1555 3481 Olympisae,

277 3511 367 3552 cursu
390 3494 480 3572 longo
501 3485 634 3579 (δολίχῳ)
654 3493 699 3554 01.
717 3496 756 3553 77
774 3519 816 3541 =
832 3496 895 3553 472
911 3514 937 3553 a.
953 3492 1021 3554 chr.
1039 3496 1153 3571 partae,
1172 3494 1228 3553 hoe
1247 3511 1365 3552 carmen
1384 3492 1556 3552 dedicatum

278 3584 331 3659 est,
355 3582 520 3643 Pausanias
544 3583 765 3660 v14,11haee
788 3584 947 3644 memoriae
971 3584 1115 3659 prodidit:
1136 3575 1308 3661 Ἐργοτέλης
1331 3575 1359 3640 δ’
1386 3577 1402 3640 ὁ
1427 3580 1553 3641 Φιλάνο-

275 3692 326 3748 ρος
359 3670 477 3750 δολίχον
508 3672 563 3733 δύο
593 3669 625 3732 έν
649 3667 794 3756 Ὀλυμπίᾳ
823 3673 924 3751 νίκας,
953 3672 1098 3743 τοσαύτας
1128 3667 1159 3730 δὲ
1189 3668 1278 3742 άλλας
1308 3673 1418 3730 Πυθοῖ
1442 3667 1492 3729 καί
1522 3667 1555 3729 έν

273 3751 382 3842 Ἰσθμῷ
405 3781 435 3819 τε
458 3759 508 3821 καί
531 3761 666 3840 Νεμείων
689 3758 886 3846 ἀνῃρημένος,
910 3759 963 3842 οὐχ
982 3757 1124 3839 Ἱμεραῖος
1143 3752 1269 3819 εἶναιτὸ
1288 3757 1317 3832 έξ
1337 3756 1438 3839 ἀρχῆς,
1457 3757 1555 3818 καθά-

272 3869 326 3927 περ
353 3870 385 3927 γε
409 3847 441 3909 τδ
464 3847 631 3929 ἐπίγραμμα
654 3850 686 3910 τὸ
714 3844 761 3909 ἔντ’,
786 3847 865 3933 αὐτῷ
893 3867 982 3927 φησι,
1006 3848 1089 3929 Κρὴς
1113 3844 1145 3908 δέ
1168 3841 1245 3908 εἶναι
1268 3845 1377 3928 λέγεται
1401 3845 1551 3918 Κνώσιος·

274 3935 404 3997 ἐκπεσὼν
428 3934 460 3997 δὲ
483 3936 542 3998 ὑπὸ
565 3949 730 3999 στασιωτῶν
753 3937 785 3999 έκ
809 3942 935 3998 Κνωσοῦ
954 3936 1004 3998 καὶ
1021 3937 1052 4011 ές
1072 3934 1187 4016 Ἱμέραν
1206 3934 1387 4014 ἀφικόμενος
1404 3937 1552 4009 πολιτείας

272 4028 428 4106 τετύχηκεν
455 4025 505 4087 καί
528 4025 621 4087 πολλὰ
643 4029 742 4106 εάρετο
769 4025 842 4087 άλλα
864 4024 895 4099 ές
917 4027 1014 4106 τιμήν.
1060 4027 1116 4087 His
1143 4027 1254 4085 similia
1282 4027 1395 4086 scholia
1422 4027 1461 4086 ad
1489 4046 1552 4087 ear-

273 4114 361 4174 minis
388 4116 475 4178 inser.
499 4118 645 4176 referunt:
670 4109 840 4196 Ἐργοτέλης
864 4114 946 4196 Κρὴς
974 4113 1028 4195 μέν
1054 4109 1093 4195 ἦν
1116 4120 1155 4199 τῷ
1178 4113 1255 4195 γένει
1276 4115 1388 4187 πόλεως
1412 4118 1551 4194 Κνωσοῦ,

272 4199 305 4274 ὃς
325 4201 489 4283 ἠγωνίσατο
507 4203 562 4281 τὴν
579 4199 624 4276 ρξ’
640 4198 820 4283 Ὀλυμπιάδα
837 4203 959 4282 κοίτην
978 4204 1046 4285 ἑξῆς
1060 4205 1206 4266 Πυθιάδα
1224 4199 1287 4264 κδ’.
1323 4203 1551 4285 στασιαζομένης

274 4288 306 4351 δὲ
329 4301 381 4370 τῆς
405 4291 517 4364 πόλεως
540 4292 639 4373 φνγὰς
661 4293 702 4365 είς
729 4289 845 4373 Ἱμέραν
871 4294 958 4355 πόλιν
980 4293 1191 4370 Σικελιωτικὴν
1215 4291 1331 4372 ἀπῆλθε
1354 4292 1403 4354 καί
1426 4299 1550 4354 καταλα-

274 4379 337 4460 βὼν
367 4381 456 4440 πάλιν
490 4379 524 4440 τὰ
556 4379 589 4441 έν
618 4383 737 4466 Σικελίᾳ
769 4383 924 4463 πράγματα
955 4383 1165 4462 στασιαζόμενα
1195 4381 1269 4463 πρὸς
1302 4381 1436 4455 Γέλωνος
1469 4377 1551 4464 (fort.

275 4464 432 4551 Θήρωνος)
460 4468 510 4530 καὶ
534 4465 666 4551 Ἱέρωνος
692 4470 884 4551 ἐκδεξάμενος
912 4472 1034 4551 εἰρήνην
1064 4471 1208 4550 ένίκησεν.
1254 4473 1298 4531 Ι)ο
1330 4492 1381 4530 sex
1410 4473 1552 4549 victoriis²

274 4579 349 4636 quas
376 4560 543 4620 Pausanias
572 4565 737 4641 enumerat,
766 4581 827 4621 una
852 4559 1021 4642 olympica,
1045 4563 1121 4623 duae
1145 4561 1302 4639 Pythicae,
1325 4580 1387 4619 uua
1410 4561 1553 4621 Isthmiae

273 4649 333 4709 iam
357 4652 432 4726 tum,
456 4669 524 4709 eum
547 4650 694 4710 Pindarus
717 4652 772 4710 hoe
796 4669 914 4711 carmen
937 4653 1057 4728 scripsit
1075 4645 1116 4732 (v.
1133 4662 1165 4711 17
1181 4643 1248 4730 sq.),
1267 4652 1438 4726 reportatae
1458 4653 1553 4727 erant,
