3406 5378
770 375 902 425 PYTHIA
921 375 955 426 ll.
1414 371 1477 434 125

206 543 303 601 ditum
334 541 457 600 Pindari
480 541 517 599 ab
541 540 646 599 itinere
671 540 873 618 Syracusano,
897 538 944 599 01.
965 543 1005 598 78
1029 540 1084 598 hoc
1107 541 1225 598 carmen
1249 540 1392 615 scriptum
1417 558 1479 598 esse

206 631 461 691 existimaverunt.
499 630 599 705 Atque
620 629 851 705 primumquod
873 628 964 688 Hiero
988 628 1194 704 Syracusanus
1217 629 1248 686 in
1271 628 1326 687 hoc
1350 629 1479 687 carmine

205 713 246 800 (v.
269 713 307 800 1),
331 739 389 778 non
413 719 564 777 Aetnaeus
587 717 710 795 dicitur,
734 717 843 777 indicio
867 735 930 776 esse
954 717 1073 777 videtur
1094 718 1150 776 hoc
1173 737 1291 776 carmen
1315 722 1384 775 ante
1408 718 1440 778 P.
1460 736 1479 794 1,

202 828 262 884 quo
291 828 342 866 rex
369 807 487 866 nomine
511 807 636 866 Aetnaei
665 807 776 865 famam
804 806 887 864 urbis
915 825 1011 882 nuper
1038 806 1174 865 conditae
1203 806 1376 881 illustravit,
1401 825 1478 864 com·

206 897 339 973 positum
373 916 442 955 esse.
499 895 557 954 Sed
588 896 657 954 huic
690 898 867 973 argumento
900 915 936 953 ne
969 915 1023 973 ego
1057 895 1176 971 quidem
1208 896 1337 952 multum
1369 895 1479 971 tribuo,

204 985 447 1062 quandoquidem
479 984 571 1043 Hiero
600 982 777 1060 Olympiade
802 986 840 1042 77
867 984 964 1042 denuo
994 984 1216 1058 Syracusanum
1250 1003 1279 1042 se
1312 983 1478 1042 renuntiari

203 1075 300 1132 iussit.
337 1075 442 1150 Neque
461 1072 651 1131 dissidiorum
674 1073 752 1131 inter
775 1092 876 1150 regem
894 1076 925 1132 et
943 1076 1064 1148 poetam
1083 1071 1261 1149 significatio
1280 1063 1341 1151 (vv.
1359 1064 1478 1154 ιιι-ιιι)

204 1164 241 1221 ad
270 1163 476 1239 quaestionem
504 1161 743 1239 chronologicam
771 1161 967 1220 dirimendam
990 1162 1119 1219 multum
1143 1161 1232 1221 valet.
1278 1161 1324 1219 lla
1347 1161 1425 1219 enim
1448 1164 1479 1219 et

205 1254 274 1310 ante
298 1252 356 1310 iter
379 1252 612 1327 Syracusanum,
637 1250 790 1308 simultate
819 1251 897 1309 inter
924 1250 1084 1309 Hieronem
1112 1253 1142 1308 et
1168 1249 1342 1325 Polyzelum
1370 1250 1478 1308 Thero-

203 1360 330 1416 nemque
360 1341 506 1417 flagrante
530 1331 580 1418 (cf.
601 1330 783 1418 O.11arg.),
814 1359 829 1397 e
873 1342 942 1414 post
971 1339 1035 1397 eius
1065 1339 1208 1416 reditum,
1241 1338 1418 1414 llacchylide
1448 1338 1479 1396 in

205 1429 349 1488 maiorem
377 1429 505 1506 gradum
532 1428 648 1505 gratiae
676 1426 756 1502 apud
783 1427 943 1486 Hieronem
972 1430 1086 1505 evecto,
1122 1427 1209 1486 facile
1238 1427 1310 1486 oriri
1339 1430 1480 1503 poterant

205 1510 257 1597 (cf.
276 1518 366 1577 schol.
386 1518 419 1575 P.
440 1536 462 1574 11
483 1512 557 1597 131).
603 1516 662 1574 Sed
688 1515 883 1591 praecipuum
911 1520 1123 1594 argumentum
1150 1515 1306 1592 Boeclrhii,
1337 1536 1371 1574 ex
1402 1534 1479 1574 com·

204 1606 418 1666 memoratione
442 1605 574 1665 civitatis
596 1605 759 1664 Locrorum
782 1623 800 1663 a
823 1604 963 1680 superbia
985 1605 1175 1664 inimicorum
1197 1605 1341 1663 liberatae
1366 1598 1406 1685 (v.
1431 1595 1479 1685 18)

204 1695 342 1773 ductum,
366 1714 384 1753 a
407 1694 523 1753 nemine
551 1695 713 1752 infractum
736 1711 799 1752 esse
823 1694 977 1753 contendo.
1022 1693 1101 1753 Nam
1124 1713 1192 1752 cum
1215 1694 1409 1770 Anaxilaum,
1433 1696 1479 1768 ty-

205 1804 334 1842 rannum
365 1783 486 1861 Rhegii,
511 1782 557 1841 01.
579 1784 632 1859 76,
654 1786 668 1839 1
694 1802 733 1866 pe
756 1801 840 1841 arma
866 1782 969 1841 Locris
996 1782 1121 1842 inferret
1148 1782 1236 1841 minis
1263 1782 1402 1840 Hieronis
1431 1782 1479 1840 de·

204 1874 343 1932 territum
362 1890 425 1931 esse
439 1871 626 1948 eundemque
645 1871 736 1946 paulo
754 1875 824 1946 post
837 1871 902 1929 vita
920 1871 1079 1931 decessisse
1098 1864 1417 1951 constet(v.Diod.x1
1436 1880 1479 1947 48,

204 1962 294 2021 schol.
309 1963 367 2022 P.1
387 1972 428 2019 99.
449 1979 471 2018 ιι
490 1952 548 2040 34),
572 1961 627 2019 hoc
650 1979 768 2018 carmen
788 1979 846 2019 non
865 1964 934 2036 post
952 1979 1065 2019 annum
1084 1955 1183 2038 476s5
1203 1980 1229 2019 a.
1249 1960 1315 2017 Chr.
1336 1960 1480 2035 scriptum

204 2070 267 2110 esse
291 2071 345 2126 pro
369 2054 449 2109 certo
472 2069 560 2125 pono.
596 2049 681 2119 Quod
705 2048 730 2106 si
753 2054 867 2107 certum
890 2053 943 2126 est,
968 2050 1096 2107 alterum
1119 2049 1182 2108 veri
1206 2049 1301 2107 simile
1325 2066 1388 2107 esse
1412 2068 1480 2107 con·

204 2140 350 2215 sequitur,
374 2138 548 2214 calumnias,
572 2138 681 2214 quibus
705 2137 852 2196 Pindarus
875 2137 912 2196 ab
932 2137 1038 2197 aulicis
1061 2137 1200 2196 Hieronis
1219 2156 1249 2196 se
1268 2137 1398 2213 petitum
1417 2155 1479 2196 esse

204 2228 368 2305 significat,
396 2227 553 2286 cohaerere
580 2245 649 2285 cum
676 2226 841 2285 inimicitiis
868 2227 947 2286 inter
973 2227 1132 2287 Hieronem
1162 2231 1192 2286 et
1220 2226 1386 2285 Theronem
1414 2231 1480 2283 tum

206 2317 334 2375 maxime
356 2316 563 2393 flagrantibus,
609 2315 688 2373 Nam
716 2334 784 2374 cum
807 2315 954 2373 Pindarus
977 2316 1085 2375 intima
1107 2315 1313 2374 familiaritate
1338 2314 1481 2373 Theronis

204 2407 328 2481 eiusque
357 2404 455 2482 gentis
482 2407 620 2481 uteretur
646 2407 677 2462 et
703 2404 735 2461 in
762 2403 892 2462 carmine
917 2402 950 2463 0.
970 2422 992 2461 11
1016 2407 1118 2480 aperte
1147 2423 1177 2464 se
1206 2405 1270 2463 eius
1298 2403 1427 2462 amicum
1450 2406 1481 2461 et

205 2495 355 2553 fautorem
384 2493 536 2568 professus
567 2494 656 2570 esset,
677 2492 719 2549 'in
749 2492 820 2550 aula
849 2491 988 2551 Hieronis
1012 2492 1159 2551 exstitisse
1183 2491 1336 2569 probabile
1360 2495 1405 2550 est
1429 2491 1481 2567 qui

205 2582 284 2660 regis
308 2582 442 2640 animum
465 2581 503 2640 ad
527 2580 710 2656 suspiciones
733 2599 862 2656 pronum
885 2581 977 2640 etiam
1000 2582 1096 2659 magis
1115 2581 1308 2660 exagitarent.
1346 2580 1403 2640 Sed
1422 2599 1480 2638 non

204 2670 310 2730 vicisse
342 2671 416 2730 istos
449 2671 677 2747 obtrectatores,
707 2670 759 2728 sed
787 2689 887 2747 regem
917 2670 1035 2729 reiectis
1065 2671 1192 2729 istorum
1221 2669 1380 2730 calumniis
1411 2669 1481 2726 Pin-

205 2760 322 2819 daricae
354 2760 458 2818 Musae
491 2760 624 2818 favorem
654 2758 825 2836 ambivisse,
855 2758 911 2818 hoc
940 2759 1038 2836 ipsum
1069 2778 1188 2818 carmen
1218 2759 1396 2817 documento
1427 2761 1480 2817 est.

208 2849 274 2918 Qua
301 2849 336 2907 de
360 2867 451 2908 causa
473 2868 528 2926 ego
552 2849 608 2907 hoc
631 2867 750 2906 carmen
772 2850 842 2923 post
865 2846 898 2907 Ο.
918 2866 941 2905 ιι
963 2868 1031 2907 vere
1054 2847 1125 2906 anni
1149 2851 1223 2926 475,
1253 2866 1313 2923 quo
1336 2847 1481 2906 Heraclea

206 2938 348 2997 Thebana
372 2938 538 3015 agebantur
561 2929 603 3016 (v.
623 2936 701 2996 Prol.
721 2928 798 3015 xor),
822 2936 967 3012 scriptum
990 2940 1021 2996 et
1039 2937 1147 2996 Thebis
1171 2937 1334 3012 Syracusas
1357 2936 1481 2995 missum

205 3044 267 3084 esse
291 3030 386 3084 teneo.

294 3115 328 3172 In
348 3113 499 3190 prooemio
518 3117 608 3189 poeta
626 3113 768 3172 nuntium
782 3134 812 3173 se
832 3114 907 3172 ferre
926 3114 1000 3173 dicit
1017 3114 1160 3174 victoriae
1180 3115 1334 3193 quadrigis
1354 3115 1390 3173 ab
1410 3114 1481 3173 Hie·

206 3223 276 3263 rone
295 3205 400 3279 partae
420 3194 546 3283 (1-1a)‚
570 3221 659 3277 quem
681 3205 718 3260 ut
741 3201 881 3278 Cinyram
905 3203 976 3262 olim
996 3222 1014 3261 a
1035 3203 1160 3281 Cypriis,
1184 3204 1225 3263 sic
1245 3223 1324 3263 nunc
1343 3223 1361 3263 a
1379 3202 1481 3262 Locris

205 3293 372 3370 virginibus
385 3293 508 3369 gratum
522 3291 655 3349 animum
670 3290 902 3350 testificantibus
917 3291 964 3367 pie
979 3293 1145 3368 praedicari
1160 3285 1303 3372 (rs—20).
1324 3292 1390 3362 Qua
1404 3292 1435 3349 in
1449 3312 1481 3351 re

207 3401 275 3441 cum
292 3382 403 3440 Locros
421 3379 587 3455 consilium,
607 3379 687 3455 quod
706 3379 792 3439 Ixion
810 3383 893 3439 rotae
917 3380 1053 3458 illigatus
1076 3382 1254 3441 mortalibus
1273 3382 1387 3440 dedisse
1407 3383 1480 3440 fere-

206 3471 305 3548 batur,
329 3470 414 3546 sequi
438 3469 561 3527 dixisset
584 3461 728 3549 (al—24),
752 3468 812 3527 iam
835 3469 945 3527 transit
968 3470 1005 3528 ad
1028 3470 1164 3528 fabulam
1183 3470 1218 3529 de
1237 3470 1339 3530 Ixione
1358 3489 1480 3528 narran-

207 3560 283 3637 dam,
306 3559 359 3635 qui
378 3558 458 3634 quod
476 3556 629 3633 parricidii
648 3558 744 3617 scelus
763 3558 959 3617 commisisset
977 3560 1008 3616 et
1025 3577 1148 3617 uxorem
1170 3559 1249 3618 lovis
1272 3559 1383 3617 nefarie
1404 3559 1480 3634 peti-

209 3648 288 3725 isset,
303 3668 338 3706 ex
352 3647 430 3705 nube
447 3646 570 3705 Iunonis
590 3646 715 3705 formam
735 3645 855 3704 imitata
874 3647 1033 3705 immanem
1052 3647 1166 3723 prolem
1182 3649 1324 3707 Centauri
1342 3649 1481 3726 genuerit

207 3741 237 3794 et
259 3740 328 3812 post
350 3740 477 3795 mortem
499 3735 684 3813 gravissimis
713 3735 815 3810 poenis
843 3735 874 3793 in
899 3734 974 3794 Orco
999 3735 1154 3813 affligatur
1177 3729 1320 3818 (au-48).
1367 3736 1480 3794 Deinde

206 3825 286 3883 lovis
314 3824 484 3902 maiestate,
513 3843 590 3900 quae
618 3824 649 3881 in
677 3823 732 3884 hac
760 3843 880 3900 quoque
908 3824 1012 3883 fabula
1039 3825 1200 3900 conspicua
1228 3826 1299 3902 fuit,
1328 3825 1480 3900 splendide

207 3914 360 3971 illustrata
383 3914 473 3989 poeta
496 3932 526 3972 se
550 3932 569 3972 a
591 3913 707 3988 probris
735 3913 892 3972 abhorrere
920 3916 1071 3972 asseverat
1099 3916 1130 3971 et
1156 3914 1193 3972 ad
1222 3914 1347 3973 encomii
1375 3913 1479 3972 carmi-

206 4002 252 4059 nis
276 4020 385 4060 munus
413 4001 546 4062 oratione
574 4002 682 4061 reflexa
705 4001 844 4060 Hieronis
868 4021 938 4078 opes
962 4021 1030 4061 cum
1053 4001 1165 4061 virtute
1189 4002 1364 4061 coniunctas
1386 4001 1480 4080 insig-

207 4092 284 4149 niter
313 4090 419 4149 laudat
448 4110 576 4167 eumque
606 4093 685 4168 orat,
715 4093 752 4147 ut
780 4091 883 4149 Musae
913 4091 1024 4150 donum
1055 4091 1150 4149 instar
1173 4091 1352 4151 Phoenissae
1375 4091 1481 4149 mercis

207 4180 330 4238 missum
348 4179 475 4257 benigne
495 4178 623 4256 accipiat
642 4182 673 4238 et
690 4178 799 4237 fidibus
817 4179 971 4238 succinens
990 4180 1140 4258 agendum
1159 4184 1244 4239 curet
1261 4172 1405 4262 (49—71).
1432 4180 1481 4240 Sic

207 4269 333 4343 epinicio
353 4270 484 4344 perfecto
503 4269 534 4326 in
553 4270 685 4327 extrema
698 4271 784 4344 parte
798 4260 934 4349 (la-96)
949 4269 1097 4347 carminis,
1117 4289 1209 4345 quam
1224 4271 1256 4327 in
1269 4269 1368 4328 media
1386 4270 1480 4345 epodo

208 4358 335 4432 incipere
359 4357 483 4434 mireris,
508 4376 592 4416 suam
616 4374 738 4415 oausam
760 4359 850 4432 poeta
873 4357 948 4435 egit,
972 4358 1222 4434 familiariterque
1255 4378 1323 4418 cum
1351 4359 1480 4419 Hierone

207 4448 379 4522 colloquens
407 4449 508 4505 monet
535 4466 616 4523 eum,
643 4449 680 4503 ut
707 4449 801 4504 semet
829 4446 892 4521 ipse
916 4452 1077 4523 cognoscat
1099 4468 1173 4507 neve
1196 4448 1404 4508 adulatoribus
1428 4467 1480 4507 au-

206 4555 268 4593 rem
291 4535 446 4612 praebeat,
477 4534 577 4610 ipsum
599 4535 637 4593 ab
660 4537 881 4593 assentatorum
905 4536 1061 4595 fraudibus
1084 4537 1172 4615 longe
1197 4538 1363 4615 abhorrere,
1386 4537 1480 4596 homi·

207 4645 274 4684 nem
297 4643 431 4683 veracem
455 4623 486 4682 in
509 4623 591 4682 omni
613 4623 709 4682 forma
727 4623 771 4683 rei
789 4624 926 4699 publicae
947 4625 1097 4684 adulatori
1115 4630 1267 4702 praestare
1287 4631 1402 4705 ratum3
1426 4645 1481 4686 sua

207 4716 286 4772 sorte
310 4715 484 4773 contentum
503 4730 534 4770 se
553 4732 612 4771 non
633 4711 742 4771 altiora
765 4717 867 4789 petere
890 4733 985 4789 neque
1009 4718 1113 4774 contra
1136 4716 1293 4775 stimulum
1316 4717 1480 4794 calcitrare,

207 4803 352 4863 honorum
375 4802 454 4862 enim
476 4800 691 4862 consuetudine
714 4804 750 4859 ut
772 4802 900 4879 fruatur,
924 4803 979 4862 sibi
1003 4804 1090 4864 unice
1113 4805 1195 4864 cordi
1218 4823 1289 4865 esse.
