3406 5378
208 287 275 353 346
680 291 828 341 PINDARI
846 290 1011 343 amnicis.

289 454 379 517 ἔστιν
402 450 433 517 δ’
459 451 601 536 ἀφάνεια
624 452 725 536 τύχας
748 449 803 517 καί
825 450 1054 537 μαρναμένων,
1312 448 1390 516 ’Era
1411 446 1459 532 γ’.

222 576 256 623 5ο
289 559 369 645 πρὶν
391 558 483 637 τέλος
505 561 609 644 ἀκρον
632 559 776 649 ίιιέσθαι·

288 678 356 732 τῶν
378 690 411 731 τε
434 667 498 751 γάρ
521 665 575 732 καί
598 678 666 731 τῶν
689 668 786 732 διδοῖ.
1480 680 1514 729 55

289 771 344 838 καί
366 771 514 860 κρέσσον’
543 772 677 859 ἀνδρῶν
700 778 860 859 χειρόνων

209 890 265 956 (35)
284 883 405 965 ἔσφαλε
422 879 520 964 τέχνα
537 879 791 967 καταμάρψαισ’.
823 887 890 945 ίστε
913 881 980 964 μάν
999 886 1142 956 Λίαντος
1160 880 1279 964 ἀλκάν,
1300 881 1460 966 φοίνιον

1057 989 1118 1053 τάν
1140 988 1220 1074 ὀψίᾳ

290 1078 326 1143 ἐν
348 1075 443 1143 νυκτὶ
466 1079 579 1163 ταμὼν
601 1076 676 1164 περί
698 1085 747 1167 ίςό
1480 1092 1515 1140 σο

341 1185 500 1274 φασγάνῳ
520 1186 657 1269 μομφάν
675 1184 721 1270 ἔχ’
743 1185 778 1250 ἐν
796 1187 970 1250 παίδεσσιν
989 1185 1164 1267 Ἑλλάνων,
1183 1184 1256 1249 ὅσοι
1279 1181 1456 1271 Τρῴανδ’

1056 1295 1144 1376 ἔβαν.

1288 1509 1382 1592 Στρ.
1406 1504 1456 1570 δ’.

223 1630 257 1679 55
289 1613 362 1679 ἀλλ’
379 1613 521 1701 Ὅμηρός
544 1640 594 1681 τοι
618 1618 787 1699 τετίμακεν
810 1613 852 1679 δι’
881 1614 1083 1702 ἀνθρώπων,
1107 1613 1144 1690 ὃς
1165 1612 1270 1677 αὐτοῦ

289 1732 399 1788 πᾶσαν
421 1722 590 1808 ὀρθώσαις
612 1722 732 1808 ἀρετάν
755 1724 836 1786 κατὰ
859 1722 985 1807 ῥάβδον
1009 1724 1153 1807 ἔφρασεν
1475 1737 1513 1785 65

290 1832 476 1894 θεσπεσίων
499 1828 603 1894 ἕπε’ων
626 1834 754 1904 λοιποῖς
777 1827 926 1914 ἀθύρειν.

210 1946 266 2011 (ιο)
289 1945 386 2001 τοῦτο
410 1937 472 2021 γάρ
497 1935 668 2002 ἀθάνατον
691 1945 825 2020 φωνᾶεν
847 1934 952 2021 ἕρπει,

210 2135 422 2144 ...---.--.-.

282 2262 324 2309 50.
344 2255 433 2323 ἀκρον
447 2272 499 2309 om.
514 2256 542 2310 B
556 2288 590 2295 —
609 2264 651 2310 51.
671 2257 748 2309 διδοῖ
759 2254 835 2318 τίλος
849 2255 918 2323 BD,
937 2253 1013 2317 τέλος
1031 2255 1097 2309 eiee.
1113 2254 1207 2323 Tricl3
1228 2256 1318 2309 τῶνδε
1337 2254 1400 2325 γὰρ
1421 2259 1508 2312 eaeor

210 2325 286 2390 τέλος
309 2327 350 2381 οδ.
371 2326 445 2381 Crat.
465 2329 494 2381 et
517 2326 630 2382 Schmid
649 2359 682 2368 -
710 2332 751 2380 53.
778 2324 861 2397 τέχνα
886 2327 927 2382 D:
953 2325 1037 2400 τέχνᾳ
1055 2329 1083 2383 Β
1103 2358 1134 2366 -
1155 2324 1373 2396 ιιαταμάρψαισ’
1397 2328 1505 2384 codd:

211 2402 394 2469 ναταμάρψαι
419 2415 453 2452 ex
476 2397 589 2452 scholiis
613 2399 766 2452 Mommsen
790 2398 852 2454 ooll.
871 2398 901 2453 P.
920 2418 948 2452 ιν
967 2416 1005 2453 ιιι·
1024 2430 1057 2438 -
1077 2397 1133 2467 μάν
1155 2399 1182 2451 Β
1189 2422 1194 2453 :
1220 2398 1267 2451 καί
1291 2397 1322 2451 D
1341 2430 1379 2438 —
1402 2398 1506 2455 ἀλιιάν

211 2468 337 2540 φοίνιον,
365 2469 417 2524 τάν
446 2466 515 2544 ὀψίᾳ
542 2469 627 2541 vulgo
651 2469 915 2538 interpungebatur‚
938 2469 1191 2540 interpunctionem
1220 2468 1340 2522 correxit
1371 2470 1505 2541 Madvig

211 2541 361 2667 Αδνὲοιδί.
381 2556 449 2596 11⁸8
474 2572 509 2581 —
537 2546 578 2595 54.
608 2539 649 2611 ἔχ’
677 2539 708 2594 ἐν
735 2540 805 2594 coni.
831 2540 939 2610 Bergk:
968 2541 1024 2612 ἔχει
1052 2541 1131 2595 codd.
1159 2573 1191 2581 -
1219 2537 1372 2595 παίδευσιν
1401 2543 1436 2597 D
1464 2574 1503 2584 -

211 2620 253 2668 68.
287 2633 353 2682 ρποι
371 2614 401 2668 D
419 2644 452 2653 —

282 2832 324 2880 49.
344 2826 392 2881 καί
411 2824 606 2896 μαρναμένων·
627 2829 659 2879 ut
677 2825 777 2880 ceteris
791 2825 820 2878 in
834 2827 926 2894 rebus,
946 2826 984 2880 sie
1000 2826 1086 2882 etiam
1100 2825 1129 2879 in
1144 2825 1344 2881 certaminibus
1360 2825 1501 2883 incertus

211 2897 303 2952 exitus
317 2898 447 2952 fortunae
467 2901 510 2952 est
528 2929 562 2937 -
582 2903 622 2951 51.
643 2907 697 2951 τῶν
713 2941 717 2951 .
735 2942 739 2951 .
757 2942 762 2952 ,
777 2898 864 2952 didos·
885 2899 966 2952 modo
987 2899 1182 2963 secundorum,
1200 2897 1283 2951 modo
1302 2897 1500 2954 adversorum

210 2969 320 3037 aliquid
339 2969 390 3023 dat
408 2968 546 3036 Fortuna,
566 2968 696 3022 videntur
716 2969 915 3038 Cleonymidae
935 2969 1063 3024 ludorum
1085 2988 1225 3024 sacrorum
1244 2968 1404 3023 certamina
1424 2971 1499 3026 obc-

210 3044 293 3095 untes
310 3040 435 3110 palmam
454 3040 502 3093 diu
521 3056 576 3093 non
595 3040 737 3094 consecuti
756 3057 829 3107 esse,
854 3041 938 3110 idque
962 3041 1086 3096 iudicum
1104 3040 1262 3109 iniquitate.
1300 3039 1346 3093 Sic
1366 3041 1449 3095 enim
1471 3044 1498 3097 si

211 3111 374 3178 statuimus,
398 3110 497 3165 melius
521 3127 570 3164 cur
592 3110 718 3165 fabulam
738 3111 772 3165 de
791 3112 877 3167 Aiace
895 3112 999 3181 iniquis
1023 3112 1163 3183 suffragiis
1187 3127 1319 3182 oppresso
1337 3116 1428 3180 poeta
1449 3113 1497 3168 in·

211 3182 344 3251 texuerit,
367 3181 543 3252 intellegitur
561 3214 594 3222 -
615 3187 656 3237 52.
675 3181 821 3253 χειρόνων·
845 3183 949 3253 plurali
971 3187 1036 3254 post
1054 3183 1224 3253 singularem
1243 3183 1381 3252 κρέσσονα
1401 3190 1498 3253 poeta

212 3272 278 3309 usus
306 3256 363 3322 est,
391 3253 466 3322 quod
495 3253 554 3308 eius
583 3253 670 3307 menti
697 3254 754 3308 iarn
782 3255 984 3310 obversabatur
1010 3255 1127 3325 pluralis
1155 3257 1255 3317 παῖδες
1278 3253 1425 3309 Ἑλλάνων
1457 3288 1495 3298 -

211 3331 252 3380 bb.
273 3322 387 3395 φοίνιον
401 3342 465 3377 eum
479 3324 597 3379 relativa
612 3326 751 3380 sententia
767 3325 991 3396 coniungendam
1006 3344 1066 3382 esse
1081 3326 1221 3380 intellexit
1235 3324 1399 3396 Madvigius
1414 3327 1493 3383 adv.

211 3397 271 3452 crit.
287 3417 297 3449 1
313 3413 351 3451 ise
364 3428 400 3436 —
413 3393 484 3470 δψίρι
499 3397 529 3451 ἐν
543 3396 636 3451 νυκτί·
657 3396 755 3452 schol:
775 3406 832 3461 τοῖς
846 3397 876 3452 sl
892 3399 941 3453 τδν
960 3398 1067 3466 ὄρθρον
1086 3399 1218 3452 ἀκούουσι
1239 3399 1286 3452 καί
1304 3395 1339 3450 τά
1358 3398 1420 3451 ἀπὸ
1440 3407 1496 3469 τῆς

211 3469 334 3537 ἱστορίας
349 3467 476 3541 συνᾴδει·
496 3467 511 3523 δ
526 3468 579 3538 μάρ
592 3468 644 3538 τὴν
658 3469 812 3523 Αἰθιοπίδα
829 3469 946 3539 γράφων
959 3471 1022 3537 περί
1037 3469 1086 3523 τὸν
1101 3469 1208 3538 ὄρθρον
1227 3469 1295 3537 φησί
1314 3470 1362 3523 τὸν
1378 3468 1495 3525 Αἴαντα

212 3540 313 3595 ἑαυτὸν
331 3540 442 3594 ἀνελεῖν
462 3572 493 3579 -
515 3546 556 3594 54.
583 3539 698 3611 μομφάν
718 3539 791 3610 ἔχεν·
812 3540 841 3594 in
860 3541 977 3595 infamia
995 3544 1056 3595 erat
1075 3541 1149 3611 apud
1169 3557 1264 3595 omnes
1279 3540 1402 3595 Graecos
1419 3546 1494 3596 ante

212 3611 337 3678 Troiam,
357 3611 432 3679 quod
450 3610 510 3680 ipse
529 3615 646 3666 mortem
665 3611 720 3666 sibi
739 3613 906 3667 consciverit
924 3616 951 3667 et
971 3617 1063 3666 mente
1087 3617 1186 3683 eaptus
1209 3611 1311 3665 arietes
1334 3628 1385 3681 pro
1409 3612 1492 3681 prin·

212 3682 321 3752 cipibus
336 3681 504 3737 Graecorum
519 3683 699 3743 mactaverit:
719 3683 784 3738 huic
803 3683 936 3737 infamiae
951 3686 1101 3755 opponitur
1115 3684 1210 3750 honos,
1230 3700 1285 3751 quo
1300 3683 1336 3736 ab
1353 3681 1492 3754 Homero,

211 3770 295 3822 quem
314 3771 369 3807 non
386 3754 477 3809 solum
490 3754 588 3808 Iliadis
603 3755 651 3808 sed
666 3755 753 3809 etiam
768 3755 943 3825 Aethiopidis
959 3759 1101 3810 auctorem
1115 3754 1201 3808 fuisse
1216 3754 1352 3808 Pindarus
1367 3753 1492 3824 eiusque

212 3824 344 3893 aequales
363 3826 523 3895 credebant,
543 3825 659 3880 affectus
679 3831 729 3880 est.
767 3826 897 3880 Patiendi
916 3831 1010 3881 autern
1030 3826 1087 3879 vim
1106 3826 1197 3880 verbis
1216 3825 1322 3895 μέμψιν
1341 3823 1416 3894 ἔχειν
1436 3826 1491 3881 tri-

212 3898 333 3951 buerunt
357 3897 456 3966 etiam,
482 3900 514 3950 ut
539 3897 609 3952 scite
628 3897 764 3967 Bergkius
783 3898 899 3966 monuit,
917 3898 984 3952 Euri
1006 3943 1011 3953 .
1031 3898 1141 3952 Herael.
1160 3914 1198 3952 en
1218 3896 1322 3983 πολλὴν
1345 3894 1392 3962 ἄρ’
1415 3895 1492 3963 ἕξεις

211 3967 326 4038 μέμψιν,
347 3969 372 4023 εί
390 3968 502 4037 δράσεις
515 3968 592 4036 τάδε,
612 3971 641 4022 et
657 3969 726 4023 lsae.
741 3988 768 4021 xi
783 3985 808 4023 aa
828 3968 939 4033 είιιότως
962 3918 1013 4039 μίν
1036 3970 1086 4023 οὐκ
1106 3967 1142 4022 ἀν
1162 3968 1250 4039 ἔχοιμι
1269 3979 1383 4037 μεμψιν,
1403 3968 1429 4021 εί
1448 3970 1490 4059 μὴ

211 4041 354 4111 τάμαυτοῦ
373 4036 543 4108 προστίθημι
561 4040 677 4106 τούτοις,
697 4041 789 4105 σώζων
804 4039 835 4094 dt·
851 4040 885 4094 τά
904 4041 1010 4096 τούτων
1028 4043 1077 4095 καὶ
1094 4038 1178 4094 πλείω
1196 4048 1295 4103 ποιῶν,
1314 4034 1429 4102 δικαίως
1449 4062 1491 4095 αν

213 4111 387 4181 ἐπαινοίμην,
408 4127 578 4181 quamquam
597 4111 661 4165 Eur.
678 4111 781 4165 Phoen.
803 4128 841 4165 ιιι
855 4114 884 4165 et
899 4112 996 4166 Aesch.
1012 4112 1101 4167 Prom.
1115 4129 1155 4167 ιι5
1170 4111 1261 4166 eidem
1276 4109 1413 4165 locutioni
1428 4111 1490 4165 vim

213 4183 322 4237 crimini
338 4182 402 4236 aliis
416 4181 544 4236 vertendi
559 4182 778 4253 adsignaverunt
794 4215 826 4222 -
843 4189 884 4238 56.
903 4183 988 4251 iunge
1006 4183 1078 4238 κατὰ
1093 4180 1200 4255 ῥάβδον
1214 4183 1372 4237 θεσπεσίων
1387 4181 1491 4251 ἐπέων,

213 4256 248 4307 ad
269 4256 409 4324 sceptrum
435 4253 592 4308 divinorum
612 4254 772 4319 verbonrm,
796 4253 813 4307 i.
834 4271 856 4308 e.
876 4255 950 4322 quod
970 4255 1127 4308 divinarum
1148 4254 1308 4308 fabularum
1326 4256 1490 4309 narratores

211 4343 297 4378 manu
315 4326 462 4393 tenebant3
483 4325 585 4380 etenim
602 4325 616 4378 ὁ
631 4324 702 4378 κατά
718 4321 824 4394 ύάβδον
838 4325 952 4394 φράζων
971 4344 1007 4397 op
1018 4326 1116 4381 ›ositus
1135 4329 1178 4379 est
1196 4331 1232 4379 τῶ
1252 4324 1323 4378 κατά
1343 4323 1490 4394 φόρμιγγα

212 4395 344 4450 ἀείδοντι.
382 4396 453 4449 Exin
479 4401 586 4459 λοιποῖς
604 4397 726 4465 ἀθύρειν
745 4398 781 4450 ab
801 4396 923 4465 ἔφρασεν
941 4346 1057 4467 pernici,
1081 4402 1112 4452 ut
1136 4382 1221 4467 supni
1239 4416 1264 4450 v.
1287 4414 1311 4449 ιο
1330 4395 1489 4450 infinitivus

211 4466 313 4534 τρέψαι
333 4484 350 4519 a
368 4466 480 4520 nomine
499 4477 595 4537 μοῖραι
616 4468 751 4522 Homerus
770 4467 871 4521 futuris
890 4468 1036 4539 rhapsodis
1051 4469 1162 4551 praeiit,
1177 4473 1208 4521 ut
1227 4467 1291 4521 lusu
1301 4466 1416 4555 poetico
1431 4467 1489 4521 vir-

150 4551 152 4554 ’
212 4541 286 4592 tutes
305 4537 399 4592 Aiacis
419 4542 559 4593 canerent.
587 4539 641 4592 Vix
660 4539 734 4593 enim
754 4539 795 4593 ita
813 4539 899 4592 verba
914 4541 1031 4595 traicere
1046 4542 1120 4610 licet,
1140 4542 1172 4593 nt
1185 4539 1257 4593 κατὰ
1272 4535 1379 4610 ρἀβδον
1398 4555 1416 4591 a
1435 4556 1490 4595 suo

211 4610 296 4663 verbo
317 4609 439 4677 ἔφρασεν
458 4610 624 4665 divellamur
644 4615 672 4664 ct
691 4629 752 4664 curn
773 4612 879 4664 remoto
892 4612 977 4665 verbo
992 4613 1113 4680 ἀθύρειν
1127 4611 1337 4681 coniungamus.
1366 4609 1491 4665 Videtur

212 4680 221 4733 i
244 4680 298 4734 'tur
321 4681 459 4735 Pindarus
486 4682 537 4736 hoe
562 4682 624 4735 loco
650 4686 790 4752 sceptrum
813 4677 952 4753 ((ίάβδον),
975 4683 1050 4751 quod
1074 4683 1212 4737 Hesiodus
1237 4700 1271 4747 (v.
1288 4683 1381 4749 tlreog.
1401 4686 1439 4751 ao)
1458 4686 1492 4738 et

239 4752 380 4807 omeridae
399 4753 543 4823 gerebant,
563 4753 620 4807 iam
638 4753 767 4822 Homero,
786 4753 896 4823 parenti
916 4755 1012 4825 opicae
1030 4754 1135 4825 poesis,
1155 4753 1318 4809 attribuisse
1338 4786 1369 4794 -
