3406 5378
718 354 877 405 01111111
895 354 930 404 n.
1419 353 1461 416 15

181 523 361 599 argumenta
383 522 474 595 poeta
497 519 634 595 inprimis
658 520 767 594 petivit
788 521 825 578 ab
845 519 925 577 iusto
944 518 1088 596 regimine
1106 519 1200 577 divini
1220 520 1360 595 numinis,
1381 521 1461 596 quod

181 614 212 669 et
239 610 268 667 in
297 610 352 667 hac
379 610 460 666 terra
487 608 576 667 rebus
604 609 742 666 humanis
766 628 860 684 aeque
889 608 1058 666 consuleret
1087 612 1117 665 et
1140 609 1176 665 dc
1204 610 1330 668 mortuis
1357 628 1460 668 severa

181 699 292 757 iudicia
320 700 476 757 exerceret.
521 698 556 756 In
584 699 736 773 prooemio
765 718 800 756 ex
827 697 922 755 tribus
950 696 1188 772 laudationibus,
1211 697 1291 756 Iovis
1314 698 1460 773 praesidis

181 789 276 862 Pisae,
299 787 437 846 Herculis
459 787 622 846 conditoris
645 788 794 863 ludorum,
813 784 957 844 Theronis
980 785 1111 862 victoris,
1134 786 1256 844 tertiam
1279 807 1460 863 persequen-

181 877 250 935 dam
275 876 331 935 sibi
353 875 495 952 proponit
519 868 626 956 (l-a).
672 877 737 934 Iam
760 897 778 934 a
802 875 946 934 Theronis
970 874 1146 951 maioribus,
1175 875 1227 950 qui
1256 880 1324 950 post
1347 878 1459 935 multos

181 967 299 1025 labores
322 965 521 1042 Agrigentum
545 965 649 1023 urbem
676 965 881 1047 condiderint„
903 984 987 1023 orsus
1011 956 1138 1045 19-11),
1161 984 1215 1039 pro
1239 964 1343 1023 futura
1366 966 1459 1024 felici-

180 1058 244 1113 tate
268 1056 332 1113 eius
357 1053 421 1129 pias
445 1072 546 1129 preces
569 1054 683 1130 fundit,
713 1059 748 1112 ut
771 1054 950 1113 iniuriarum
974 1053 1080 1111 acerba
1103 1053 1247 1113 memoria
1270 1053 1460 1113 oblitteretur

181 1136 333 1224 (la-20),
356 1162 514 1202 aerumnas
538 1142 616 1200 enim
635 1144 813 1219 praeteritas
833 1142 982 1218 praesenti
1007 1142 1152 1201 felicitate
1171 1142 1251 1201 vinci
1270 1146 1300 1200 et
1319 1144 1459 1203 adversas

180 1253 228 1291 res
246 1233 382 1291 secundis
407 1232 436 1288 in
460 1231 525 1290 vita
545 1232 677 1290 humana
700 1232 809 1291 mixtas
833 1251 907 1308 esse,
932 1232 995 1289 eius
1018 1232 1062 1289 rei
1085 1232 1263 1291 documento
1286 1252 1349 1291 esse
1372 1252 1458 1292 casus

181 1322 311 1380 tiliarum
339 1320 442 1379 Cadmi
475 1324 506 1377 et
537 1322 602 1377 fata
634 1320 873 1380 Labdacidarum
897 1314 1040 1400 111--491,
1088 1320 1136 1379 811
1161 1321 1305 1379 Theronis
1338 1342 1458 1397 quoque

181 1411 316 1469 animum
334 1410 483 1485 praesenti
502 1410 647 1467 felicitate
664 1409 860 1469 victoriarum
879 1408 1105 1484 Olympicarum
1123 1410 1319 1486 Pythicarum
1339 1411 1457 1469 Isthmi·

181 1520 284 1559 carum
307 1499 344 1558 ab
375 1497 499 1556 tristitia
526 1497 620 1574 refici,
645 1518 705 1574 qua
728 1499 872 1557 felicitate
895 1498 981 1556 unice
1005 1518 1073 1556 eum
1097 1499 1221 1576 dignum
1245 1518 1323 1576 esse,
1346 1503 1381 1557 ut
1405 1500 1458 1575 qui

181 1589 295 1648 divitiis
318 1607 388 1647 cum
410 1587 522 1662 pietate
541 1588 662 1645 fruatur
680 1590 711 1645 et
729 1588 764 1646 <le
784 1587 872 1645 rebus
891 1587 1000 1645 divinis
1019 1587 1170 1662 sapienter
1188 1588 1300 1646 sentiat
1314 1581 1457 1669 (ao-6⁸2).

181 1679 253 1736 lnde
277 1682 412 1737 veterum
436 1676 617 1751 sapientium
640 1676 957 1754 Pythagoreorumque
981 1676 1124 1753 dogmata
1142 1677 1177 1734 de
1197 1677 1314 1736 animae
1338 1677 1457 1737 immor·

180 1768 299 1826 talitate
323 1770 413 1842 atque
440 1765 645 1843 palingenesia
671 1765 804 1840 exponit:
829 1784 931 1823 severa
957 1765 992 1823 de
1019 1765 1146 1823 mortuis
1172 1766 1252 1841 apud
1278 1766 1389 1824 inferos
1412 1767 1457 1823 iu·

179 1856 257 1914 dicia
280 1856 352 1932 fieri,
376 1854 454 1912 unde
478 1854 548 1912 boni
572 1854 660 1912 beata
684 1854 747 1912 vita
770 1855 919 1931 fruantur,
940 1854 1025 1929 impii
1051 1854 1122 1912 diris
1145 1854 1249 1929 poenis
1273 1855 1457 1933 affligantur,

180 1946 233 2021 qui
260 1948 362 2003 autern
389 1947 436 2001 ter
463 1944 525 2001 sine
553 1944 661 2001 scelere
689 1943 783 2002 vitam
807 1942 988 2020 peregerint,
1013 1943 1051 2001 ad
1074 1943 1188 2002 insulas
1211 1943 1380 2021 beatorum,
1405 1944 1455 2002 ubi

179 2035 285 2093 Peleus
310 2033 438 2091 Cadmus
461 2033 592 2091 Achilles
622 2033 745 2110 degant,
774 2033 961 2091 deducantur
989 2024 1132 2113 (61-91).
1179 2033 1243 2090 lam
1271 2053 1339 2091 cum
1369 2034 1397 2091 in
1423 2053 1457 2093 eo

179 2128 268 2199 poeta
292 2126 381 2199 esset,
404 2123 554 2180 attalem
577 2125 687 2181 sortem
711 2123 803 2179 etiam
826 2122 968 2198 Theroni,
998 2121 1109 2180 homini
1139 2122 1318 2199 iustissimo,
1349 2123 1457 2181 (1111111-

179 2216 279 2270 tnram
305 2230 368 2269 esse
397 2214 610 2288 auguraretur,
638 2211 676 2268 ab
705 2211 821 2269 arcanis
849 2210 938 2268 rebus
960 2211 1080 2286 longius
1108 2212 1321 2286 persequendis
1351 2230 1381 2269 so
1412 2232 1458 2270 re-

178 2305 267 2361 vocat
290 2304 381 2376 atque
415 2299 446 2356 in
478 2320 512 2359 eo
546 2300 724 2375 acquiescit,
757 2303 792 2357 ut
823 2300 941 2357 iuratus
967 2299 1111 2358 Theronis
1134 2299 1263 2358 virtutes
1286 2301 1459 2359 innumeras

178 2391 274 2448 instar
297 2390 478 2447 harenarum
502 2406 563 2447 cesse
587 2389 764 2463 pronuntiet
787 2380 949 2468 (aa-110).

266 2477 410 2538 Theronis
438 2478 469 2535 in
496 2477 639 2537 honorem
667 2478 815 2535 Pindarus
842 2480 961 2552 praeter
989 2476 1116 2551 epinicia
1150 2476 1183 2536 O.
1209 2498 1229 2535 11
1254 2481 1341 2536 11111
1364 2479 1457 2537 etiam

178 2568 343 2627 encomium
366 2567 461 2641 misit,
492 2566 575 2624 cuius
599 2566 729 2624 frustula
753 2567 878 2625 collecta
901 2566 991 2623 habes
1015 2567 1049 2625 fr.
1075 2578 1125 2624 lla
1149 2569 1180 2624 et
1205 2579 1262 2625 119.
1300 2568 1459 2627 Praeterea

178 2658 238 2716 iam
258 2676 335 2715 anno
355 2667 407 2713 494
427 2655 614 2730 Thrasybulo
634 2655 758 2731 eiusque
778 2655 858 2731 patri
875 2654 1043 2731 Xenocrati,
1063 2675 1152 2730 quern
1171 2656 1295 2714 fratrem
1315 2657 1459 2716 Theronis

177 2747 270 2805 fuisse
303 2764 394 2820 supra
431 2744 573 2822 diximus,
615 2745 772 2803 victoriam
802 2744 977 2819 Delphicam
1008 2745 1137 2803 carmine
1169 2745 1201 2805 P.
1225 2764 1257 2803 11
1286 2746 1458 2822 gratulatus

179 2838 252 2895 erat.
298 2835 363 2892 Iam
392 2837 461 2891 ante
486 2834 650 2893 Theronem
679 2854 714 2891 ex
742 2833 939 2909 optimatibus
963 2833 1082 2892 Siciliae
1107 2832 1247 2910 Olympia
1272 2834 1405 2892 vicerant
1428 2838 1459 2893 et

177 2925 371 2984 monumenta
394 2927 638 2983 consecraverant
668 2923 813 2981 Pantares
840 2923 1017 2981 Menecratis
1045 2921 1085 2980 fil.
1111 2923 1234 2999 Gelous,
1262 2923 1402 2982 Cleandri
1429 2928 1459 2982 et

177 3013 370 3095 Hippocrah's
393 3015 591 3087 tyrannorum
618 3016 704 3088 pater
736 3005 777 3092 (v.
801 3012 909 3071 Herod.
934 3030 977 3070 111
1003 3006 1081 3092 154),
1108 3012 1194 3070 cuius
1223 3012 1334 3071 titulus
1362 3031 1459 3088 nuper

180 3100 337 3178 Olympiae
368 3101 509 3160 inventus
533 3103 578 3160 est
601 3102 704 3181 (Arch.
728 3101 801 3158 Zeit.
830 3104 912 3160 1882
937 3121 965 3158 n.
988 3096 1065 3178 4111,
1090 3106 1120 3159 11
1143 3101 1238 3161 Gelon
1262 3101 1382 3178 (lelouS,
1406 3101 1459 3177 qui

178 3211 248 3250 eum
277 3189 323 3249 Ol.
345 3194 384 3250 73
406 3192 664 3251 Ξ48811111.
688 3190 820 3266 vicisset,
846 3209 971 3248 aeneum
999 3210 1118 3249 currmn
1147 3210 1165 3248 a
1194 3190 1320 3250 Glaucia
1344 3191 1460 3249 factum

178 3273 281 3360 (Arch.
306 3279 378 3340 Zeit.
406 3282 490 3340 1878
515 3301 542 3339 n.
563 3272 628 3359 191)
657 3278 813 3354 Olympiae
845 3279 994 3338 dedicavit
1022 3272 1274 3360 1191111114).
1321 3280 1457 3357 Denique

178 3369 256 3427 idern
275 3368 379 3445 Oelon,
397 3369 536 3427 Hieronis
555 3370 649 3427 frater
667 3368 770 3445 maior,
791 3368 967 3426 thesaurum
986 3367 1143 3444 Olympiae
1162 3368 1339 3446 aedificavit,
1360 3391 1458 3448 quem,

178 3459 258 3535 quod
272 3458 431 3517 manubias
446 3457 741 3535 Carthaginiensibus
756 3457 794 3515 ad
808 3456 952 3515 Himeran
967 3457 1115 3515 detractas
1134 3458 1313 3537 continebat,
1334 3458 1458 3518 (tartha-

180 3547 344 3625 giniensem
363 3547 557 3623 appellabant
575 3538 678 3628 (Paus.
698 3565 729 3605 vr
750 3559 790 3623 19,
812 3557 840 3624 7;
864 3547 900 3605 11.
923 3546 979 3605 Die
1003 3547 1243 3625 Ausgrabungen
1262 3568 1298 3605 zu
1318 3547 1459 3624 Olympia

181 3654 213 3695 11
232 3648 266 3695 35
285 3630 346 3719 sa),
371 3656 430 3712 quo
455 3637 595 3695 thesauro
614 3636 706 3694 etiam
724 3636 925 3711 antiquiorem
949 3635 1040 3693 fuisse
1064 3635 1155 3694 Gelae
1178 3637 1260 3694 urbis
1283 3637 1459 3697 thesaurum

183 3718 284 3806 (Paus.
299 3746 330 3784 vr
351 3737 391 3803 19,
414 3718 460 3807 lt)
484 3746 519 3784 en
542 3725 780 3785 architectouiois
803 3725 921 3783 indiciis
944 3724 1091 3800 eolligunt
1114 3718 1155 3805 (v.
1175 3725 1338 3803 Bdtticher,
1358 3725 1459 3801 Olym·

182 3807 378 3894 1111111111).

728 3942 772 4008 De
795 3942 917 4008 metris.

271 4085 417 4143 (terminis
435 4085 524 4142 huius
544 4084 660 4143 numeri
680 4088 749 4142 aunt
768 4083 912 4159 paeonici,
933 4082 1041 4158 quibus
1060 4082 1208 4140 similibus
1228 4082 1258 4139 in
1277 4082 1459 4140 carminibus

184 4172 217 4231 O.
234 4192 259 4232 11.
284 4174 316 4231 P.
339 4194 368 4233 1.
391 4174 538 4233 Pindarus
561 4193 633 4233 usus
658 4178 709 4233 est.
757 4174 898 4233 Oolorum
922 4172 953 4229 in
975 4172 1031 4231 hoc
1054 4191 1160 4249 genere
1185 4171 1351 4229 canninum
1374 4172 1459 4229 nulla

183 4261 243 4320 fere
266 4263 311 4320 vis
335 4266 392 4339 est,
420 4264 499 4322 unde
523 4284 558 4323 ea
581 4285 617 4322 ne
641 4264 772 4323 dividere
795 4262 916 4339 quidem
940 4280 1046 4335 operae
1070 4260 1199 4336 pretium
1223 4280 1287 4319 esse
1311 4260 1459 4318 duximus.

183 4349 275 4410 Pedes
293 4351 472 4427 principales
492 4358 562 4411 sunt
579 4353 681 4413 cretici
700 4357 731 4412 et
748 4371 876 4429 paeones
895 4351 1010 4427 primus
1029 4354 1059 4409 et
1078 4355 1214 4427 quartus,
1238 4350 1290 4426 qui
1314 4350 1358 4407 ita
1382 4350 1460 4407 inter

183 4458 213 4497 se
236 4440 348 4498 similes
371 4444 450 4518 sunt,
473 4445 508 4499 ut
530 4462 617 4519 saepo
642 4443 672 4500 in
695 4442 751 4502 hoc
774 4442 903 4501 carmine
923 4434 1128 4522 11111111.
1146 4432 1214 4521 aa)
1235 4441 1312 4498 alter
1336 4439 1459 4498 alterius

183 4528 277 4588 vicem
295 4529 438 4589 obtineat.
474 4532 618 4591 llacchios
639 4536 670 4590 et
688 4531 891 4590 antibacchios
909 4550 982 4588 num
1000 4530 1117 4589 creticis
1137 4534 1167 4588 11
1186 4530 1351 4605 paeonibus
1369 4532 1459 4604 poeta

182 4616 382 4695 admiscuerit,
405 4619 542 4678 dubitare
564 4620 667 4695 possis.
706 4622 806 4696 Atque
826 4620 971 4695 bacchica,
990 4640 1118 4694 quorum
1137 4619 1219 4695 prior
1238 4623 1293 4676 aut
1310 4618 1459 4695 posterior

182 4707 273 4786 longa
295 4707 327 4766 in
350 4708 424 4767 duas
447 4708 549 4769 breves
573 4710 672 4768 soluta
695 4709 742 4786 sit,
766 4729 801 4768 eo
824 4708 920 4784 magis
944 4709 1122 4782 spernendos
1146 4708 1262 4785 putavi,
1282 4708 1361 4784 quod
1382 4708 1457 4767 hanc

182 4796 334 4857 licentiam
362 4797 392 4856 in
421 4799 555 4875 cognatis
583 4797 708 4874 pedibus
736 4798 840 4857 ionicis
868 4797 958 4856 etiam
989 4802 1057 4874 post
1083 4798 1248 4856 Pindarum
1271 4817 1339 4856 raro
1363 4797 1460 4856 Attici
