3406 5378
678 215 827 268 PINDARI
844 212 1010 266 EPINICIA.

751 377 797 441 Dc
818 376 940 442 metris.

299 492 471 551 Carminum
494 491 600 550 horum
623 493 719 549 metra
742 489 1028 566 dactylo-epitritica
1051 490 1089 548 ed
1115 509 1254 548 severam
1279 492 1314 549 et
1341 488 1513 566 antiquam

211 600 345 642 normam
374 580 540 656 composita
570 583 655 656 sunt,
685 581 721 637 ut
750 579 888 639 similiter
918 581 1009 655 atque
1039 579 1070 637 in
1100 579 1231 639 carmine
1263 576 1301 639 Ο.
1328 598 1372 638 111
1403 597 1515 639 curans

210 690 401 730 numerorum
428 689 496 729 raro
524 672 615 745 atque
645 688 733 744 saepe
765 688 802 727 ne
831 668 861 726 in
887 667 945 727 fine
974 667 1094 745 quidem
1122 668 1322 747 singulorum
1359 687 1515 728 versuum

210 760 397 835 interruptus
420 759 468 818 sit.
506 758 608 818 Solum
632 758 663 816 in
686 775 775 817 versu
799 768 832 816 aa
855 757 911 816 hoc
934 756 990 816 sibi
1014 757 1143 833 sumpsit
1163 760 1258 834 poeta
1283 757 1455 835 licentiae,
1478 762 1516 817 ut

210 849 338 908 nominis
357 847 470 925 proprii
490 845 647 906 Τελεσιάδα
666 850 775 906 natura
793 849 952 907 excusatus
970 848 1092 925 longam
1110 846 1254 923 dactylici
1268 847 1367 924 pedis
1383 847 1420 906 in
1435 847 1516 907 dnus

210 939 314 997 breves
333 938 446 997 solvere
466 937 589 996 auderet
612 928 718 1017 (clN.
739 928 858 1017 v1170).
891 937 1039 995 Versuum
1062 955 1131 997 vero
1154 935 1264 996 divisio
1289 939 1433 1013 poetam
1452 957 1516 998 non

210 1027 377 1103 prohibuit,
408 1026 568 1102 quominus
598 1026 761 1103 catalexin,
792 1045 869 1102 quae
899 1024 987 1084 finem
1016 1025 1130 1101 periodi
1161 1025 1348 1086 antecedere
1381 1029 1418 1086 et
1442 1047 1516 1087 con·

209 1117 375 1177 versionem
404 1109 535 1192 rhythmi
564 1115 694 1174 indicare
722 1117 810 1193 solet,
841 1115 871 1173 in
899 1115 1021 1190 stropha
1049 1117 1118 1173 ante
1145 1114 1292 1174 ultimum
1325 1117 1516 1177 membrum

210 1205 388 1282 paenultimi
412 1223 524 1280 versus,
547 1204 578 1262 in
601 1205 696 1280 epodo
719 1207 788 1280 post
810 1204 939 1281 primam
961 1205 1078 1280 partem
1101 1203 1201 1262 ultimi
1223 1223 1339 1265 versus
1366 1211 1516 1282 poneret.

211 1294 309 1371 Epodi
337 1294 498 1354 versiculos
526 1293 649 1352 tertium
677 1296 708 1353 et
735 1296 877 1370 quartum
905 1293 1065 1369 quominus
1092 1293 1123 1351 in
1150 1312 1245 1352 unum
1274 1312 1415 1355 remum
1439 1316 1517 1356 ecn-

212 1385 373 1463 iungerem
399 1384 573 1459 scrupulum
599 1383 698 1443 animo
724 1383 890 1442 iniecerunt
915 1382 1047 1459 syllabae
1075 1382 1220 1459 ancipites
1249 1383 1284 1441 in
1311 1383 1381 1443 fine
1408 1406 1462 1447 vv.
1479 1398 1516 1445 33

212 1477 243 1532 et
265 1485 298 1532 87
323 1473 478 1532 admissae.
502 1503 544 1512 —
569 1471 709 1531 Carmina
735 1472 795 1531 duo
823 1473 853 1531 in
881 1472 1089 1532 comissatione
1116 1471 1238 1549 publica
1261 1491 1282 1531 a
1306 1473 1413 1535 choro
1439 1494 1515 1535 can·

212 1562 305 1621 tanda
332 1580 362 1620 se
390 1562 553 1621 destinasse
582 1564 671 1637 poeta
692 1561 782 1621 verbo
806 1561 949 1639 κωμάζειν
971 1561 1017 1620 bis
1039 1565 1185 1637 usurpato
1208 1553 1273 1642 (w.
1293 1572 1320 1621 8.
1345 1555 1405 1644 90)
1431 1564 1515 1624 indi·

213 1651 306 1727 cavit3
330 1671 426 1727 neque
448 1651 512 1710 ullo
536 1650 567 1708 in
591 1651 720 1710 carmine
743 1651 901 1711 Pindarico
925 1651 1021 1710 oratio
1044 1650 1141 1729 magis
1164 1669 1256 1727 quam
1276 1650 1309 1710 in
1330 1651 1398 1713 hoc
1423 1654 1515 1715 chori

212 1740 348 1816 partibus
376 1740 603 1799 adcommodata
630 1742 687 1816 est3
715 1759 846 1816 namque
873 1739 947 1798 nihil
975 1741 1006 1798 in
1034 1743 1097 1799 tam
1123 1740 1213 1818 longo
1240 1740 1387 1801 carmine
1413 1742 1455 1803 de
1481 1763 1514 1805 se

213 1833 302 1905 poeta
325 1829 469 1906 loquitur,
493 1829 593 1888 omnia
615 1849 651 1887 ex
674 1829 821 1888 sententia
844 1832 875 1887 et
897 1848 1023 1904 persona
1041 1829 1136 1888 totius
1155 1828 1244 1888 chori.
1278 1829 1378 1900 Quod
1399 1835 1514 1893 autem

211 1919 258 1977 bis
281 1911 342 1998 (vv.
364 1931 396 1977 15
416 1922 447 1977 et
466 1911 514 1999 53)
538 1918 667 1978 secunda
694 1937 820 1994 persona
847 1918 959 1994 plurali
982 1911 1070 1998 (ἴστε)
1099 1937 1171 1977 usus
1199 1921 1257 1996 est,
1286 1919 1349 1980 hcc
1383 1925 1446 1982 aut
1475 1923 1515 1984 de

213 2007 362 2067 choreutis
386 2027 448 2067 seso
471 2008 599 2066 invicem
618 2007 866 2084 compellantibus
884 2010 940 2065 aut
958 2008 994 2066 de
1013 2007 1101 2067 choro
1121 2025 1259 2068 coronam
1279 2008 1411 2070 virium
1432 2013 1515 2073 allo·

213 2099 323 2173 quante
347 2098 534 2173 interpretor.
581 2097 692 2156 Tamen
720 2097 755 2156 dc
779 2098 867 2158 choro
891 2097 1041 2174 gradatim
1064 2097 1241 2173 procedente
1264 2098 1422 2174 equidem
1448 2121 1514 2163 uon

212 2186 420 2264 cogitaverim,
445 2186 687 2261 qnandoquidem
709 2206 806 2263 neque
829 2186 931 2262 pausis
954 2186 1027 2245 satis
1051 2186 1140 2262 spatii
1165 2186 1195 2244 in
1217 2186 1276 2245 fine
1301 2186 1514 2268 singulorum

212 2295 352 2335 versuum
380 2275 517 2334 relictum
543 2279 589 2334 est
612 2287 707 2351 ne'que
731 2276 905 2335 catalectico
927 2275 1059 2352 tripodia
1081 2275 1182 2334 ultimi
1204 2295 1311 2335 versus
1335 2280 1438 2355 epodi
1464 2283 1512 2341 fa·

213 2365 268 2423 cilo
292 2364 428 2441 passibus
452 2365 533 2424 chori
557 2365 694 2440 adaptari
717 2368 829 2442 potest3
853 2384 1036 2442 quamquam
1055 2364 1079 2423 si
1098 2364 1224 2425 audacia
1243 2365 1301 2424 tibi
1320 2386 1389 2427 non
1411 2370 1514 2450 deest,

211 2455 338 2513 alteram
361 2453 570 2513 dlfficultatem
593 2453 648 2513 hac
672 2453 816 2513 divisione
840 2455 944 2514 tollere
968 2453 1092 2529 poteris:

705 2573 989 2623 λ’-λ-υυιυυζέ

266 2720 311 2780 Et
330 2739 380 2792 τις
402 2715 536 2801 ἀνδρῶν
559 2715 753 2799 εὐτυχήσαις
776 2715 796 2798 ἢ
819 2718 883 2780 σὺν
906 2716 1053 2794 εὐδόξοις
1076 2715 1212 2793 ἀέθλοις
1290 2723 1379 2807 Σπφ.
1402 2722 1451 2789 α’.

265 2822 284 2905 ἢ
308 2822 421 2887 σθένει
444 2824 590 2887 πλούτου
613 2820 739 2905 κατέχει
762 2820 887 2907 φρασὶν
910 2823 1008 2906 αἰανῆ
1031 2825 1146 2907 κόρον,

265 2930 354 3008 ἄξιος
377 2929 542 3010 εὐλογίαις
565 2927 674 2993 ἀστῶν
696 2935 862 3012 μεμίχθαι.

267 3041 346 3119 Ζεῦ,
369 3035 506 3119 μεγάλαι
531 3033 562 3098 d'
588 3033 700 3120 ἀρεταὶ
723 3042 861 3112 θνατοῖς
884 3034 1018 3100 ἕπονται

229 3161 244 3207 5
265 3143 299 3208 ἐκ
322 3142 435 3208 σέθεν·
460 3143 532 3220 ζώει
555 3138 592 3205 ἀὲ
614 3143 749 3226 μάσσων
772 3145 870 3225 ὄλβος
893 3142 1109 3227 ὀπιζομένων,
1132 3149 1286 3227 πλαγίαις

309 3247 344 3314 δὲ
369 3248 546 3333 φρένεσσιν

264 3358 325 3440 οὐχ
349 3356 436 3439 ὁμῶς
458 3356 566 3420 πάντα
589 3359 711 3440 χρόνον
733 3357 871 3423 θάλλων
894 3357 1008 3441 ὁμιλεῖ.
1465 3384 1503 3431 10

283 3549 361 3585 viam
381 3550 484 3585 necno.
522 3533 605 3586 Inscr.
625 3550 678 3588 om.
698 3534 765 3588 BD
788 3532 827 3603 (in
852 3534 882 3588 D
905 3533 958 3587 hoc
984 3551 1096 3589 carmen
1121 3552 1184 3588 cum
1209 3536 1400 3628 praecedente
1428 3558 1497 3596 ccu-

210 3605 336 3658 iunctum
356 3606 416 3672 est),
436 3601 533 3668 ἵπποις
551 3621 585 3658 ex
604 3604 690 3659 schol.
710 3604 752 3658 ed.
772 3605 864 3671 Rom,
883 3602 1045 3679 παγκρατίῳ
1063 3606 1189 3675 Boeclrh,
1209 3627 1305 3671 ιπποις
1323 3611 1497 3679 παγκρατίιι

210 3675 308 3745 scripsi
328 3677 360 3728 ut
378 3675 495 3729 duorum
515 3674 670 3729 carminum
689 3679 854 3745 argumenta
873 3677 1135 3747 comprehenderem
1154 3711 1186 3719 -
1206 3678 1312 3734 Schol:
1331 3670 1496 3751 γέγραπται

210 3744 339 3820 Μελίσσῳ
361 3744 488 3820 Θηβαίῳ
514 3743 593 3809 οὗτος
612 3745 738 3815 ἐνίκησεν
753 3745 866 3817 Ἴσθμια
886 3749 934 3801 καὶ
954 3746 1058 3818 Νέμεα,
1078 3747 1241 3818 πρόσκειται
1259 3749 1289 3804 δὲ
1310 3759 1343 3821 τῇ
1363 3750 1427 3825 clap
1447 3752 1494 3809 ἴπ-

209 3839 274 3881 ποις
293 3817 341 3872 διὰ
359 3818 391 3871 τὸ
410 3817 446 3905 μη
467 3821 571 3888 δηλοῦν
589 3819 638 3872 τὸν
657 3815 802 3887 Πίνδαρον
820 3818 851 3872 τὸ
871 3828 919 3874 τοῦ
938 3817 1129 3890 ἀγωνίσματος
1148 3817 1235 3890 εἶδος,
1253 3807 1375 3890 aaroni
1394 3821 1494 3896 κέλητι

210 3888 396 3977 ἢτεθηίππφ,
405 3909 498 4015 μὶονον
513 3888 544 3943 δὲ
559 3887 731 3964 ἱπποδρομία
745 3890 818 3960 λέγει
832 3888 1047 3958 ἐστεφανῶσθαι
1066 3892 1110 3962 (cf.
1126 3911 1150 3947 v.
1167 3898 1214 3961 rc);
1234 3895 1265 3947 at
1283 3892 1348 3948 vide
1368 3912 1394 3951 v.
1410 3912 1437 3950 ιτ
1458 3929 1491 3938 -

210 3969 234 4017 5.
254 3979 386 4031 φρενεαιν
454 3993 485 4000 -

281 4123 470 4157 αοεαιεατιαιι.
490 4122 515 4157 v.
528 4110 550 4156 1.
571 4104 622 4157 σὺν
636 4103 761 4170 εὐδόξοις
775 4101 891 4167 ἀέθλοις
905 4104 988 4176 iunge
1004 4123 1065 4159 cum
1082 4105 1259 4176 εὐτυχήσαις·
1275 4107 1310 4161 de
1325 4108 1377 4161 σὺν
1392 4125 1415 4162 c.
1427 4109 1491 4165 dat.

209 4195 259 4245 pro
279 4174 400 4244 simplici
420 4174 517 4229 dativo
538 4175 744 4229 instrumentali
765 4176 835 4230 conf.
851 4176 880 4230 P.
896 4197 905 4229 1
920 4194 952 4231 sa.
974 4176 1006 4230 N.
1023 4197 1039 4229 x
1054 4194 1079 4231 οι
1094 4209 1126 4216 -
1143 4184 1167 4231 2.
1187 4175 1305 4248 κατέχει,
1322 4194 1491 4248 oppressum

209 4251 299 4314 tenet3
324 4247 357 4300 cf.
379 4245 434 4300 Sol.
454 4263 479 4313 ε,
499 4263 518 4300 ο.
548 4246 671 4317 Theogn.
692 4263 730 4301 ssa
757 4279 789 4287 —
818 4254 843 4301 4.
875 4252 939 4302 Ζεῦ·
964 4249 1058 4302 Iovem
1081 4248 1195 4303 invocat
1214 4253 1242 4303 et
1261 4249 1336 4319 quod
1360 4267 1491 4307 summus

210 4318 333 4373 omnium
358 4321 449 4370 rector
472 4319 515 4370 est
538 4320 567 4370 et
585 4319 660 4385 quod
679 4318 848 4373 Nemeaeum
867 4319 1015 4374 victoriam
1034 4319 1148 4374 Meliseo
1167 4319 1331 4391 impertivit.
1368 4320 1490 4378 Senten-

210 4390 251 4443 tia
279 4387 379 4442 aimilis
407 4389 451 4441 eat
478 4388 507 4441 P.
528 4407 537 4439 1
560 4405 594 4443 α.
627 4389 734 4457 Macae,
764 4390 890 4460 Orpheus
919 4410 944 4460 p.
965 4409 1003 4445 rra
1029 4391 1101 4445 falso
1129 4392 1183 4445 huc
1212 4392 1322 4446 rettulit
1346 4392 1491 4462 placitum

209 4459 399 4514 Christianum
414 4459 448 4512 de
463 4459 615 4513 virtutibus
631 4460 738 4515 animae
753 4465 925 4515 mortuorum
939 4462 1139 4517 comitantibus
1153 4464 1182 4517 in
1197 4465 1282 4534 Apoc.
1298 4464 1394 4517 Ioann.
1411 4481 1447 4534 ιι,
1465 4484 1492 4523 ιε

210 4566 245 4572 -
265 4539 288 4587 6.
315 4533 365 4601 οὐχ
385 4531 457 4600 ὁμῶς
481 4548 651 4599 quamquam
670 4549 731 4586 cum
751 4534 846 4587 πάντα
866 4531 967 4604 χρόνον
986 4534 1064 4604 iungi
1083 4538 1189 4604 potest,
1209 4535 1309 4590 melius
1328 4538 1491 4592 tamenne-

209 4606 297 4658 l'ertur
316 4604 352 4656 ad
371 4600 502 4672 πλαγίαις
520 4601 677 4672 φρένεσσιν,
696 4607 728 4657 ut
746 4604 826 4674 impii
845 4604 971 4659 homines
986 4623 1041 4659 nou
1057 4623 1145 4675 aeque
1160 4610 1246 4675 atquc
1261 4606 1329 4661 iusti
1343 4610 1492 4678 perpetui-

209 4678 267 4732 tate
295 4675 425 4729 fortunae
449 4673 502 4727 l'rui
523 4674 652 4728 dicantur
673 4708 701 4714 —
724 4675 823 4745 ὁμιλεῖ,
844 4675 937 4745 adest;
957 4678 991 4732 cf.
1011 4678 1040 4731 P.
1060 4696 1098 4731 vn
1117 4696 1129 4732 ο
1148 4680 1177 4732 et
1195 4678 1258 4734 Eur.
1279 4678 1322 4734 al.
1341 4695 1381 4734 9⁴0
1400 4679 1436 4734 τὰ
1458 4680 1492 4738 δὲ
