<?xml version="1.0" encoding="UTF-8"?>
<!DOCTYPE html PUBLIC "-//W3C//DTD XHTML 1.0 Transitional//EN"
    "http://www.w3.org/TR/xhtml1/DTD/xhtml1-transitional.dtd">
<html xmlns="http://www.w3.org/1999/xhtml" xml:lang="en" lang="en">
 <head>
  <title>
</title>
<meta http-equiv="Content-Type" content="text/html;charset=utf-8" />
  <meta name='ocr-system' content='tesseract 3.04.00' />
  <meta name='ocr-capabilities' content='ocr_page ocr_carea ocr_par ocr_line ocrx_word'/>
</head>
<body>
  <div class='ocr_page' id='page_1' title='image "./pindaricarminap00pindgoog_0053.png"; bbox 0 0 3406 5378; ppageno 0'>
   <div class='ocr_carea' id='block_1_1' title="bbox 208 347 994 403">
    <p class='ocr_par' dir='ltr' id='par_1_1' title="bbox 208 347 994 403">
     <span class='ocr_line' id='line_1_1' title="bbox 208 347 994 403; baseline -0.003 0"><span class='ocrx_word' id='word_1_1' title='bbox 208 347 351 403; x_wconf 83' lang='lat' dir='ltr'>XXXVIII</span> <span class='ocrx_word' id='word_1_2' title='bbox 716 347 962 399; x_wconf 77' lang='lat' dir='ltr'>Puonuuonsn</span> <span class='ocrx_word' id='word_1_3' title='bbox 965 348 994 401; x_wconf 83' lang='lat' dir='ltr'>A.</span> 
     </span>
    </p>
   </div>
   <div class='ocr_carea' id='block_1_2' title="bbox 156 509 1497 2418">
    <p class='ocr_par' dir='ltr' id='par_1_2' title="bbox 156 509 1497 2418">
     <span class='ocr_line' id='line_1_2' title="bbox 209 509 1494 596; baseline -0.001 -20"><span class='ocrx_word' id='word_1_4' title='bbox 209 535 247 577; x_wconf 85' lang='lat' dir='ltr'>ex</span> <span class='ocrx_word' id='word_1_5' title='bbox 271 510 357 577; x_wconf 91' lang='lat' dir='ltr'>binis</span> <span class='ocrx_word' id='word_1_6' title='bbox 382 511 461 577; x_wconf 93' lang='lat' dir='ltr'>colis</span> <span class='ocrx_word' id='word_1_7' title='bbox 486 515 674 577; x_wconf 78' lang='lat' dir='ltr'><strong>constantes</strong></span> <span class='ocrx_word' id='word_1_8' title='bbox 697 511 732 574; x_wconf 94' lang='lat' dir='ltr'>in</span> <span class='ocrx_word' id='word_1_9' title='bbox 755 510 867 575; x_wconf 88' lang='lat' dir='ltr'>eadem</span> <span class='ocrx_word' id='word_1_10' title='bbox 886 509 1021 594; x_wconf 88' lang='lat' dir='ltr'>stropha</span> <span class='ocrx_word' id='word_1_11' title='bbox 1041 509 1206 596; x_wconf 85' lang='lat' dir='ltr'>longiores</span> <span class='ocrx_word' id='word_1_12' title='bbox 1224 509 1375 594; x_wconf 85' lang='lat' dir='ltr'>periodos</span> <span class='ocrx_word' id='word_1_13' title='bbox 1394 509 1494 575; x_wconf 91' lang='lat' dir='ltr'>trium</span> 
     </span>
     <span class='ocr_line' id='line_1_3' title="bbox 209 617 1494 705; baseline -0.002 -21"><span class='ocrx_word' id='word_1_14' title='bbox 209 619 392 705; x_wconf 82' lang='lat' dir='ltr'>pluriumve</span> <span class='ocrx_word' id='word_1_15' title='bbox 424 620 646 683; x_wconf 88' lang='lat' dir='ltr'>membrorum</span> <span class='ocrx_word' id='word_1_16' title='bbox 678 640 834 702; x_wconf 89' lang='lat' dir='ltr'>usurpare</span> <span class='ocrx_word' id='word_1_17' title='bbox 867 622 900 682; x_wconf 91' lang='lat' dir='ltr'>et</span> <span class='ocrx_word' id='word_1_18' title='bbox 933 617 1004 683; x_wconf 93' lang='lat' dir='ltr'>cola</span> <span class='ocrx_word' id='word_1_19' title='bbox 1026 617 1212 703; x_wconf 86' lang='lat' dir='ltr'>longiorum</span> <span class='ocrx_word' id='word_1_20' title='bbox 1246 640 1397 682; x_wconf 87' lang='lat' dir='ltr'>versuum</span> <span class='ocrx_word' id='word_1_21' title='bbox 1428 639 1494 682; x_wconf 91' lang='lat' dir='ltr'>non</span> 
     </span>
     <span class='ocr_line' id='line_1_4' title="bbox 210 723 1494 813; baseline -0.002 -21"><span class='ocrx_word' id='word_1_22' title='bbox 210 727 317 792; x_wconf 89' lang='lat' dir='ltr'>minus</span> <span class='ocrx_word' id='word_1_23' title='bbox 341 749 438 811; x_wconf 89' lang='lat' dir='ltr'>quam</span> <span class='ocrx_word' id='word_1_24' title='bbox 465 725 650 790; x_wconf 87' lang='lat' dir='ltr'>breviorum</span> <span class='ocrx_word' id='word_1_25' title='bbox 679 726 905 790; x_wconf 83' lang='lat' dir='ltr'>communione</span> <span class='ocrx_word' id='word_1_26' title='bbox 934 726 1106 789; x_wconf 85' lang='lat' dir='ltr'>verborum</span> <span class='ocrx_word' id='word_1_27' title='bbox 1129 723 1324 813; x_wconf 78' lang='grc' dir='ltr'><strong>(συναφείᾳ)</strong></span> <span class='ocrx_word' id='word_1_28' title='bbox 1355 726 1494 790; x_wconf 89' lang='lat' dir='ltr'>conflare</span> 
     </span>
     <span class='ocr_line' id='line_1_5' title="bbox 209 831 1494 917; baseline -0.001 -19"><span class='ocrx_word' id='word_1_29' title='bbox 209 835 296 899; x_wconf 91' lang='lat' dir='ltr'>inter</span> <span class='ocrx_word' id='word_1_30' title='bbox 316 856 349 899; x_wconf 91' lang='lat' dir='ltr'>se</span> <span class='ocrx_word' id='word_1_31' title='bbox 369 838 401 898; x_wconf 88' lang='grc'>11</span> <span class='ocrx_word' id='word_1_32' title='bbox 420 838 633 899; x_wconf 76' lang='lat' dir='ltr'>concatenare</span> <span class='ocrx_word' id='word_1_33' title='bbox 652 832 768 897; x_wconf 91' lang='lat' dir='ltr'>solitus</span> <span class='ocrx_word' id='word_1_34' title='bbox 784 837 841 897; x_wconf 91' lang='lat' dir='ltr'>est.</span> <span class='ocrx_word' id='word_1_35' title='bbox 878 832 1082 916; x_wconf 83' lang='lat' dir='ltr'>Quamquam</span> <span class='ocrx_word' id='word_1_36' title='bbox 1101 831 1203 917; x_wconf 82' lang='lat' dir='ltr'>igitur</span> <span class='ocrx_word' id='word_1_37' title='bbox 1216 832 1347 897; x_wconf 87' lang='lat' dir='ltr'>Pindari</span> <span class='ocrx_word' id='word_1_38' title='bbox 1367 855 1494 917; x_wconf 93' lang='lat' dir='ltr'>quoque</span> 
     </span>
     <span class='ocr_line' id='line_1_6' title="bbox 209 939 1495 1026; baseline -0.001 -20"><span class='ocrx_word' id='word_1_39' title='bbox 209 964 321 1007; x_wconf 82' lang='lat' dir='ltr'>versus</span> <span class='ocrx_word' id='word_1_40' title='bbox 341 941 486 1026; x_wconf 89' lang='lat' dir='ltr'>plerique</span> <span class='ocrx_word' id='word_1_41' title='bbox 502 964 539 1004; x_wconf 89' lang='lat' dir='ltr'>ex</span> <span class='ocrx_word' id='word_1_42' title='bbox 555 940 641 1005; x_wconf 92' lang='lat' dir='ltr'>binis</span> <span class='ocrx_word' id='word_1_43' title='bbox 657 940 736 1005; x_wconf 89' lang='lat' dir='ltr'>colis</span> <span class='ocrx_word' id='word_1_44' title='bbox 757 944 909 1006; x_wconf 89' lang='lat' dir='ltr'>constant</span> <span class='ocrx_word' id='word_1_45' title='bbox 927 961 1031 1023; x_wconf 90' lang='lat' dir='ltr'>neque</span> <span class='ocrx_word' id='word_1_46' title='bbox 1052 939 1194 1004; x_wconf 87' lang='lat' dir='ltr'>carmina</span> <span class='ocrx_word' id='word_1_47' title='bbox 1213 941 1338 1024; x_wconf 90' lang='lat' dir='ltr'>desunt,</span> <span class='ocrx_word' id='word_1_48' title='bbox 1358 962 1495 1024; x_wconf 92' lang='lat' dir='ltr'>quorum</span> 
     </span>
     <span class='ocr_line' id='line_1_7' title="bbox 210 1045 1497 1132; baseline -0.002 -18"><span class='ocrx_word' id='word_1_49' title='bbox 210 1072 322 1114; x_wconf 89' lang='lat' dir='ltr'>versus</span> <span class='ocrx_word' id='word_1_50' title='bbox 347 1070 459 1113; x_wconf 90' lang='lat' dir='ltr'>omnes</span> <span class='ocrx_word' id='word_1_51' title='bbox 483 1047 679 1112; x_wconf 80' lang='lat' dir='ltr'>bimembres</span> <span class='ocrx_word' id='word_1_52' title='bbox 703 1047 770 1112; x_wconf 92' lang='lat' dir='ltr'>sint</span> <span class='ocrx_word' id='word_1_53' title='bbox 793 1051 830 1111; x_wconf 91' lang='lat' dir='ltr'>ut</span> <span class='ocrx_word' id='word_1_54' title='bbox 853 1045 887 1111; x_wconf 87' lang='lat' dir='ltr'>P.</span> <span class='ocrx_word' id='word_1_55' title='bbox 907 1064 966 1132; x_wconf 78' lang='grc' dir='ltr'>ΧΠ,</span> <span class='ocrx_word' id='word_1_56' title='bbox 989 1051 1099 1112; x_wconf 88' lang='lat' dir='ltr'>tamen</span> <span class='ocrx_word' id='word_1_57' title='bbox 1123 1051 1199 1111; x_wconf 90' lang='lat' dir='ltr'>sunt</span> <span class='ocrx_word' id='word_1_58' title='bbox 1218 1046 1273 1112; x_wconf 87' lang='lat' dir='ltr'>alii</span> <span class='ocrx_word' id='word_1_59' title='bbox 1294 1048 1393 1112; x_wconf 90' lang='lat' dir='ltr'>trium</span> <span class='ocrx_word' id='word_1_60' title='bbox 1412 1047 1497 1112; x_wconf 92' lang='grc'>1010-</span> 
     </span>
     <span class='ocr_line' id='line_1_8' title="bbox 209 1152 1495 1240; baseline -0.002 -19"><span class='ocrx_word' id='word_1_61' title='bbox 209 1180 291 1240; x_wconf 85' lang='lat' dir='ltr'>rum,</span> <span class='ocrx_word' id='word_1_62' title='bbox 315 1160 352 1220; x_wconf 92' lang='lat' dir='ltr'>nt</span> <span class='ocrx_word' id='word_1_63' title='bbox 376 1153 493 1239; x_wconf 86' lang='lat'>0.16,</span> <span class='ocrx_word' id='word_1_64' title='bbox 516 1177 565 1239; x_wconf 91' lang='lat' dir='ltr'>ep.</span> <span class='ocrx_word' id='word_1_65' title='bbox 586 1157 614 1220; x_wconf 84' lang='lat'>8.</span> <span class='ocrx_word' id='word_1_66' title='bbox 647 1152 681 1218; x_wconf 91' lang='lat' dir='ltr'>P.</span> <span class='ocrx_word' id='word_1_67' title='bbox 701 1171 738 1218; x_wconf 84' lang='lat' dir='ltr'>lx</span> <span class='ocrx_word' id='word_1_68' title='bbox 757 1155 786 1219; x_wconf 84' lang='lat'>5.</span> <span class='ocrx_word' id='word_1_69' title='bbox 819 1152 859 1219; x_wconf 88' lang='lat' dir='ltr'>N.</span> <span class='ocrx_word' id='word_1_70' title='bbox 880 1157 956 1237; x_wconf 85' lang='lat'>114,</span> <span class='ocrx_word' id='word_1_71' title='bbox 980 1153 1035 1218; x_wconf 90' lang='lat' dir='ltr'>alii</span> <span class='ocrx_word' id='word_1_72' title='bbox 1060 1159 1212 1239; x_wconf 92' lang='lat' dir='ltr'>quatuor,</span> <span class='ocrx_word' id='word_1_73' title='bbox 1241 1159 1277 1218; x_wconf 93' lang='lat' dir='ltr'>ut</span> <span class='ocrx_word' id='word_1_74' title='bbox 1300 1153 1334 1219; x_wconf 92' lang='lat' dir='ltr'>P.</span> <span class='ocrx_word' id='word_1_75' title='bbox 1353 1172 1379 1218; x_wconf 91' lang='lat'>11</span> <span class='ocrx_word' id='word_1_76' title='bbox 1402 1177 1450 1238; x_wconf 89' lang='lat' dir='ltr'>ep.</span> <span class='ocrx_word' id='word_1_77' title='bbox 1469 1159 1495 1220; x_wconf 91' lang='grc'>1.</span> 
     </span>
     <span class='ocr_line' id='line_1_9' title="bbox 210 1259 1495 1350; baseline -0.001 -23"><span class='ocrx_word' id='word_1_78' title='bbox 210 1264 296 1328; x_wconf 81' lang='grc'>1115.</span> <span class='ocrx_word' id='word_1_79' title='bbox 330 1261 370 1328; x_wconf 91' lang='lat' dir='ltr'>N.</span> <span class='ocrx_word' id='word_1_80' title='bbox 389 1281 412 1326; x_wconf 83' lang='lat' dir='ltr'>v</span> <span class='ocrx_word' id='word_1_81' title='bbox 434 1265 460 1326; x_wconf 91' lang='lat'>1.</span> <span class='ocrx_word' id='word_1_82' title='bbox 489 1280 525 1325; x_wconf 85' lang='lat' dir='ltr'>rx</span> <span class='ocrx_word' id='word_1_83' title='bbox 543 1265 574 1327; x_wconf 84' lang='lat'>4.</span> <span class='ocrx_word' id='word_1_84' title='bbox 609 1261 713 1325; x_wconf 83' lang='lat'>1.14.</span> <span class='ocrx_word' id='word_1_85' title='bbox 746 1279 796 1325; x_wconf 87' lang='grc'>111</span> <span class='ocrx_word' id='word_1_86' title='bbox 816 1264 851 1347; x_wconf 81' lang='lat'>5,</span> <span class='ocrx_word' id='word_1_87' title='bbox 882 1260 938 1325; x_wconf 89' lang='lat' dir='ltr'>alii</span> <span class='ocrx_word' id='word_1_88' title='bbox 967 1261 1103 1344; x_wconf 90' lang='lat' dir='ltr'>denique</span> <span class='ocrx_word' id='word_1_89' title='bbox 1133 1261 1273 1344; x_wconf 91' lang='lat' dir='ltr'>quinque</span> <span class='ocrx_word' id='word_1_90' title='bbox 1298 1259 1347 1347; x_wconf 88' lang='lat' dir='ltr'>(P.</span> <span class='ocrx_word' id='word_1_91' title='bbox 1367 1279 1379 1325; x_wconf 94' lang='lat'>1</span> <span class='ocrx_word' id='word_1_92' title='bbox 1399 1259 1434 1350; x_wconf 83' lang='lat'>6)</span> <span class='ocrx_word' id='word_1_93' title='bbox 1462 1267 1495 1326; x_wconf 91' lang='lat' dir='ltr'>et</span> 
     </span>
     <span class='ocr_line' id='line_1_10' title="bbox 210 1365 1496 1454; baseline -0.001 -20"><span class='ocrx_word' id='word_1_94' title='bbox 210 1373 335 1454; x_wconf 90' lang='lat' dir='ltr'>septem</span> <span class='ocrx_word' id='word_1_95' title='bbox 359 1368 505 1433; x_wconf 94' lang='lat' dir='ltr'>colorum</span> <span class='ocrx_word' id='word_1_96' title='bbox 529 1366 568 1454; x_wconf 72' lang='lat' dir='ltr'>(l.</span> <span class='ocrx_word' id='word_1_97' title='bbox 588 1384 651 1431; x_wconf 82' lang='lat' dir='ltr'>vm</span> <span class='ocrx_word' id='word_1_98' title='bbox 671 1365 714 1454; x_wconf 76' lang='grc' dir='ltr'>ὃ).</span> <span class='ocrx_word' id='word_1_99' title='bbox 757 1365 928 1432; x_wconf 85' lang='grc' dir='ltr'>Ρ11111111</span> <span class='ocrx_word' id='word_1_100' title='bbox 950 1367 1013 1432; x_wconf 88' lang='lat' dir='ltr'>hoo</span> <span class='ocrx_word' id='word_1_101' title='bbox 1037 1367 1176 1432; x_wconf 85' lang='lat' dir='ltr'>maxime</span> <span class='ocrx_word' id='word_1_102' title='bbox 1203 1374 1301 1452; x_wconf 87' lang='lat' dir='ltr'>posta</span> <span class='ocrx_word' id='word_1_103' title='bbox 1323 1368 1496 1433; x_wconf 82' lang='lat' dir='ltr'>Thebanus</span> 
     </span>
     <span class='ocr_line' id='line_1_11' title="bbox 210 1473 1497 1561; baseline 0.001 -21"><span class='ocrx_word' id='word_1_104' title='bbox 210 1474 385 1559; x_wconf 89' lang='lat' dir='ltr'>adamavit,</span> <span class='ocrx_word' id='word_1_105' title='bbox 417 1479 454 1538; x_wconf 93' lang='lat' dir='ltr'>ut</span> <span class='ocrx_word' id='word_1_106' title='bbox 478 1473 549 1538; x_wconf 94' lang='lat' dir='ltr'>colo</span> <span class='ocrx_word' id='word_1_107' title='bbox 574 1473 630 1537; x_wconf 91' lang='lat' dir='ltr'>uni</span> <span class='ocrx_word' id='word_1_108' title='bbox 655 1473 705 1538; x_wconf 88' lang='lat' dir='ltr'>vel</span> <span class='ocrx_word' id='word_1_109' title='bbox 733 1473 881 1559; x_wconf 91' lang='lat' dir='ltr'>pluribus</span> <span class='ocrx_word' id='word_1_110' title='bbox 909 1473 1005 1538; x_wconf 89' lang='lat' dir='ltr'>iustis</span> <span class='ocrx_word' id='word_1_111' title='bbox 1033 1474 1163 1538; x_wconf 86' lang='lat' dir='ltr'>brevem</span> <span class='ocrx_word' id='word_1_112' title='bbox 1191 1475 1329 1559; x_wconf 91' lang='lat' dir='ltr'>epodum</span> <span class='ocrx_word' id='word_1_113' title='bbox 1357 1473 1497 1561; x_wconf 86' lang='lat' dir='ltr'>(clausu-</span> 
     </span>
     <span class='ocr_line' id='line_1_12' title="bbox 210 1581 1494 1670; baseline 0.001 -22"><span class='ocrx_word' id='word_1_114' title='bbox 210 1582 291 1670; x_wconf 81' lang='lat' dir='ltr'>lam)</span> <span class='ocrx_word' id='word_1_115' title='bbox 314 1584 451 1647; x_wconf 90' lang='lat' dir='ltr'>duorum</span> <span class='ocrx_word' id='word_1_116' title='bbox 476 1581 524 1645; x_wconf 86' lang='lat' dir='ltr'>vel</span> <span class='ocrx_word' id='word_1_117' title='bbox 549 1581 648 1645; x_wconf 89' lang='lat' dir='ltr'>trium</span> <span class='ocrx_word' id='word_1_118' title='bbox 671 1581 789 1666; x_wconf 89' lang='lat' dir='ltr'>pedum</span> <span class='ocrx_word' id='word_1_119' title='bbox 814 1581 984 1666; x_wconf 89' lang='lat' dir='ltr'>subiceret,</span> <span class='ocrx_word' id='word_1_120' title='bbox 1007 1603 1252 1665; x_wconf 82' lang='lat' dir='ltr'>nonnumquam</span> <span class='ocrx_word' id='word_1_121' title='bbox 1271 1582 1370 1647; x_wconf 91' lang='lat' dir='ltr'>etiam</span> <span class='ocrx_word' id='word_1_122' title='bbox 1389 1583 1494 1649; x_wconf 90' lang='lat' dir='ltr'>basim</span> 
     </span>
     <span class='ocr_line' id='line_1_13' title="bbox 210 1686 1494 1775; baseline 0 -20"><span class='ocrx_word' id='word_1_123' title='bbox 210 1692 346 1756; x_wconf 90' lang='lat' dir='ltr'>duarum</span> <span class='ocrx_word' id='word_1_124' title='bbox 369 1689 541 1774; x_wconf 85' lang='lat' dir='ltr'>longarum</span> <span class='ocrx_word' id='word_1_125' title='bbox 564 1686 755 1775; x_wconf 74' lang='lat' dir='ltr'>(0.v1.2.</span> <span class='ocrx_word' id='word_1_126' title='bbox 781 1710 829 1773; x_wconf 92' lang='lat' dir='ltr'>ep.</span> <span class='ocrx_word' id='word_1_127' title='bbox 852 1690 926 1752; x_wconf 77' lang='grc'>12.</span> <span class='ocrx_word' id='word_1_128' title='bbox 960 1687 994 1753; x_wconf 91' lang='grc' dir='ltr'>Ρ.</span> <span class='ocrx_word' id='word_1_129' title='bbox 1013 1705 1025 1751; x_wconf 91' lang='lat'>1</span> <span class='ocrx_word' id='word_1_130' title='bbox 1044 1689 1074 1754; x_wconf 86' lang='lat'>3.</span> <span class='ocrx_word' id='word_1_131' title='bbox 1102 1686 1250 1775; x_wconf 81' lang='lat' dir='ltr'>I.v115)</span> <span class='ocrx_word' id='word_1_132' title='bbox 1278 1689 1329 1754; x_wconf 85' lang='grc'>111</span> <span class='ocrx_word' id='word_1_133' title='bbox 1357 1691 1494 1756; x_wconf 90' lang='lat' dir='ltr'>duorum</span> 
     </span>
     <span class='ocr_line' id='line_1_14' title="bbox 210 1793 1495 1884; baseline 0 -22"><span class='ocrx_word' id='word_1_134' title='bbox 210 1797 394 1863; x_wconf 87' lang='lat' dir='ltr'>iamborum</span> <span class='ocrx_word' id='word_1_135' title='bbox 417 1794 466 1881; x_wconf 89' lang='lat' dir='ltr'>(P.</span> <span class='ocrx_word' id='word_1_136' title='bbox 485 1813 511 1859; x_wconf 91' lang='lat'>11</span> <span class='ocrx_word' id='word_1_137' title='bbox 530 1818 578 1880; x_wconf 91' lang='lat' dir='ltr'>ep.</span> <span class='ocrx_word' id='word_1_138' title='bbox 598 1798 626 1860; x_wconf 85' lang='lat'>5.</span> <span class='ocrx_word' id='word_1_139' title='bbox 651 1813 687 1859; x_wconf 83' lang='lat' dir='ltr'>vr</span> <span class='ocrx_word' id='word_1_140' title='bbox 706 1799 731 1859; x_wconf 88' lang='lat'>1.</span> <span class='ocrx_word' id='word_1_141' title='bbox 754 1812 817 1859; x_wconf 85' lang='lat' dir='ltr'>vm</span> <span class='ocrx_word' id='word_1_142' title='bbox 836 1816 883 1879; x_wconf 92' lang='lat' dir='ltr'>ep.</span> <span class='ocrx_word' id='word_1_143' title='bbox 899 1797 929 1859; x_wconf 82' lang='lat'>4.</span> <span class='ocrx_word' id='word_1_144' title='bbox 953 1793 1090 1859; x_wconf 83' lang='lat' dir='ltr'>N.n14.</span> <span class='ocrx_word' id='word_1_145' title='bbox 1115 1794 1263 1861; x_wconf 70' lang='lat' dir='ltr'>nura.</span> <span class='ocrx_word' id='word_1_146' title='bbox 1283 1819 1331 1880; x_wconf 89' lang='lat' dir='ltr'>ep.</span> <span class='ocrx_word' id='word_1_147' title='bbox 1349 1796 1382 1884; x_wconf 81' lang='lat'>1)</span> <span class='ocrx_word' id='word_1_148' title='bbox 1402 1820 1495 1882; x_wconf 90' lang='lat' dir='ltr'>prae-</span> 
     </span>
     <span class='ocr_line' id='line_1_15' title="bbox 210 1901 1495 1988; baseline -0.001 -19"><span class='ocrx_word' id='word_1_149' title='bbox 210 1904 364 1970; x_wconf 90' lang='lat' dir='ltr'>mitteret.</span> <span class='ocrx_word' id='word_1_150' title='bbox 406 1902 457 1966; x_wconf 88' lang='lat' dir='ltr'>Ne</span> <span class='ocrx_word' id='word_1_151' title='bbox 481 1908 518 1967; x_wconf 87' lang='lat' dir='ltr'>tu</span> <span class='ocrx_word' id='word_1_152' title='bbox 541 1901 656 1988; x_wconf 83' lang='lat' dir='ltr'>igitur,</span> <span class='ocrx_word' id='word_1_153' title='bbox 684 1902 818 1968; x_wconf 89' lang='lat' dir='ltr'>candide</span> <span class='ocrx_word' id='word_1_154' title='bbox 842 1902 958 1985; x_wconf 89' lang='lat' dir='ltr'>lector,</span> <span class='ocrx_word' id='word_1_155' title='bbox 988 1903 1026 1966; x_wconf 91' lang='lat' dir='ltr'>de</span> <span class='ocrx_word' id='word_1_156' title='bbox 1049 1901 1303 1968; x_wconf 73' lang='lat' dir='ltr'>inconcinnitate</span> <span class='ocrx_word' id='word_1_157' title='bbox 1326 1909 1360 1968; x_wconf 90' lang='lat' dir='ltr'>et</span> <span class='ocrx_word' id='word_1_158' title='bbox 1382 1903 1495 1970; x_wconf 85' lang='lat' dir='ltr'>incon-</span> 
     </span>
     <span class='ocr_line' id='line_1_16' title="bbox 156 2008 1495 2094; baseline 0.001 -19"><span class='ocrx_word' id='word_1_159' title='bbox 156 2027 162 2035; x_wconf 84' lang='lat'><em>·</em></span> <span class='ocrx_word' id='word_1_160' title='bbox 211 2011 334 2076; x_wconf 86' lang='lat' dir='ltr'>stantia</span> <span class='ocrx_word' id='word_1_161' title='bbox 362 2009 493 2074; x_wconf 91' lang='lat' dir='ltr'>Pindari</span> <span class='ocrx_word' id='word_1_162' title='bbox 527 2009 672 2093; x_wconf 82' lang='lat' dir='ltr'>queraris</span> <span class='ocrx_word' id='word_1_163' title='bbox 700 2009 833 2092; x_wconf 91' lang='lat' dir='ltr'>eiusque</span> <span class='ocrx_word' id='word_1_164' title='bbox 865 2013 1017 2073; x_wconf 88' lang='lat' dir='ltr'>naturam</span> <span class='ocrx_word' id='word_1_165' title='bbox 1045 2008 1184 2074; x_wconf 91' lang='lat' dir='ltr'>modulis</span> <span class='ocrx_word' id='word_1_166' title='bbox 1211 2009 1495 2094; x_wconf 83' lang='lat' dir='ltr'>pusillanimorum</span> 
     </span>
     <span class='ocr_line' id='line_1_17' title="bbox 211 2115 1495 2203; baseline 0.001 -20"><span class='ocrx_word' id='word_1_167' title='bbox 211 2118 373 2183; x_wconf 88' lang='lat' dir='ltr'>artificum</span> <span class='ocrx_word' id='word_1_168' title='bbox 397 2117 556 2200; x_wconf 78' lang='lat' dir='ltr'>metiaris3</span> <span class='ocrx_word' id='word_1_169' title='bbox 584 2117 684 2180; x_wconf 90' lang='lat' dir='ltr'>immo</span> <span class='ocrx_word' id='word_1_170' title='bbox 709 2121 745 2179; x_wconf 92' lang='lat' dir='ltr'>tu</span> <span class='ocrx_word' id='word_1_171' title='bbox 769 2115 830 2180; x_wconf 88' lang='lat' dir='ltr'>hoc</span> <span class='ocrx_word' id='word_1_172' title='bbox 853 2115 1016 2201; x_wconf 88' lang='lat' dir='ltr'>ingeniosi</span> <span class='ocrx_word' id='word_1_173' title='bbox 1039 2120 1154 2200; x_wconf 87' lang='lat' dir='ltr'>poetae</span> <span class='ocrx_word' id='word_1_174' title='bbox 1177 2139 1248 2181; x_wconf 91' lang='lat' dir='ltr'>esse</span> <span class='ocrx_word' id='word_1_175' title='bbox 1272 2118 1385 2203; x_wconf 90' lang='lat' dir='ltr'>ducas,</span> <span class='ocrx_word' id='word_1_176' title='bbox 1409 2120 1495 2203; x_wconf 92' lang='lat' dir='ltr'>qnod</span> 
     </span>
     <span class='ocr_line' id='line_1_18' title="bbox 210 2223 1496 2312; baseline 0.001 -22"><span class='ocrx_word' id='word_1_177' title='bbox 210 2249 275 2291; x_wconf 90' lang='lat' dir='ltr'>non</span> <span class='ocrx_word' id='word_1_178' title='bbox 304 2225 396 2289; x_wconf 88' lang='lat' dir='ltr'>exilis</span> <span class='ocrx_word' id='word_1_179' title='bbox 425 2227 457 2289; x_wconf 90' lang='lat' dir='ltr'>et</span> <span class='ocrx_word' id='word_1_180' title='bbox 481 2224 606 2289; x_wconf 89' lang='lat' dir='ltr'>ieiunae</span> <span class='ocrx_word' id='word_1_181' title='bbox 636 2224 802 2288; x_wconf 89' lang='lat' dir='ltr'>doctrinae</span> <span class='ocrx_word' id='word_1_182' title='bbox 830 2223 1012 2308; x_wconf 88' lang='lat' dir='ltr'>praeceptis</span> <span class='ocrx_word' id='word_1_183' title='bbox 1041 2245 1133 2288; x_wconf 89' lang='lat' dir='ltr'>suam</span> <span class='ocrx_word' id='word_1_184' title='bbox 1161 2229 1263 2288; x_wconf 87' lang='lat' dir='ltr'>artem</span> <span class='ocrx_word' id='word_1_185' title='bbox 1293 2226 1496 2312; x_wconf 84' lang='lat' dir='ltr'>constrinxit,</span> 
     </span>
     <span class='ocr_line' id='line_1_19' title="bbox 211 2330 1495 2418; baseline 0 -20"><span class='ocrx_word' id='word_1_186' title='bbox 211 2334 266 2399; x_wconf 90' lang='lat' dir='ltr'>sed</span> <span class='ocrx_word' id='word_1_187' title='bbox 289 2333 391 2397; x_wconf 89' lang='lat' dir='ltr'>libere</span> <span class='ocrx_word' id='word_1_188' title='bbox 415 2331 614 2416; x_wconf 85' lang='lat' dir='ltr'>exspatiatus</span> <span class='ocrx_word' id='word_1_189' title='bbox 638 2331 729 2395; x_wconf 87' lang='lat' dir='ltr'>varia</span> <span class='ocrx_word' id='word_1_190' title='bbox 752 2352 871 2417; x_wconf 82' lang='lat' dir='ltr'>genera</span> <span class='ocrx_word' id='word_1_191' title='bbox 894 2330 1072 2395; x_wconf 86' lang='lat' dir='ltr'>carminum</span> <span class='ocrx_word' id='word_1_192' title='bbox 1100 2335 1133 2394; x_wconf 93' lang='lat' dir='ltr'>et</span> <span class='ocrx_word' id='word_1_193' title='bbox 1160 2353 1311 2396; x_wconf 83' lang='lat' dir='ltr'>versuum</span> <span class='ocrx_word' id='word_1_194' title='bbox 1343 2334 1495 2418; x_wconf 84' lang='lat' dir='ltr'>amplecti</span> 
     </span>
    </p>
   </div>
   <div class='ocr_carea' id='block_1_3' title="bbox 137 2437 336 2504">
    <p class='ocr_par' dir='ltr' id='par_1_3' title="bbox 137 2437 336 2504">
     <span class='ocr_line' id='line_1_20' title="bbox 137 2437 336 2504; baseline -0.01 0"><span class='ocrx_word' id='word_1_195' title='bbox 137 2501 140 2504; x_wconf 87' lang='lat'>.</span> <span class='ocrx_word' id='word_1_196' title='bbox 210 2437 336 2504; x_wconf 89' lang='lat' dir='ltr'>maluit.</span> 
     </span>
    </p>
   </div>
   <div class='ocr_carea' id='block_1_4' title="bbox 211 2543 1524 4882">
    <p class='ocr_par' dir='ltr' id='par_1_4' title="bbox 211 2543 1524 4882">
     <span class='ocr_line' id='line_1_21' title="bbox 300 2543 1496 2632; baseline 0.002 -22"><span class='ocrx_word' id='word_1_197' title='bbox 300 2546 354 2610; x_wconf 87' lang='lat' dir='ltr'>De</span> <span class='ocrx_word' id='word_1_198' title='bbox 366 2546 538 2611; x_wconf 90' lang='lat' dir='ltr'>colorum</span> <span class='ocrx_word' id='word_1_199' title='bbox 552 2545 702 2610; x_wconf 87' lang='lat' dir='ltr'>finibus</span> <span class='ocrx_word' id='word_1_200' title='bbox 717 2545 913 2630; x_wconf 89' lang='lat' dir='ltr'>scriptura</span> <span class='ocrx_word' id='word_1_201' title='bbox 928 2543 1214 2629; x_wconf 80' lang='lat' dir='ltr'>significandis.</span> <span class='ocrx_word' id='word_1_202' title='bbox 1236 2547 1496 2632; x_wconf 83' lang='lat' dir='ltr'>Adpostremum</span> 
     </span>
     <span class='ocr_line' id='line_1_22' title="bbox 211 2649 1496 2739; baseline 0.002 -21"><span class='ocrx_word' id='word_1_203' title='bbox 211 2653 323 2739; x_wconf 89' lang='lat' dir='ltr'>paucis</span> <span class='ocrx_word' id='word_1_204' title='bbox 344 2654 536 2718; x_wconf 90' lang='lat' dir='ltr'>adumbrare</span> <span class='ocrx_word' id='word_1_205' title='bbox 560 2653 666 2717; x_wconf 87' lang='lat' dir='ltr'>visum</span> <span class='ocrx_word' id='word_1_206' title='bbox 690 2657 749 2737; x_wconf 86' lang='lat' dir='ltr'>est,</span> <span class='ocrx_word' id='word_1_207' title='bbox 772 2673 869 2736; x_wconf 91' lang='lat' dir='ltr'>quam</span> <span class='ocrx_word' id='word_1_208' title='bbox 894 2649 978 2715; x_wconf 82' lang='lat' dir='ltr'>viam</span> <span class='ocrx_word' id='word_1_209' title='bbox 1002 2652 1042 2716; x_wconf 90' lang='lat' dir='ltr'>ad</span> <span class='ocrx_word' id='word_1_210' title='bbox 1065 2651 1237 2717; x_wconf 89' lang='lat' dir='ltr'>indicanda</span> <span class='ocrx_word' id='word_1_211' title='bbox 1255 2653 1327 2718; x_wconf 92' lang='grc'>1011</span> <span class='ocrx_word' id='word_1_212' title='bbox 1345 2676 1496 2720; x_wconf 80' lang='lat' dir='ltr'>versuum</span> 
     </span>
     <span class='ocr_line' id='line_1_23' title="bbox 212 2756 1495 2848; baseline 0.001 -22"><span class='ocrx_word' id='word_1_213' title='bbox 212 2761 378 2848; x_wconf 86' lang='lat' dir='ltr'>ingressus</span> <span class='ocrx_word' id='word_1_214' title='bbox 402 2760 473 2825; x_wconf 90' lang='lat' dir='ltr'>sim.</span> <span class='ocrx_word' id='word_1_215' title='bbox 514 2759 623 2845; x_wconf 85' lang='lat' dir='ltr'>Atque</span> <span class='ocrx_word' id='word_1_216' title='bbox 648 2781 746 2843; x_wconf 90' lang='lat' dir='ltr'>supra</span> <span class='ocrx_word' id='word_1_217' title='bbox 768 2757 834 2822; x_wconf 89' lang='lat' dir='ltr'>iarn</span> <span class='ocrx_word' id='word_1_218' title='bbox 858 2756 924 2822; x_wconf 85' lang='lat' dir='ltr'>dixi</span> <span class='ocrx_word' id='word_1_219' title='bbox 943 2780 1095 2836; x_wconf 82' lang='lat' dir='ltr'>versuum</span> <span class='ocrx_word' id='word_1_220' title='bbox 1114 2759 1495 2845; x_wconf 85' lang='lat' dir='ltr'>dactylo-epitriticorum</span> 
     </span>
     <span class='ocr_line' id='line_1_24' title="bbox 212 2864 1496 2949; baseline 0.002 -17"><span class='ocrx_word' id='word_1_221' title='bbox 212 2867 283 2933; x_wconf 93' lang='lat' dir='ltr'>cola</span> <span class='ocrx_word' id='word_1_222' title='bbox 307 2868 385 2932; x_wconf 92' lang='lat' dir='ltr'>solis</span> <span class='ocrx_word' id='word_1_223' title='bbox 408 2866 444 2931; x_wconf 92' lang='lat' dir='ltr'>in</span> <span class='ocrx_word' id='word_1_224' title='bbox 466 2866 650 2949; x_wconf 86' lang='lat' dir='ltr'>schematis,</span> <span class='ocrx_word' id='word_1_225' title='bbox 673 2887 739 2930; x_wconf 93' lang='lat' dir='ltr'>non</span> <span class='ocrx_word' id='word_1_226' title='bbox 758 2864 857 2930; x_wconf 89' lang='lat' dir='ltr'>etiarn</span> <span class='ocrx_word' id='word_1_227' title='bbox 876 2864 910 2928; x_wconf 90' lang='lat' dir='ltr'>in</span> <span class='ocrx_word' id='word_1_228' title='bbox 930 2867 1102 2931; x_wconf 83' lang='lat' dir='ltr'>verborum</span> <span class='ocrx_word' id='word_1_229' title='bbox 1122 2871 1214 2931; x_wconf 88' lang='lat' dir='ltr'>textu</span> <span class='ocrx_word' id='word_1_230' title='bbox 1233 2891 1253 2932; x_wconf 89' lang='lat' dir='ltr'>a</span> <span class='ocrx_word' id='word_1_231' title='bbox 1270 2890 1322 2933; x_wconf 91' lang='lat' dir='ltr'>me</span> <span class='ocrx_word' id='word_1_232' title='bbox 1341 2869 1445 2935; x_wconf 86' lang='lat' dir='ltr'>divisa</span> <span class='ocrx_word' id='word_1_233' title='bbox 1463 2875 1496 2935; x_wconf 93' lang='lat' dir='ltr'>et</span> 
     </span>
     <span class='ocr_line' id='line_1_25' title="bbox 212 2971 1496 3065; baseline 0.003 -26"><span class='ocrx_word' id='word_1_234' title='bbox 212 2974 354 3065; x_wconf 83' lang='lat' dir='ltr'>iudicata</span> <span class='ocrx_word' id='word_1_235' title='bbox 371 2996 449 3039; x_wconf 91' lang='lat' dir='ltr'>esse.</span> <span class='ocrx_word' id='word_1_236' title='bbox 487 2973 577 3038; x_wconf 88' lang='lat' dir='ltr'>Idem</span> <span class='ocrx_word' id='word_1_237' title='bbox 596 2973 696 3038; x_wconf 91' lang='lat' dir='ltr'>etiam</span> <span class='ocrx_word' id='word_1_238' title='bbox 714 2973 748 3037; x_wconf 88' lang='lat' dir='ltr'>in</span> <span class='ocrx_word' id='word_1_239' title='bbox 766 2971 964 3058; x_wconf 85' lang='lat' dir='ltr'>logaoedicis</span> <span class='ocrx_word' id='word_1_240' title='bbox 984 2974 1130 3040; x_wconf 85' lang='lat' dir='ltr'>versibus</span> <span class='ocrx_word' id='word_1_241' title='bbox 1148 2997 1393 3060; x_wconf 89' lang='lat' dir='ltr'>nonnumquam</span> <span class='ocrx_word' id='word_1_242' title='bbox 1412 2999 1496 3043; x_wconf 93' lang='lat' dir='ltr'>com-</span> 
     </span>
     <span class='ocr_line' id='line_1_26' title="bbox 213 3079 1495 3165; baseline 0.001 -18"><span class='ocrx_word' id='word_1_243' title='bbox 213 3080 408 3147; x_wconf 90' lang='lat' dir='ltr'>mittendum</span> <span class='ocrx_word' id='word_1_244' title='bbox 435 3080 561 3165; x_wconf 87' lang='lat' dir='ltr'>putavi,</span> <span class='ocrx_word' id='word_1_245' title='bbox 594 3080 622 3144; x_wconf 92' lang='lat' dir='ltr'>si</span> <span class='ocrx_word' id='word_1_246' title='bbox 651 3081 723 3145; x_wconf 92' lang='lat' dir='ltr'>cola</span> <span class='ocrx_word' id='word_1_247' title='bbox 750 3079 954 3145; x_wconf 84' lang='lat' dir='ltr'>breviuscula</span> <span class='ocrx_word' id='word_1_248' title='bbox 983 3103 1087 3165; x_wconf 88' lang='lat' dir='ltr'>neque</span> <span class='ocrx_word' id='word_1_249' title='bbox 1115 3082 1372 3149; x_wconf 87' lang='lat' dir='ltr'>conformatione</span> <span class='ocrx_word' id='word_1_250' title='bbox 1400 3084 1495 3150; x_wconf 91' lang='lat' dir='ltr'>metri</span> 
     </span>
     <span class='ocr_line' id='line_1_27' title="bbox 213 3185 1495 3274; baseline 0 -21"><span class='ocrx_word' id='word_1_251' title='bbox 213 3194 364 3273; x_wconf 86' lang='lat' dir='ltr'>separata</span> <span class='ocrx_word' id='word_1_252' title='bbox 387 3193 420 3251; x_wconf 88' lang='lat' dir='ltr'>et</span> <span class='ocrx_word' id='word_1_253' title='bbox 443 3188 603 3272; x_wconf 89' lang='lat' dir='ltr'>dirempta</span> <span class='ocrx_word' id='word_1_254' title='bbox 626 3187 700 3252; x_wconf 88' lang='lat' dir='ltr'>vidi.</span> <span class='ocrx_word' id='word_1_255' title='bbox 743 3185 932 3253; x_wconf 80' lang='lat' dir='ltr'>Ceterorum</span> <span class='ocrx_word' id='word_1_256' title='bbox 957 3193 1066 3253; x_wconf 88' lang='lat' dir='ltr'>autern</span> <span class='ocrx_word' id='word_1_257' title='bbox 1090 3212 1248 3255; x_wconf 89' lang='lat' dir='ltr'>-versuum</span> <span class='ocrx_word' id='word_1_258' title='bbox 1276 3190 1348 3254; x_wconf 88' lang='lat' dir='ltr'>cola</span> <span class='ocrx_word' id='word_1_259' title='bbox 1376 3191 1495 3274; x_wconf 87' lang='lat' dir='ltr'>duplici</span> 
     </span>
     <span class='ocr_line' id='line_1_28' title="bbox 213 3294 1494 3380; baseline -0.002 -20"><span class='ocrx_word' id='word_1_260' title='bbox 213 3295 310 3360; x_wconf 92' lang='lat' dir='ltr'>modo</span> <span class='ocrx_word' id='word_1_261' title='bbox 333 3294 368 3359; x_wconf 90' lang='lat' dir='ltr'>in</span> <span class='ocrx_word' id='word_1_262' title='bbox 391 3299 481 3359; x_wconf 85' lang='lat' dir='ltr'>textu</span> <span class='ocrx_word' id='word_1_263' title='bbox 506 3295 685 3379; x_wconf 90' lang='lat' dir='ltr'>separanda</span> <span class='ocrx_word' id='word_1_264' title='bbox 708 3294 798 3380; x_wconf 87' lang='lat' dir='ltr'>duxi,</span> <span class='ocrx_word' id='word_1_265' title='bbox 824 3299 862 3359; x_wconf 90' lang='lat' dir='ltr'>ut</span> <span class='ocrx_word' id='word_1_266' title='bbox 885 3300 942 3360; x_wconf 90' lang='lat' dir='ltr'>aut</span> <span class='ocrx_word' id='word_1_267' title='bbox 965 3295 1216 3379; x_wconf 90' lang='lat' dir='ltr'>unumquodque</span> <span class='ocrx_word' id='word_1_268' title='bbox 1240 3295 1335 3360; x_wconf 87' lang='lat' dir='ltr'>colon</span> <span class='ocrx_word' id='word_1_269' title='bbox 1362 3294 1494 3378; x_wconf 88' lang='lat' dir='ltr'>proprio</span> 
     </span>
     <span class='ocr_line' id='line_1_29' title="bbox 213 3400 1495 3490; baseline -0.002 -23"><span class='ocrx_word' id='word_1_270' title='bbox 213 3425 308 3467; x_wconf 84' lang='lat' dir='ltr'>versu</span> <span class='ocrx_word' id='word_1_271' title='bbox 335 3403 547 3487; x_wconf 81' lang='lat' dir='ltr'>includerem,</span> <span class='ocrx_word' id='word_1_272' title='bbox 578 3407 635 3467; x_wconf 89' lang='lat' dir='ltr'>aut</span> <span class='ocrx_word' id='word_1_273' title='bbox 667 3402 787 3467; x_wconf 89' lang='lat' dir='ltr'>lineola</span> <span class='ocrx_word' id='word_1_274' title='bbox 819 3407 1004 3468; x_wconf 83' lang='lat' dir='ltr'>transversa</span> <span class='ocrx_word' id='word_1_275' title='bbox 1027 3401 1074 3490; x_wconf 83' lang='lat'>(.)</span> <span class='ocrx_word' id='word_1_276' title='bbox 1103 3401 1295 3486; x_wconf 89' lang='lat' dir='ltr'>interposita</span> <span class='ocrx_word' id='word_1_277' title='bbox 1323 3401 1394 3465; x_wconf 88' lang='lat' dir='ltr'>oola</span> <span class='ocrx_word' id='word_1_278' title='bbox 1422 3400 1495 3464; x_wconf 91' lang='lat' dir='ltr'>diri-</span> 
     </span>
     <span class='ocr_line' id='line_1_30' title="bbox 213 3508 1496 3594; baseline -0.002 -19"><span class='ocrx_word' id='word_1_279' title='bbox 213 3533 342 3575; x_wconf 91' lang='lat' dir='ltr'>merem.</span> <span class='ocrx_word' id='word_1_280' title='bbox 388 3509 460 3575; x_wconf 90' lang='lat' dir='ltr'>Hoc</span> <span class='ocrx_word' id='word_1_281' title='bbox 488 3510 627 3574; x_wconf 88' lang='lat' dir='ltr'>alterum</span> <span class='ocrx_word' id='word_1_282' title='bbox 655 3532 706 3574; x_wconf 92' lang='lat' dir='ltr'>me</span> <span class='ocrx_word' id='word_1_283' title='bbox 736 3508 777 3573; x_wconf 93' lang='lat' dir='ltr'>iis</span> <span class='ocrx_word' id='word_1_284' title='bbox 808 3509 843 3574; x_wconf 94' lang='lat' dir='ltr'>in</span> <span class='ocrx_word' id='word_1_285' title='bbox 876 3510 1022 3575; x_wconf 87' lang='lat' dir='ltr'>versibus</span> <span class='ocrx_word' id='word_1_286' title='bbox 1056 3509 1148 3593; x_wconf 91' lang='lat' dir='ltr'>solis,</span> <span class='ocrx_word' id='word_1_287' title='bbox 1180 3528 1318 3591; x_wconf 93' lang='lat' dir='ltr'>quorum</span> <span class='ocrx_word' id='word_1_288' title='bbox 1350 3509 1496 3594; x_wconf 88' lang='lat' dir='ltr'>rhythmi</span> 
     </span>
     <span class='ocr_line' id='line_1_31' title="bbox 212 3613 1494 3702; baseline -0.001 -20"><span class='ocrx_word' id='word_1_289' title='bbox 212 3640 325 3682; x_wconf 90' lang='lat' dir='ltr'>cursus</span> <span class='ocrx_word' id='word_1_290' title='bbox 357 3618 661 3702; x_wconf 89' lang='lat' dir='ltr'>interrumperetur,</span> <span class='ocrx_word' id='word_1_291' title='bbox 696 3615 878 3682; x_wconf 88' lang='lat' dir='ltr'>instituisse</span> <span class='ocrx_word' id='word_1_292' title='bbox 910 3639 976 3681; x_wconf 93' lang='lat' dir='ltr'>non</span> <span class='ocrx_word' id='word_1_293' title='bbox 1004 3619 1054 3681; x_wconf 89' lang='lat' dir='ltr'>est</span> <span class='ocrx_word' id='word_1_294' title='bbox 1082 3614 1167 3700; x_wconf 91' lang='lat' dir='ltr'>quod</span> <span class='ocrx_word' id='word_1_295' title='bbox 1195 3613 1308 3679; x_wconf 90' lang='lat' dir='ltr'>multis</span> <span class='ocrx_word' id='word_1_296' title='bbox 1336 3637 1494 3700; x_wconf 82' lang='lat' dir='ltr'>exponam</span> 
     </span>
     <span class='ocr_line' id='line_1_32' title="bbox 213 3720 1496 3806; baseline 0 -18"><span class='ocrx_word' id='word_1_297' title='bbox 213 3729 247 3789; x_wconf 88' lang='lat' dir='ltr'>et</span> <span class='ocrx_word' id='word_1_298' title='bbox 270 3724 447 3789; x_wconf 87' lang='lat' dir='ltr'>defendam.</span> <span class='ocrx_word' id='word_1_299' title='bbox 491 3725 552 3789; x_wconf 89' lang='lat' dir='ltr'>Sed</span> <span class='ocrx_word' id='word_1_300' title='bbox 576 3748 633 3791; x_wconf 90' lang='lat' dir='ltr'>cur</span> <span class='ocrx_word' id='word_1_301' title='bbox 655 3746 721 3788; x_wconf 92' lang='lat' dir='ltr'>non</span> <span class='ocrx_word' id='word_1_302' title='bbox 744 3747 843 3790; x_wconf 86' lang='lat' dir='ltr'>unam</span> <span class='ocrx_word' id='word_1_303' title='bbox 861 3725 1022 3789; x_wconf 90' lang='lat' dir='ltr'>rationem</span> <span class='ocrx_word' id='word_1_304' title='bbox 1043 3721 1146 3787; x_wconf 90' lang='lat' dir='ltr'>solam</span> <span class='ocrx_word' id='word_1_305' title='bbox 1164 3720 1303 3806; x_wconf 88' lang='lat' dir='ltr'>inierim,</span> <span class='ocrx_word' id='word_1_306' title='bbox 1326 3727 1421 3788; x_wconf 90' lang='lat' dir='ltr'>erunt</span> <span class='ocrx_word' id='word_1_307' title='bbox 1441 3723 1496 3806; x_wconf 91' lang='lat' dir='ltr'>qui</span> 
     </span>
     <span class='ocr_line' id='line_1_33' title="bbox 214 3829 1496 3917; baseline 0 -22"><span class='ocrx_word' id='word_1_308' title='bbox 214 3854 265 3896; x_wconf 90' lang='lat' dir='ltr'>me</span> <span class='ocrx_word' id='word_1_309' title='bbox 283 3831 488 3917; x_wconf 82' lang='lat' dir='ltr'>interrogent</span> <span class='ocrx_word' id='word_1_310' title='bbox 507 3836 563 3897; x_wconf 92' lang='lat' dir='ltr'>aut</span> <span class='ocrx_word' id='word_1_311' title='bbox 582 3831 680 3896; x_wconf 91' lang='lat' dir='ltr'>etiarn</span> <span class='ocrx_word' id='word_1_312' title='bbox 701 3835 843 3916; x_wconf 87' lang='lat' dir='ltr'>carpant.</span> <span class='ocrx_word' id='word_1_313' title='bbox 885 3830 1010 3906; x_wconf 82' lang='lat' dir='ltr'>Quibus</span> <span class='ocrx_word' id='word_1_314' title='bbox 1027 3829 1076 3894; x_wconf 86' lang='lat' dir='ltr'>ita</span> <span class='ocrx_word' id='word_1_315' title='bbox 1093 3829 1281 3914; x_wconf 87' lang='lat' dir='ltr'>respondeo,</span> <span class='ocrx_word' id='word_1_316' title='bbox 1305 3834 1400 3893; x_wconf 91' lang='lat' dir='ltr'>utne</span> <span class='ocrx_word' id='word_1_317' title='bbox 1420 3830 1496 3914; x_wconf 92' lang='lat' dir='ltr'>quid</span> 
     </span>
     <span class='ocr_line' id='line_1_34' title="bbox 213 3935 1496 4024; baseline -0.002 -21"><span class='ocrx_word' id='word_1_318' title='bbox 213 3938 398 4003; x_wconf 87' lang='lat' dir='ltr'>reconditae</span> <span class='ocrx_word' id='word_1_319' title='bbox 426 3939 563 4004; x_wconf 90' lang='lat' dir='ltr'>rationis</span> <span class='ocrx_word' id='word_1_320' title='bbox 590 3940 625 4003; x_wconf 91' lang='lat' dir='ltr'>irr</span> <span class='ocrx_word' id='word_1_321' title='bbox 652 3940 714 4004; x_wconf 88' lang='lat' dir='ltr'>hac</span> <span class='ocrx_word' id='word_1_322' title='bbox 743 3939 863 4024; x_wconf 88' lang='lat' dir='ltr'>duplici</span> <span class='ocrx_word' id='word_1_323' title='bbox 895 3937 945 4003; x_wconf 88' lang='lat' dir='ltr'>vel</span> <span class='ocrx_word' id='word_1_324' title='bbox 972 3936 1082 4022; x_wconf 90' lang='lat' dir='ltr'>potius</span> <span class='ocrx_word' id='word_1_325' title='bbox 1111 3935 1232 4019; x_wconf 91' lang='lat' dir='ltr'>triplici</span> <span class='ocrx_word' id='word_1_326' title='bbox 1261 3937 1313 4000; x_wconf 86' lang='grc'>111</span> <span class='ocrx_word' id='word_1_327' title='bbox 1341 3942 1496 4019; x_wconf 88' lang='lat' dir='ltr'>quaerant</span> 
     </span>
     <span class='ocr_line' id='line_1_35' title="bbox 213 4043 1496 4131; baseline -0.002 -21"><span class='ocrx_word' id='word_1_328' title='bbox 213 4049 347 4131; x_wconf 81' lang='lat' dir='ltr'>rogatos</span> <span class='ocrx_word' id='word_1_329' title='bbox 362 4044 466 4109; x_wconf 81' lang='lat' dir='ltr'>velim.</span> <span class='ocrx_word' id='word_1_330' title='bbox 500 4045 576 4110; x_wconf 92' lang='lat' dir='ltr'>Non</span> <span class='ocrx_word' id='word_1_331' title='bbox 591 4050 657 4110; x_wconf 89' lang='lat' dir='ltr'>tam</span> <span class='ocrx_word' id='word_1_332' title='bbox 672 4046 798 4110; x_wconf 89' lang='lat' dir='ltr'>ratione</span> <span class='ocrx_word' id='word_1_333' title='bbox 813 4045 938 4126; x_wconf 88' lang='lat' dir='ltr'>ductus,</span> <span class='ocrx_word' id='word_1_334' title='bbox 958 4065 1055 4127; x_wconf 88' lang='lat' dir='ltr'>quam</span> <span class='ocrx_word' id='word_1_335' title='bbox 1071 4043 1192 4127; x_wconf 88' lang='lat' dir='ltr'>partim</span> <span class='ocrx_word' id='word_1_336' title='bbox 1206 4043 1394 4107; x_wconf 89' lang='lat' dir='ltr'>necessitati</span> <span class='ocrx_word' id='word_1_337' title='bbox 1408 4044 1496 4109; x_wconf 86' lang='lat' dir='ltr'>volu-</span> 
     </span>
     <span class='ocr_line' id='line_1_36' title="bbox 213 4150 1524 4238; baseline -0.002 -21"><span class='ocrx_word' id='word_1_338' title='bbox 213 4152 310 4217; x_wconf 87' lang='lat' dir='ltr'>minis</span> <span class='ocrx_word' id='word_1_339' title='bbox 329 4175 455 4237; x_wconf 87' lang='lat' dir='ltr'>parens,</span> <span class='ocrx_word' id='word_1_340' title='bbox 475 4153 594 4238; x_wconf 86' lang='lat' dir='ltr'>partim</span> <span class='ocrx_word' id='word_1_341' title='bbox 615 4158 651 4217; x_wconf 93' lang='lat' dir='ltr'>ut</span> <span class='ocrx_word' id='word_1_342' title='bbox 670 4154 801 4218; x_wconf 90' lang='lat' dir='ltr'>chartae</span> <span class='ocrx_word' id='word_1_343' title='bbox 819 4172 993 4236; x_wconf 88' lang='lat' dir='ltr'>parcerem,</span> <span class='ocrx_word' id='word_1_344' title='bbox 1012 4150 1132 4237; x_wconf 89' lang='lat' dir='ltr'>partim</span> <span class='ocrx_word' id='word_1_345' title='bbox 1150 4173 1190 4215; x_wconf 91' lang='lat' dir='ltr'>ne</span> <span class='ocrx_word' id='word_1_346' title='bbox 1210 4151 1316 4234; x_wconf 89' lang='lat' dir='ltr'>specie</span> <span class='ocrx_word' id='word_1_347' title='bbox 1334 4151 1497 4217; x_wconf 88' lang='lat' dir='ltr'>inconcin-</span> <span class='ocrx_word' id='word_1_348' title='bbox 1520 4221 1524 4233; x_wconf 55' lang='lat'><strong><em>‚</em></strong></span> 
     </span>
     <span class='ocr_line' id='line_1_37' title="bbox 213 4256 1497 4343; baseline -0.001 -20"><span class='ocrx_word' id='word_1_349' title='bbox 213 4258 327 4323; x_wconf 85' lang='lat' dir='ltr'>nitatis</span> <span class='ocrx_word' id='word_1_350' title='bbox 352 4259 463 4324; x_wconf 91' lang='lat' dir='ltr'>oculos</span> <span class='ocrx_word' id='word_1_351' title='bbox 486 4260 644 4325; x_wconf 92' lang='lat' dir='ltr'>lectorum</span> <span class='ocrx_word' id='word_1_352' title='bbox 670 4260 843 4343; x_wconf 88' lang='lat' dir='ltr'>laederem,</span> <span class='ocrx_word' id='word_1_353' title='bbox 872 4257 946 4342; x_wconf 92' lang='lat' dir='ltr'>plus</span> <span class='ocrx_word' id='word_1_354' title='bbox 974 4279 1072 4322; x_wconf 87' lang='lat' dir='ltr'>unam</span> <span class='ocrx_word' id='word_1_355' title='bbox 1096 4256 1181 4321; x_wconf 86' lang='lat' dir='ltr'>viam</span> <span class='ocrx_word' id='word_1_356' title='bbox 1210 4256 1336 4342; x_wconf 85' lang='lat' dir='ltr'>ingredi</span> <span class='ocrx_word' id='word_1_357' title='bbox 1359 4258 1497 4323; x_wconf 88' lang='lat' dir='ltr'>institui.</span> 
     </span>
     <span class='ocr_line' id='line_1_38' title="bbox 214 4363 1497 4453; baseline 0 -23"><span class='ocrx_word' id='word_1_358' title='bbox 214 4364 322 4450; x_wconf 81' lang='lat' dir='ltr'>Atque</span> <span class='ocrx_word' id='word_1_359' title='bbox 344 4367 487 4451; x_wconf 90' lang='lat' dir='ltr'>primum</span> <span class='ocrx_word' id='word_1_360' title='bbox 506 4368 626 4452; x_wconf 90' lang='lat' dir='ltr'>epodos</span> <span class='ocrx_word' id='word_1_361' title='bbox 645 4372 678 4431; x_wconf 91' lang='lat' dir='ltr'>et</span> <span class='ocrx_word' id='word_1_362' title='bbox 696 4365 837 4453; x_wconf 89' lang='lat' dir='ltr'>proodos</span> <span class='ocrx_word' id='word_1_363' title='bbox 856 4387 895 4430; x_wconf 89' lang='lat' dir='ltr'>ex</span> <span class='ocrx_word' id='word_1_364' title='bbox 914 4364 1039 4430; x_wconf 92' lang='lat' dir='ltr'>duobus</span> <span class='ocrx_word' id='word_1_365' title='bbox 1058 4363 1194 4450; x_wconf 86' lang='lat' dir='ltr'>pedibus</span> <span class='ocrx_word' id='word_1_366' title='bbox 1214 4363 1293 4429; x_wconf 90' lang='lat' dir='ltr'>solis</span> <span class='ocrx_word' id='word_1_367' title='bbox 1313 4369 1497 4431; x_wconf 89' lang='lat' dir='ltr'>constantes</span> 
     </span>
     <span class='ocr_line' id='line_1_39' title="bbox 213 4471 1498 4558; baseline 0 -21"><span class='ocrx_word' id='word_1_368' title='bbox 213 4473 354 4558; x_wconf 90' lang='lat' dir='ltr'>propriis</span> <span class='ocrx_word' id='word_1_369' title='bbox 377 4474 523 4539; x_wconf 83' lang='lat' dir='ltr'>versibus</span> <span class='ocrx_word' id='word_1_370' title='bbox 547 4497 613 4539; x_wconf 90' lang='lat' dir='ltr'>non</span> <span class='ocrx_word' id='word_1_371' title='bbox 637 4473 770 4558; x_wconf 89' lang='lat' dir='ltr'>inclusi,</span> <span class='ocrx_word' id='word_1_372' title='bbox 793 4495 832 4537; x_wconf 93' lang='lat' dir='ltr'>ne</span> <span class='ocrx_word' id='word_1_373' title='bbox 856 4477 966 4538; x_wconf 87' lang='lat' dir='ltr'>textus</span> <span class='ocrx_word' id='word_1_374' title='bbox 989 4473 1162 4537; x_wconf 86' lang='lat' dir='ltr'>verborum</span> <span class='ocrx_word' id='word_1_375' title='bbox 1185 4471 1283 4536; x_wconf 89' lang='lat' dir='ltr'>nimis</span> <span class='ocrx_word' id='word_1_376' title='bbox 1306 4473 1442 4557; x_wconf 92' lang='lat' dir='ltr'>pusillas</span> <span class='ocrx_word' id='word_1_377' title='bbox 1463 4473 1498 4537; x_wconf 90' lang='lat' dir='ltr'>in</span> 
     </span>
     <span class='ocr_line' id='line_1_40' title="bbox 214 4578 1496 4667; baseline -0.002 -22"><span class='ocrx_word' id='word_1_378' title='bbox 214 4580 390 4665; x_wconf 89' lang='lat' dir='ltr'>particulas</span> <span class='ocrx_word' id='word_1_379' title='bbox 415 4582 657 4667; x_wconf 86' lang='lat' dir='ltr'>discerperetur.</span> <span class='ocrx_word' id='word_1_380' title='bbox 698 4579 821 4646; x_wconf 92' lang='lat' dir='ltr'>Deinde</span> <span class='ocrx_word' id='word_1_381' title='bbox 846 4579 945 4644; x_wconf 89' lang='lat' dir='ltr'>etiam</span> <span class='ocrx_word' id='word_1_382' title='bbox 969 4578 1131 4644; x_wconf 89' lang='lat' dir='ltr'>clausulas</span> <span class='ocrx_word' id='word_1_383' title='bbox 1154 4579 1255 4644; x_wconf 91' lang='lat' dir='ltr'>trium</span> <span class='ocrx_word' id='word_1_384' title='bbox 1283 4579 1401 4664; x_wconf 90' lang='lat' dir='ltr'>pedum</span> <span class='ocrx_word' id='word_1_385' title='bbox 1425 4603 1496 4644; x_wconf 89' lang='lat' dir='ltr'>curn</span> 
     </span>
     <span class='ocr_line' id='line_1_41' title="bbox 215 4686 1498 4771; baseline -0.001 -19"><span class='ocrx_word' id='word_1_386' title='bbox 215 4688 423 4754; x_wconf 86' lang='lat' dir='ltr'>antecedente</span> <span class='ocrx_word' id='word_1_387' title='bbox 447 4690 518 4753; x_wconf 88' lang='lat' dir='ltr'>colo</span> <span class='ocrx_word' id='word_1_388' title='bbox 543 4711 643 4753; x_wconf 92' lang='lat' dir='ltr'>unum</span> <span class='ocrx_word' id='word_1_389' title='bbox 666 4688 700 4753; x_wconf 93' lang='lat' dir='ltr'>in</span> <span class='ocrx_word' id='word_1_390' title='bbox 724 4709 851 4751; x_wconf 88' lang='lat' dir='ltr'>versum</span> <span class='ocrx_word' id='word_1_391' title='bbox 876 4686 1041 4771; x_wconf 87' lang='lat' dir='ltr'>coniunxi,</span> <span class='ocrx_word' id='word_1_392' title='bbox 1071 4687 1176 4752; x_wconf 91' lang='lat' dir='ltr'>sicubi</span> <span class='ocrx_word' id='word_1_393' title='bbox 1199 4686 1377 4752; x_wconf 89' lang='lat' dir='ltr'>clausulam</span> <span class='ocrx_word' id='word_1_394' title='bbox 1400 4687 1498 4752; x_wconf 89' lang='lat' dir='ltr'>istam</span> 
     </span>
     <span class='ocr_line' id='line_1_42' title="bbox 215 4793 1499 4882; baseline -0.001 -22"><span class='ocrx_word' id='word_1_395' title='bbox 215 4794 368 4882; x_wconf 87' lang='lat' dir='ltr'>rhythmo</span> <span class='ocrx_word' id='word_1_396' title='bbox 401 4819 468 4863; x_wconf 91' lang='lat' dir='ltr'>non</span> <span class='ocrx_word' id='word_1_397' title='bbox 499 4796 683 4882; x_wconf 91' lang='lat' dir='ltr'>interrupto</span> <span class='ocrx_word' id='word_1_398' title='bbox 716 4793 920 4861; x_wconf 85' lang='lat' dir='ltr'>antecedenti</span> <span class='ocrx_word' id='word_1_399' title='bbox 953 4794 1059 4860; x_wconf 89' lang='lat' dir='ltr'>versui</span> <span class='ocrx_word' id='word_1_400' title='bbox 1092 4793 1320 4860; x_wconf 87' lang='lat' dir='ltr'>adhaerentem</span> <span class='ocrx_word' id='word_1_401' title='bbox 1352 4793 1431 4879; x_wconf 87' lang='lat' dir='ltr'>vidi,</span> <span class='ocrx_word' id='word_1_402' title='bbox 1462 4799 1499 4859; x_wconf 92' lang='lat' dir='ltr'>ut</span> 
     </span>
    </p>
   </div>
   <div class='ocr_carea' id='block_1_5' title="bbox 0 0 1715 5378">
    <p class='ocr_par' dir='ltr' id='par_1_5' title="bbox 0 0 1715 5378">
     <span class='ocr_line' id='line_1_43' title="bbox 0 0 1715 5378; baseline 0 0"><span class='ocrx_word' id='word_1_403' title='bbox 0 0 1715 5378; x_wconf 95' lang='lat' dir='ltr'> </span> 
     </span>
    </p>
   </div>
  </div>
 </body>
</html>
