3406 5378
654 374 701 427 IV.
730 374 779 424 DE
798 375 882 425 VITA
902 376 1057 429 PINDARI.

840 585 867 640 C.

252 711 630 795 ,7,11οειΕοε1ο11111
653 713 886 780 nommantariis
909 711 1089 780 Pindaricis
1113 712 1163 800 (ἐκ
1188 717 1404 837 Πινδαρικῶν

644 819 874 907 παρεκβολῶν)
897 822 1059 904 excerpta.

218 1000 228 1015 ·
308 968 464 1040 Τοιοῦτος
493 961 529 1028 δὲ
558 966 606 1029 ὢν
632 966 693 1055 τὴν
721 968 869 1048 ποίησιν,
902 965 947 1041 ὡς
974 964 1185 1051 άμυδρύτατα
1212 967 1404 1053 ὑπογράψαι
1431 969 1490 1034 τὸν

212 1072 319 1156 ἄνδρα
347 1069 486 1158 (χρῶσαι
514 1072 577 1158 γάρ
605 1073 641 1136 τὸ
665 1072 900 1157 σκιαγράφημα
923 1081 1021 1136 τοῦτο
1045 1075 1091 1149 είς
1114 1069 1240 1150 ἐντελὲς
1263 1080 1313 1156 εἴη
1337 1072 1379 1138 δν
1401 1074 1490 1139 πάνυ

212 1175 379 1265 ἐργῶδες),
403 1178 630 1263 έπιμεμέληται
653 1179 718 1244 ὑπὸ
742 1189 809 1244 τῶν
831 1183 982 1244 παλαιῶν
1005 1178 1059 1243 καὶ
1083 1182 1130 1257 είς
1151 1178 1269 1263 γένους
1292 1180 1490 1265 ἀναγραφήν

212 1288 273 1371 τήν
300 1286 382 1350 κατά
408 1309 442 1351 τε
471 1287 691 1372 Πλούταρχον
717 1283 772 1350 καὶ
800 1284 945 1372 ἑτέρους,
975 1285 1053 1372 παρ’
1079 1278 1129 1362 οἷς
1156 1285 1290 1372 φέρεται
1319 1288 1369 1353 ὅτι
1397 1289 1489 1371 κώμη

215 1396 370 1477 Θηβαίων
393 1394 428 1458 οί
445 1391 687 1478 Κυνοκέφαλοα
728 1391 762 1457 έκ
785 1393 906 1475 ταύτης
929 1395 964 1457 οί
984 1402 1044 1457 τοῦ
1067 1402 1176 1476 σοφοῦ
1195 1395 1293 1458 τοῦδε
1311 1393 1524 1481 γενέτορες,ο

211 1502 318 1585 πατὴρ
349 1497 411 1585 μὶν
438 1501 625 1583 Παγώνδας
657 1500 842 1588 ὀνοματικῷ
873 1498 964 1587 τύπῳ
994 1503 1142 1588 Βοιωτίῳ
1170 1482 1253 1565 κατά
1281 1502 1317 1565 τὸ
1343 1499 1489 1586 Ἐπαμει-

212 1608 353 1689 νώνδας,
377 1608 568 1692 Κρεώνδας·
591 1608 673 1672 κατὰ
692 1605 731 1672 δέ
747 1631 840 1684 τινας
859 1606 1057 1691 Δαϊφάντου
1077 1606 1097 1691 ἣ
1117 1611 1324 1673 Σκοπελίνου
1343 1608 1489 1691 αὐλητοῦ

211 1711 266 1779 καὶ
289 1718 459 1800 Μυρτοῦς.
501 1713 538 1791 ὃς
560 1714 601 1798 δή
622 1719 826 1790 Σκοπελῖνος
848 1715 910 1798 τήν
932 1714 1114 1797 αὐλητικήν
1136 1713 1273 1792 διδάξας
1295 1716 1354 1781 τὸν
1376 1717 1488 1793 παῖδα,

212 1822 284 1887 έπεί
304 1837 408 1906 φασιν
431 1816 519 1886 εἶδεν
542 1822 644 1886 αὐτὸν
664 1824 812 1905 μείζονος
830 1820 925 1899 ἕξεως
944 1822 1055 1906 φύντα
1073 1822 1155 1906 ήπερ
1173 1820 1231 1886 ὑπ’
1252 1822 1341 1909 αὐτῷ
1361 1828 1487 1888 τελειω-

211 1936 325 2013 θήναι,
348 1927 538 2014 παρέδωκεν
560 1931 607 2005 είς
629 1930 778 2013 μάθησιν
800 1934 975 2016 μελοποιῳ,
999 1938 1045 2016 τῳ
1068 1928 1294 2017 περιηδομένῳ
1319 1930 1418 2018 Λάσῳ
1443 1940 1488 2017 τῷ
1511 1946 1543 1995 10

206 2035 381 2121 Ἑρμιονεῑ,
399 2034 476 2120 παρ’
494 2029 520 2123 ᾧ
540 2034 721 2119 ἐπαιδεύθη
741 2038 802 2120 τήν
820 2038 969 2122 λορικήν.
1006 2038 1088 2101 ἔνιοι
1108 2032 1144 2100 δὲ
1163 2037 1222 2100 τὸν
1240 2035 1343 2101 αὐτὸν
1361 2040 1490 2120 έφασαν

198 2144 393 2235 ,διωννμίας
431 2145 518 2230 λόγῳ
552 2148 757 2209 Σκοπελῑνον
794 2141 849 2207 καὶ
882 2147 1079 2228 Δαΐφαντον
1112 2141 1275 2225 λέγεσθαι.
1326 2144 1421 2208 άλλοι
1453 2140 1489 2209 δὲ

210 2251 345 2335 πάτρων
377 2250 552 2337 Πινδάρου
585 2256 648 2315 εἴτε
680 2252 834 2337 πατρωὸν
866 2251 925 2315 τὸν
958 2255 1166 2315 Σκοπελῑνον
1197 2245 1291 2315 εἶπον
1324 2248 1489 2331 γενέσθαι.

211 2356 274 2423 είσὶ
297 2355 328 2422 δ’
351 2360 385 2421 οἳ
405 2355 460 2422 καὶ
483 2358 523 2422 οὐ
548 2359 687 2443 Μυρτώ,
710 2357 793 2422 άλλά
813 2358 1008 2439 Κλεοδίκην,
1032 2356 1052 2440 ή
1075 2358 1157 2421 κατὰ
1181 2360 1374 2439 σνναίρεσιν
1392 2361 1490 2422 Κλει-

210 2466 307 2548 δίκην
338 2463 461 2550 μητέρα
494 2474 539 2551 τῳ
571 2464 732 2551 Πινδάρῳ
765 2464 1012 2548 ἀναγράφουσι,
1046 2460 1211 2550 γενομένῳ
1246 2462 1298 2529 ἐπὶ
1330 2466 1491 2551 άρχοντος
1511 2480 1542 2529 15

211 2576 340 2648 Βίωνος
362 2572 444 2636 κατὰ
467 2574 545 2647 τοὺς
568 2575 710 2656 χρόνους
731 2573 912 2655 Αἰσχύλου,
936 2564 963 2658 ᾦ
985 2569 1039 2635 καὶ
1062 2569 1308 2655 συγγεγένηται,
1331 2571 1490 2656 ὁμιλήσας

209 2677 264 2745 καὶ
292 2679 498 2763 άπονάμενός
526 2703 557 2743 τι
585 2676 640 2743 καὶ
667 2687 725 2762 τής
753 2678 880 2743 ἐκείνου
908 2681 1169 2763 μεγαλοφωνίας.
1214 2675 1353 2761 τέθνηκε
1377 2676 1413 2743 δὲ
1437 2679 1489 2743 ὅτε

211 2789 249 2851 τά
277 2789 425 2871 Περσικά
455 2788 588 2870 ήκμαζε,
621 2787 703 2850 κατά
733 2787 794 2870 τήν
821 2784 918 2868 ἕκτην
945 2783 1000 2849 καλ
1027 2785 1253 2868 ὀγδοηκοστὴν
1278 2783 1489 2869 Ὀλυμπιάδα,

210 2895 306 2977 ζήσας
329 2897 384 2977 ἔτη
404 2892 437 2971 ’ἐξ
455 2892 510 2957 καλ
529 2891 695 2976 ἑξήκοντα,
717 2893 799 2957 κατὰ
818 2889 855 2957 δὲ
874 2892 984 2969 ένίους
1002 2892 1215 2975 ὀγδοήκοντα.
1257 2894 1329 2975 ἔσχε
1348 2891 1389 2957 δέ
1406 2910 1489 2978 φασι
1574 2952 1580 2963 ,

209 2999 399 3087 θυγατέρας
421 3001 497 3080 δύο,
522 2999 752 3086 Πρωτομάχην
774 2997 830 3064 καὶ
853 3001 1018 3083 Εὔμητιν,
1045 2996 1100 3063 καὶ
1121 3000 1199 3064 υίὸν
1221 2996 1258 3064 δὲ
1282 3002 1490 3084 Δαΐφαντον,
1509 3016 1543 3065 20

209 3110 314 3193 γήμας
338 3108 560 3190 Μεγάκλειαν·
590 3102 637 3171 ὧν
665 3109 706 3190 δή
733 3105 931 3192 θυγατέρων
957 3105 1116 3190 μέμνηται
1139 3103 1195 3171 καὶ
1218 3106 1406 3192 ἐπίγραμμα
1429 3128 1489 3171 πα-

211 3217 306 3280 λαιὸν
330 3213 449 3280 έκεῖνο·

337 3334 384 3404 Ἦ
403 3339 502 3423 μάλα
527 3338 768 3422 Πρωτομάχη
792 3335 916 3402 τεκαὶ
940 3338 1113 3421 Εὔμητις
1136 3340 1356 3423 λιγύφωνοι

387 3445 593 3530 Πινδάρου
617 3446 812 3510 ἔκλαυσαν
835 3443 1053 3530 θυγατέρες
1075 3449 1251 3529 πινυτιιί,

340 3552 528 3638 Ἀργόθεν
552 3547 647 3635 ἦμος
670 3552 804 3617 ἵκοντο
827 3549 1025 3635 κομίζουσ’
1047 3553 1187 3616 ἔνδοθι
1210 3562 1390 3636 κρωσσοῦ
1508 3569 1542 3618 11

387 3657 538 3737 λείψαν’
560 3658 632 3724 άπὸ
656 3658 786 3741 ξείνης
809 3657 936 3741 άθρόα
959 3668 1163 3743 πυρκαιῆς.

209 3803 245 3869 έν
273 3798 299 3868 δ
327 3805 369 3887 δή
398 3802 617 3886 ἐπιγράμματι
645 3801 685 3866 οὐ
714 3799 921 3885 δηλουμένου
950 3809 1008 3864 τοῦ
1036 3811 1106 3876 πῶς
1133 3800 1169 3865 ἐν
1186 3799 1301 3887 ’Ἀργει
1328 3802 1447 3867 θανὼν
1471 3802 1489 3868 δ

208 3913 380 3994 Πίνδαρος
407 3904 476 3974 εἶτα
504 3912 551 3985 είς
578 3911 639 3993 τήν
661 3910 804 3995 πατρίδα
829 3906 957 3972 ἐκεῖθεν
982 3907 1157 3991 ἐκομίσθη,
1186 3908 1273 3991 ὅμως
1296 3906 1386 3973 ἐστὶν
1409 3909 1489 3973 ὑπο-

210 4028 337 4102 νοῆσαι,
361 4018 411 4082 ὅτι
435 4016 592 4081 άπελθὼν
615 4022 662 4092 είς
685 4039 760 4080 τινα
780 4016 1053 4096 Πελοποννήσιον
1073 4013 1185 4096 άγῶνα
1204 4012 1258 4078 καὶ
1277 4015 1396 4079 θανὼν
1414 4013 1486 4079 κατ’

210 4125 291 4189 αὐτὸ
324 4126 360 4188 τὸ
379 4121 502 4209 ’Ἁργος
534 4122 683 4204 άπεδόθη
716 4120 845 4186 ἐκεῖθεν
871 4122 1007 4207 πατρίδι
1035 4123 1160 4206 νεκρός.
1211 4130 1255 4208 τῷ
1285 4117 1321 4185 δὲ
1349 4118 1488 4205 ῥηθέντι
1508 4141 1542 4189 30

191 4296 199 4313 ,
210 4232 273 4319 υίῳ
293 4229 477 4316 Δαιφάντῳ
501 4228 555 4294 καὶ
580 4228 836 4312 δαφνηφορικὸν
860 4221 946 4314 ᾆσμα
971 4226 1095 4337 γράψαι
1119 4225 1246 4310 λέγεται
1269 4227 1287 4293 δ
1310 4229 1429 4313 πατήρ,
1453 4227 1489 4305 ὃς

303 4413 325 4460 1.
350 4405 492 4459 Eustathii
511 4405 772 4487 prolegqmenorum
792 4420 865 4471 quae
884 4403 1054 4457 antecedunt
1073 4402 1187 4457 exhibet
1206 4403 1289 4471 Abel,
1315 4402 1428 4458 Scholia
1447 4420 1487 4458 re·

212 4477 358 4532 centiam
382 4475 496 4530 lindari
520 4476 642 4546 epinicia
664 4475 719 4529 vol.
734 4480 855 4544 1p3-
827 4481 958 4531 -.-17
984 4480 1025 4529 16.
1048 4471 1173 4543 Ἀβίωνος
1198 4475 1267 4543 οοδ,
1291 4472 1396 4538 Βίωνος
1419 4493 1487 4530 corr.

211 4548 321 4618 Ηογοσ,
324 4545 473 4637 ’Ἄρρωνος
492 4547 563 4602 coni.
583 4546 785 4613 Wilamowitz‚
809 4546 962 4600 Afistoiu
965 4546 1082 4599 ,Athen
1101 4564 1122 4597 ιι
1137 4551 1197 4599 302
1281 4551 1363 4615 17.sq
1389 4546 1434 4601 ὅτε
1453 4547 1487 4601 τίι

210 4619 337 4688 Περσικά
353 4623 476 4690 ηιμαζεν
490 4619 700 4707 transponenda
714 4614 1077 4705 ειιο1ροε1ονγγεγένηται.
1110 4616 1191 4671 Diod.
1206 4637 1233 4670 xi
1248 4623 1281 4671 ‘26
1297 4618 1334 4672 ad
1349 4617 1392 4673 01.
1405 4624 1486 4686 73⁸3:

210 4701 266 4745 τῶν
285 4690 316 4746 δὲ
336 4696 489 4761 μελοποιῶν
505 4687 647 4757 Πίνδαρος
665 4683 701 4758 ήν
719 4690 851 4757 ἀκμάζων
869 4688 941 4742 κατὰ
957 4688 1151 4751 τούτοοςτούς
1165 4686 1343 4758 χρόνους-
1364 4694 1406 4743 20.
1423 4662 1488 4743 Διδ-

211 4782 322 4832 φαντον
339 4763 451 4817 cod.
473 4767 515 4815 24.
536 4760 590 4815 ἔκλ
609 4758 1488 4849 πιν.Πινδ.θνγ.εοδ.;1εοιιεμ.θεῐὴοιδ;Πινδαρίουθύ-

154 4862 159 4869 -
210 4854 310 4904 γατρες
328 4833 374 4889 vel
393 4832 549 4943 Πινδάριαι
568 4832 638 4886 coni.
658 4832 811 4903 Ua-nger
780 4838 874 4885 -31.
895 4803 1046 4904 Διύφάιτῳ
1065 4831 1125 4885 cod.
