3406 5378
271 319 336 385 286
484 397 487 403 ,
740 321 888 373 cranam
908 321 1075 380 seruicia.

291 503 306 550 o
325 484 531 570 ἀναπνέομεν
550 481 614 549 -δ’
640 483 701 568 οὐχ
723 484 864 561 άπαντες
887 480 940 549 ἐπὶ
961 486 1054 548 ἴίσα·

325 599 426 677 εἴργει
450 589 486 657 δὲ
508 594 621 680 πότμῳ
646 589 779 673 ζυγένθ’
801 630 814 641 -
833 589 947 674 ἕτερον
969 587 1071 673 ἔτερα.
1118 591 1183 653 σὺν
1206 586 1242 653 δὲ
1266 587 1319 653 τίν

325 698 380 764 καῖ
403 711 480 776 παῖς
503 699 520 764 ὁ
547 702 751 782 Θεαρίωνος
772 697 873 784 ἀρετᾷ
895 694 1025 781 κριθεὶς

328 805 463 884 εὔδοξος
485 805 627 870 ἀείδεται
647 846 659 852 -
680 802 836 887 Σωγένης
858 804 938 887 μετά
960 801 1185 880 πενταέθλοις.

325 1004 423 1067 πόλιν
446 1002 509 1087 γὰρ
534 1002 742 1085 φιλόμολπον
765 1002 864 1065 stass
883 1000 1094 1084 δορικτύπων

274 1126 307 1173 10
327 1108 505 1173 Αἰακιδᾶν·
528 1107 615 1191 μάλα
638 1104 670 1172 δ’
696 1105 847 1172 έδέλοντι
870 1107 951 1191 σύμ-

369 1237 485 1301 πειρον
508 1213 634 1301 ἀγωνία
654 1255 667 1262 -
684 1214 798 1297 θυμὸν
821 1211 992 1298 ἀμφέπειν.

327 1324 358 1386 εί
380 1318 416 1386 δέ
439 1322 521 1407 τύχῃ
544 1345 594 1397 τις
616 1321 754 1406 έρ-δων,
777 1319 951 1404 μελίφρον’
977 1321 1087 1384 αἰτίαν

326 1429 435 1514 ῥοαῖσι
462 1432 611 1493 Μοι-σᾶν
635 1426 780 1511 ἐνέβαλε·
804 1424 858 1491 ταὶ
881 1428 1018 1512 μεγάλαι
1042 1429 1104 1511 γάρ
1128 1423 1224 1491 άλκαῖ

325 1538 445 1600 σκότον
466 1537 575 1600 πολὺν
597 1533 728 1618 ύμ-νων
751 1537 859 1618 ἔχοντι
884 1534 1049 1618 δεόμεναι·

324 1645 434 1727 ἔργοις
457 1639 494 1705 δὲ
516 1645 629 1716 καλοῖς
652 1643 829 1724 ἔσοπ-τρον
852 1646 968 1725 ἴσαμεν
991 1637 1040 1705 ἕνῖ
1063 1641 1127 1705 σὺν
1150 1641 1275 1727 τρόπῳ,

276 1765 307 1812 15
327 1750 358 1812 εί
379 1749 607 1832 Μναμοσύνας
629 1745 734 1812 ἕκα-τι
758 1746 1008 1831 λιπαράμπυκος

324 1855 458 1939 εὕρηται
482 1856 603 1919 άποινα
625 1856 779 1939 μόχύωυ
801 1859 935 1930 κλυταῖς
958 1851 1063 1918 έπέων
1086 1853 1222 1930 ἀοιδαῖς.

326 2048 426 2135 σοφοὶ
449 2046 486 2115 δὲ
508 2048 685 2134 μέλ-λοντα
709 2060 873 2135 τριταῖ-ον
896 2040 1018 2134 eustos

324 2161 466 2241 ἔμαθον,
490 2156 569 2222 οὐδ’
591 2156 657 2222 ὑπὸ
679 2155 804 2242 κέρ-δει
827 2155 963 2240 βλάβεν·

327 2263 451 2347 ἀφνεὸς
472 2267 657 2349 πενιχρός-
676 2286 712 2329 τε
733 2263 884 2328 θανάτου
908 2262 1009 2350 πέρας

344 2446 367 2493 ό.
388 2436 565 2509 ἀναπλέομεν
584 2438 655 2492 coni.
675 2437 852 2493 Bornemenn
871 2471 902 2478 -
924 2444 948 2492 6.
967 2435 1072 2508 πότμος
1089 2438 1119 2493 D
1139 2469 1171 2477 -
1191 2434 1304 2507 ζυγένθ’
1327 2436 1398 2492 coni.
1418 2435 1546 2491 Schmid:

272 2506 388 2580 ζυγόνδ’
408 2509 468 2563 BD
482 2542 514 2549 —
530 2517 553 2563 8.
570 2508 682 2575 ἔνδοξος
696 2509 726 2563 D
739 2542 772 2549 -
787 2509 936 2563 πενταέθλ.
952 2508 1033 2579 Byaz
1055 2508 1190 2563 πεντάθλ.
1205 2509 1233 2562 Β
1238 2509 1267 2562 D
1283 2541 1313 2548 -
1330 2513 1354 2561 9.
1370 2507 1548 2577 δορικτύπων

271 2583 328 2636 B':
348 2579 517 2648 δορίκτυπον
531 2581 652 2649 (δορύκτ,
668 2580 707 2649 D)
722 2583 749 2635 Β
755 2581 763 2617 ¹
773 2582 802 2635 D
821 2612 854 2621 —
876 2587 916 2635 10.
935 2578 1057 2649 ἀγωνίας
1071 2580 1141 2634 coni.
1156 2579 1286 2650 Hartung
1301 2610 1333 2619 —
1354 2585 1394 2632 12.
1416 2576 1548 2650 ἐνέβαλεν

272 2668 306 2705 ex
325 2651 411 2707 schol.
431 2651 557 2707 Schmid:
583 2651 662 2724 ἔβαλε
683 2653 747 2706 BD
765 2684 799 2690 -
817 2653 863 2704 ταὶ
882 2653 909 2704 Β
929 2683 961 2690 -
981 2647 1072 2720 ῥοαῖσι
1092 2651 1186 2706 codd.:
1206 2659 1306 2712 πνοαῖς
1326 2667 1395 2702 unus
1414 2667 1447 2704 er
1467 2650 1546 2703 scho-

272 2723 479 2778 uastis-13.
504 2721 603 2793 δέομαι
622 2724 651 2777 D
671 2754 703 2763 -
725 2729 764 2776 lt.
784 2742 867 2792 μνημ.
887 2723 954 2776 BD
976 2754 1010 2760 —
1035 2728 1075 2776 lt.
1100 2720 1214 2790 εὕρηται
1233 2720 1284 2775 ἀπ’
1304 2721 1375 2775 coni.
1390 2721 1546 2775 Hermann:

273 2792 947 2935 αααιαα
966 2824 998 2833 -
1019 2791 1190 2934 eirca
1202 2793 1278 2918 aa
1295 2792 1548 2931 scritura

273 2946 347 3007 σᾶμα
366 2937 394 2990 Β
404 2938 433 2991 D
452 2968 485 2975 —

272 3065 324 3128 est,
343 3064 376 3113 ut
393 3061 414 3114 1.
429 3078 477 3113 vm
491 3075 517 3113 eo
533 3090 564 3098 -
581 3059 628 3112 καῖ
647 3066 720 3127 ταῖς,
740 3061 772 3112 ut
791 3059 865 3127 aliis,
880 3059 920 3114 sic
936 3059 1023 3114 etiem
1041 3059 1099 3115 filio
1113 3058 1279 3114 Thoariouis
1298 3060 1334 3114 ab
1353 3059 1469 3129 ilithyia
1488 3077 1547 3113 sors

273 3131 416 3185 destinata
442 3133 516 3197 erat,
542 3129 624 3198 eique
650 3145 695 3198 ea,
721 3132 754 3184 ut
778 3130 883 3185 virtsrte
910 3130 1059 3185 distinctus
1084 3131 1159 3185 bona
1182 3130 1260 3185 fama
1282 3133 1311 3184 et
1329 3149 1344 3185 e
1364 3131 1442 3185 inicii
1461 3130 1546 3185 laude

272 3204 382 3257 floreret
403 3235 433 3241 -
454 3209 478 3255 ό.
505 3201 601 3270 εἴργει·
626 3201 780 3271 composito
799 3199 914 3326 διείργει
934 3201 962 3255 in
982 3201 1068 3255 simili
1087 3202 1330 3284 sententio-poeta
1378 3248 1382 3258 .
1403 3222 1429 3256 su
1449 3221 1461 3256 ι
1480 3220 1546 3256 usus

273 3276 318 3328 est
335 3306 370 3314 -
390 3278 414 3328 8.
435 3269 577 3342 Σωγένης·
598 3272 635 3325 ad
653 3272 854 3341 etymologiam
893 3273 955 3327 uins
974 3272 1104 3343 nominis,
1123 3289 1195 3342 quae
1215 3273 1315 3328 similis
1330 3273 1412 3327 latini
1426 3274 1546 3328 nominis

273 3344 398 3400 Bonisati
418 3347 468 3411 est,
488 3346 572 3413 poeto
592 3342 717 3398 alludere
737 3343 848 3398 videtur
865 3375 901 3385 -
920 3351 960 3399 10.
981 3344 1132 3414 σύμπειρον
1151 3346 1273 3418 ἀγωνίᾳ·
1294 3345 1406 3400 dativus
1425 3363 1459 3399 ex
1478 3363 1546 3398 uus-

272 3416 350 3486 logia
374 3419 529 3470 ceterorum
554 3414 696 3469 nominum
720 3432 783 3470 cum
827 3415 972 3470 raeverbio
991 3417 1042 3469 σὺν
1062 3416 1289 3487 compositorum,
1314 3419 1345 3470 ut
1363 3415 1499 3487 συγγόνου
1518 3420 1547 3470 et

273 3488 434 3558 συμφώνου,
453 3487 604 3556 usurpatus
623 3488 714 3540 est-
731 3494 771 3541 11.
788 3435 854 3542 εάο.
870 3486 940 3541 coni.
954 3504 1005 3556 pro
1025 3486 1075 3542 ἐὰν
1093 3504 1116 3543 ο.
1132 3487 1202 3542 coni.
1217 3487 1255 3541 ad
1273 3486 1416 3557 exemplar
1433 3488 1546 3541 Homeri

273 3558 412 3613 Pindarus
431 3573 515 3627 saepe
534 3556 635 3625 utitur;
655 3558 689 3613 cf.
706 3558 736 3612 0.
752 3576 790 3611 vn
808 3575 821 3613 a
840 3560 868 3612 et
886 3557 962 3613 locos
980 3558 1021 3612 ibi
1040 3558 1156 3625 allatos3
1176 3558 1222 3613 hic
1241 3560 1311 3614 haec
1329 3558 1498 3614 constructio
1513 3574 1546 3612 eo

273 3629 384 3721 facilior
402 3632 471 3696 erat,
490 3628 566 3697 quod
585 3629 768 3699 praeteritum
788 3626 901 3702 ἐνέβαλε
915 3646 978 3683 cum
987 3628 1017 3683 vi
1030 3629 1153 3700 gnomici
1168 3629 1266 3684 aoristi
1281 3630 1444 3684 adiunctum
1458 3634 1502 3683 est
1512 3662 1546 3669 -

272 3702 772 3827 suuituoaauaauu
791 3697 1546 3842 etitasuaseramusstira*

273 3843 376 3914 ἔχοντι·
399 3842 522 3897 tenebris
540 3845 704 3913 premuntur
722 3843 833 3912 hymnis
852 3846 992 3907 carentes;
1016 3845 1050 3898 cf.
1070 3843 1154 3914 Soph.
1173 3842 1206 3898 ir.
1222 3860 1309 3908 sosas
1327 3842 1346 3912 ἡ
1365 3842 1393 3897 δ’
1415 3844 1545 3916 εὐλάβεια

273 3912 373 3969 σκότον
392 3914 449 3985 ἔχει
467 3911 537 3968 καθ’
556 3912 677 3968 Ἑλλάδα
691 3920 783 3968 -14,
802 3914 948 3984 ἔσοπτρον·
969 3915 1083 3985 specula
1102 3931 1135 3969 ex
1154 3931 1217 3968 aere
1236 3914 1312 3968 sacta
1330 3914 1387 3967 iam
1403 3919 1463 3968 tum
1477 3919 1545 3969 tem-

270 3985 360 4056 poris,
386 3990 418 4039 ut
443 3985 528 4040 etiam
556 3984 777 4056 archaeologieis
803 4002 839 4039 ex
866 3986 977 4040 iudiciis
1006 3989 1130 4051 constat,
1156 3985 1185 4038 in
1211 4002 1261 4037 usu
1288 3985 1430 4040 cotidiano
1457 3990 1545 4053 eraut,

271 4057 374 4126 quibus
405 4055 523 4126 pulchra
553 4072 670 4125 corpora
700 4057 912 4112 ostenderentur
944 4057 1027 4111 sicuti
1059 4056 1229 4111 carminibus
1257 4054 1375 4125 pulchra
1402 4058 1480 4113 facte
1512 4090 1545 4097 —

273 4133 314 4183 15.
334 4127 537 4197 Μναμοσύνας·
565 4127 692 4197 apposite
712 4129 747 4181 de
770 4144 871 4184 norem
890 4128 977 4182 Musis
996 4129 1205 4196 Mnemosynam
1225 4126 1271 4180 hic
1290 4131 1496 4195 commemorat,
1515 4132 1547 4182 ut

272 4216 344 4268 quac
365 4215 382 4252 a
400 4197 534 4252 memoria
552 4197 667 4268 (μνήμη)
685 4216 786 4254 nomeu
806 4200 936 4266 traxerit3
955 4216 1018 4253 eam
1036 4197 1236 4268 λιπαράμπυκα
1256 4197 1338 4267 dicit,
1358 4202 1433 4268 quod
1451 4201 1545 4254 Musas

272 4270 395 4324 artifices
405 4267 533 4323 candidis
548 4269 657 4323 coronis
671 4274 786 4325 ornatas
800 4270 944 4343 ponebant
957 4302 990 4310 —
1007 4276 1047 4324 16.
1059 4269 1148 4324 ἐπέων
1162 4270 1281 4337 ἀοιδαῖς,
1296 4272 1419 4326 carmine
1434 4270 1545 4341 logaoe-

272 4341 344 4408 dioo,
359 4357 415 4395 non
430 4341 501 4394 assis
516 4339 594 4394 tibiis
608 4341 747 4397 fidibusne
762 4375 796 4383 -
812 4348 854 4399 17.
870 4344 903 4396 ut
915 4341 1065 4411 prudentes
1080 4345 1249 4396 mercatores
1263 4360 1327 4396 cum
1341 4360 1422 4397 casus
1435 4344 1545 4396 futurae

273 4411 451 4534 tempestatis
459 4411 646 4493 praevideant
655 4415 741 4482 atque
750 4413 870 4485 fugiant,
880 4429 936 4466 non
945 4428 1012 4482 prae
1023 4412 1178 4482 cupiditate
1187 4416 1321 4481 quaestus
1336 4415 1454 4469 salutem
1471 4414 1546 4467 vitae

274 4499 329 4552 ncg
341 4486 437 4552 egunt,
456 4486 498 4536 ita
517 4482 658 4551 sapientes
677 4484 804 4539 homines
822 4502 877 4540 non
898 4484 969 4538 adeo
988 4482 1107 4537 nummis
1126 4500 1240 4554 parcere
1258 4489 1376 4556 oportet,
1396 4490 1428 4540 ut
1443 4486 1545 4539 bonam

271 4554 377 4607 iamsru
395 4557 424 4607 et
442 4553 636 4622 posteritatem
655 4554 726 4609 nihil
746 4561 850 4611 curent.
887 4556 927 4608 De
942 4570 971 4608 re
990 4554 1052 4624 ipsa
1071 4557 1195 4610 conferre
1213 4556 1446 4611 iuvatStrab.v1
1464 4575 1490 4625 p.
1507 4572 1545 4609 ιιι

271 4642 304 4679 ex
333 4624 451 4694 Polybio
480 4626 514 4679 de
538 4625 648 4695 Liparis
670 4626 771 4681 insulis
795 4628 863 4682 haec
887 4626 1068 4681 referentem:
1096 4625 1338 4697 προσημαίνεοδαι
1363 4629 1410 4681 καῖ
1433 4627 1482 4681 τὸν
1506 4628 1546 4689 τίς

275 4694 379 4766 ἡμέραν
393 4695 488 4764 τρίτην
506 4697 592 4750 πάλιν
610 4695 744 4766 μέλλοντα
763 4699 869 4768 ἄνεμον
886 4705 969 4751 πνεῖν
984 4703 1073 4753 -19,
1093 4696 1224 4752 θάνατον
1241 4697 1329 4766 πέρας
1347 4697 1405 4767 ἅμα
1424 4698 1545 4764 νέονται,

274 4768 371 4821 mortis
392 4769 428 4822 ad
447 4767 596 4821 terminum
616 4784 711 4822 omues
730 4784 786 4824 una
804 4769 937 4834 tendunt;
956 4768 1160 4823 ci.tior.C.1u
1180 4788 1200 4838 r,
1215 4786 1240 4824 so
1258 4787 1335 4824 οοιαι
1352 4786 1443 4837 capos
1460 4779 1545 4826 meoet
