3406 5378
791 1163 949 1215 NEMEON.
970 1158 1014 1213 1¹¹.

404 1324 966 1409 -Aplnnounmlaln
1002 1295 1368 1408 Annianus,

752 1519 1052 1571 ΠΑΡΚΡΔΤΙΑΣΤΗι.

814 1820 990 1890 Strophae.

784 3374 1026 3456 Argumentum.

358 3486 483 3546 Carmen
501 3488 556 3547 hoc
575 3487 807 3563 pulcherrimum
827 3486 1014 3546 Aristoclidis
1029 3485 1239 3563 Aristophanis
1258 3485 1312 3544 filii
1332 3479 1373 3566 (v.
1388 3480 1437 3568 20)
1451 3487 1542 3566 Aegi*

268 3581 355 3637 metae
374 3575 531 3636 victoriam
549 3577 705 3653 pancratio
719 3576 839 3636 Nemeis
857 3575 936 3635 ludia
954 3578 1072 3651 partam
1087 3575 1278 3650 eiusdemque
1298 3574 1438 3636 victorias
1453 3579 1542 3635 antea

268 3664 413 3742 Epidauri
446 3668 477 3725 et
504 3665 633 3744 Megaris
665 3668 833 3741 reportatas
862 3665 1004 3724 illustrat.
1056 3663 1218 3724 Cantatum
1250 3664 1281 3723 id
1312 3683 1374 3725 esse
1404 3683 1423 3722 a
1451 3665 1541 3724 choro

267 3754 409 3814 iuvenum
433 3755 464 3813 in
487 3755 571 3813 curia
589 3746 735 3839 (Θεαρίφ)
753 3755 831 3814 inter
854 3754 958 3830 epulas
982 3773 1001 3813 a
1018 3753 1130 3813 theoria
1149 3752 1304 3831 Aeginetis
1327 3755 1488 3830 apparatas
1507 3773 1542 3814 ex

268 3862 356 3904 versu
376 3856 408 3903 to
428 3846 561 3921 apparet,
585 3863 645 3921 quo
669 3844 771 3905 eodem
791 3863 826 3902 ex
849 3844 913 3903 loco
936 3843 1013 3902 illud
1032 3862 1152 3919 quoque
1171 3842 1308 3919 efficitur,
1333 3841 1542 3902 Aristoelidem

269 3953 328 4010 quo
353 3936 484 4009 tempore
509 3952 627 3993 carmen
647 3933 833 4009 cantabatur,
857 3932 888 3990 in
908 3932 1033 4009 collegio
1053 3936 1188 4010 θεωρῶν,
1211 3932 1273 3990 sive
1292 3931 1459 3991 sacerdotes
1479 3931 1541 3992 sive

268 4025 419 4082 senatores
446 4022 493 4079 illi
520 4027 618 4099 erant,
650 4021 828 4082 interfuisse.
875 4021 904 4080 Is
934 4024 1000 4080 tum
1028 4020 1171 4098 temporis
1193 4020 1260 4080 iam
1276 4023 1419 4096 proveeta
1442 4023 1542 4079 aetate

268 4113 340 4186 erat,
365 4110 604 4187 quandoquidem
629 4112 660 4170 iu
684 4111 872 4186 antistropha
891 4113 1000 4191 quarta
1018 4110 1157 4170 iuvenilis
1176 4112 1206 4169 et
1221 4108 1316 4168 virilis
1335 4111 1366 4169 et
1383 4112 1562 4185 provectae·

269 4199 377 4259 aetatis
401 4219 524 4258 munera
547 4199 658 4275 optime
682 4201 904 4259 administrasse
928 4199 1075 4258 laudatur.
1112 4199 1216 4276 Neque
1235 4200 1308 4258 haec
1327 4198 1456 4275 epinicia
1474 4218 1542 4259 oon-

268 4288 352 4347 tinuo
372 4290 441 4364 post
459 4288 615 4348 victoriam
635 4289 822 4365 Nemeaeam‚
842 4288 892 4347 sed
912 4286 1068 4364 aliquanto
1088 4292 1163 4365 post,
1178 4288 1320 4348 redeunte
1340 4307 1423 4349 sacro
1442 4306 1542 4347 meuse

269 4377 456 4453 Nemeorum,
476 4381 544 4436 acta
563 4397 623 4437 esse
643 4379 963 4454 poetaipsevn.1-5
983 4376 1154 4436 declaravit.
1191 4377 1303 4436 Tamen
1322 4378 1434 4438 multos
1448 4395 1542 4437 annos

267 4465 346 4523 inter
377 4465 534 4525 victoriam
564 4470 594 4524 et
626 4467 755 4543 epinicia
787 4466 984 4526 intercessisse
1015 4469 1046 4525 et
1073 4466 1281 4526 Aristoclidem
1313 4465 1374 4525 iam
1403 4467 1541 4526 iuvenem

268 4554 381 4614 Nemea
403 4554 508 4614 vicisse
532 4555 709 4632 neutiquam
732 4555 912 4615 crediderim.
953 4553 1096 4624 Quamvis
1120 4555 1199 4613 enim
1221 4554 1369 4632 pancratii
1392 4559 1542 4616 certamen

268 4642 450 4703 laboriosum
479 4643 602 4703 Pindari
632 4645 816 4722 temporibus
848 4645 908 4704 iere
938 4644 1059 4703 iuvenes
1092 4643 1233 4720 obierint,
1266 4647 1366 4704 tamen
1394 4665 1430 4705 ne
1461 4644 1542 4704 viros

269 4732 389 4812 quidem
412 4733 531 4793 adultos
554 4753 572 4791 a
592 4733 744 4794 laboribus
762 4734 851 4794 huius
870 4733 1040 4795 certaminis
1059 4751 1181 4811 prorsus
1200 4732 1388 4794 abhorruisse
1407 4734 1542 4813 exemplo
