3406 5378
264 388 379 445 XXXVI
767 392 1044 445 PBOLEGOMENA.

263 578 333 619 ram
346 555 382 619 in
396 556 459 619 fine
474 555 620 620 colorum
638 555 886 641 diligentissime
904 553 1116 619 observantis.
1151 553 1214 619 Sed
1227 554 1288 620 hac
1303 555 1341 619 de
1356 556 1546 639 quaestione

263 667 300 726 ut
324 668 410 727 recte
433 663 621 747 iudicemus,
645 662 742 746 paulo
766 663 864 726 altius
887 685 938 727 res
961 662 1135 746 repetenda
1159 666 1218 725 est.

353 768 506 834 Colonum
531 769 656 851 divisio,
679 774 716 832 ut
738 769 818 853 ipsis
842 769 1029 833 nominibus
1053 773 1162 853 μελῶν
1185 774 1218 832 et
1240 770 1403 857 μελῳδίας
1427 768 1547 834 indica-

140 870 145 880 ’
263 881 407 960 tumeat,
425 875 530 940 multo
548 875 669 940 arctius
684 896 757 939 oum
772 875 1000 959 modulatione,
1020 897 1117 959 quam
1132 898 1205 940 cum
1224 875 1378 960 rhythmo
1393 876 1545 941 carminis

263 985 424 1066 cohaeret,
442 982 621 1047 modulatio
636 986 744 1046 autem
759 982 831 1066 ipsa
845 988 882 1046 ut
895 982 1049 1066 rhythmo
1066 1004 1133 1046 non
1147 988 1251 1068 vacat,
1268 984 1317 1048 ita
1334 1006 1400 1048 non
1420 1005 1546 1068 semper

262 1089 377 1154 iisdem
410 1094 507 1173 atque
539 1089 594 1153 ille
627 1089 747 1153 finibus
784 1088 969 1153 includitur.
1019 1087 1179 1172 Rhythmi
1212 1091 1298 1154 euim
1332 1095 1441 1175 partes
1475 1088 1544 1153 solo

262 1195 448 1279 intervalla,
481 1217 544 1279 quo
568 1216 652 1259 unus
676 1195 760 1260 ictus
788 1196 962 1281 primarius
991 1197 1031 1259 ab
1060 1196 1162 1260 altero
1194 1198 1308 1282 distat,
1339 1197 1546 1281 definiuntur,

262 1303 494 1369 modulationis
527 1309 636 1367 autem
669 1303 736 1367 sive
770 1303 915 1368 colorum
948 1304 1029 1367 fines
1060 1303 1160 1367 ctiam
1188 1326 1207 1367 a
1235 1305 1306 1369 soni
1339 1303 1544 1369 conclusione

263 1411 430 1476 modulata
448 1411 597 1495 pendent.
633 1408 740 1474 Huius
760 1415 869 1474 autem
888 1411 1031 1474 rationes
1051 1433 1146 1495 saepe
1166 1433 1239 1475 cum
1256 1412 1373 1496 pedum
1388 1410 1544 1494 rhythmiu

263 1541 376 1583 corum
398 1519 517 1582 finibus
540 1522 696 1602 puguant.
740 1515 792 1581 Sic
816 1517 968 1602 dactylici
992 1517 1114 1581 ordinis
1138 1540 1195 1602 pes
1218 1519 1384 1604 legitimus
1407 1519 1441 1581 in
1465 1519 1545 1581 duas

261 1625 375 1690 breves
399 1626 479 1711 exit3
503 1629 536 1688 at
560 1624 676 1688 musici
699 1623 763 1687 coli
787 1624 820 1686 in
844 1624 923 1689 duas
946 1625 1060 1689 breves
1080 1619 1245 1689 conclusio
1264 1626 1393 1711 ingrata
1412 1625 1544 1689 auribus

262 1733 389 1818 accidit,
411 1755 485 1797 oum
505 1730 711 1795 conclusione
731 1730 764 1793 in
784 1731 916 1816 longam
936 1735 968 1794 et
986 1729 1053 1794 ictu
1072 1753 1259 1815 percussam
1279 1731 1438 1816 syllabam
1457 1731 1545 1796 facta

263 1861 362 1903 sonus
386 1839 491 1904 alacer
510 1842 543 1902 et
562 1837 724 1902 masculus
744 1838 859 1902 evadit.
897 1837 976 1902 lnde
994 1858 1061 1901 non
1084 1838 1263 1924 miraberis,
1286 1840 1313 1903 si
1333 1839 1491 1903 Pindarus
1510 1839 1545 1902 in

261 1945 408 2010 versibus
433 1968 472 2010 ex
491 1945 615 2009 duabus
636 1944 784 2028 tripudiis
805 1945 973 2029 dactylicis
992 1945 1228 2030 constantibus,
1252 1946 1363 2030 quales
1383 1951 1459 2010 sunt
1478 1952 1544 2009 tres
1631 1996 1633 2001 ⁴

261 2051 297 2117 in
324 2053 460 2139 stropha
488 2053 567 2116 odae
592 2051 625 2115 P.
645 2069 707 2134 ΧΗ,
739 2073 901 2135 nusquam
928 2056 1003 2136 post
1031 2051 1165 2115 tertium
1193 2054 1306 2136 pedem
1334 2053 1452 2137 prioris
1481 2053 1545 2117 coli

262 2160 396 2225 verbum
419 2158 535 2242 finivit,
559 2159 615 2222 sed
639 2157 744 2222 decies
768 2163 844 2243 post
867 2157 1006 2243 primam
1028 2158 1160 2245 longam
1185 2159 1275 2223 tertii
1298 2159 1388 2242 pedis

262 2390 313 2455 bis
336 2395 412 2475 post
434 2389 572 2476 primam
595 2389 729 2475 longam
752 2389 848 2472 primi
871 2389 962 2474 pedis
986 2389 1120 2454 alterius
1144 2391 1207 2455 coli

263 2619 387 2686 Similis
406 2621 491 2687 ratio
515 2620 754 2706 epitriticorum
778 2642 929 2684 versuum
953 2624 1017 2704 est,
1046 2620 1101 2704 qui
1124 2643 1198 2686 raro
1221 2627 1297 2705 post
1319 2621 1448 2687 finitum
1471 2623 1546 2687 ulti-

261 2751 350 2793 mum
372 2730 486 2815 pedem
510 2728 628 2813 prioris
653 2728 715 2791 coli
743 2725 933 2812 rhythmici,
961 2726 1163 2810 frequentius
1190 2735 1266 2813 post
1293 2729 1424 2794 tertiam
1451 2729 1548 2812 sylla-

261 2836 338 2900 bam
360 2836 468 2900 ultimi
492 2834 618 2921 epitriti
641 2834 759 2917 prioris
778 2830 842 2899 ooli
861 2839 918 2898 aut
936 2833 1168 2920 postprimam
1187 2835 1320 2922 longam
1337 2837 1434 2921 primi
1453 2837 1545 2920 pedis

261 2943 395 3007 alterins
419 2943 482 3007 coli
505 2942 701 3006 inciduntur.
742 2941 876 3006 Talibus
899 2941 1002 3028 igitur
1024 2942 1059 3005 in
1084 2943 1229 3008 versibus
1253 2945 1339 3027 quod
1363 2944 1454 3008 sedes
1477 2967 1545 3008 cae-

262 3072 355 3115 surae
379 3052 525 3132 fiuctuat,
549 3048 682 3112 minime
706 3048 833 3111 crimini
856 3053 972 3132 poetae
995 3071 1169 3114 numeroso
1192 3050 1275 3114 verti
1295 3051 1397 3115 debet.
1436 3049 1543 3136 Magis

262 3158 423 3222 offendere
446 3160 556 3242 potest
580 3157 665 3240 quod
684 3155 783 3219 etiam
801 3155 836 3220 in
853 3155 1011 3241 versibus,
1034 3177 1173 3239 quorum
1192 3156 1378 3242 rhythmica
1396 3158 1543 3221 decursio

261 3264 461 3347 procatalexi
493 3262 757 3346 interrumpitur,
788 3285 854 3327 non
887 3285 1014 3348 semper
1045 3263 1080 3327 in
1113 3263 1249 3329 catalexi
1281 3265 1415 3328 verbum
1447 3269 1544 3348 poeta

261 3371 378 3455 finivit,
400 3377 437 3436 ut
460 3372 600 3456 primum
623 3391 753 3435 versum
773 3371 896 3454 primae
916 3373 995 3437 odae
1015 3371 1203 3456 Olympieae
1227 3371 1396 3455 quinquies
1415 3370 1544 3454 quidem

260 3476 295 3539 in
318 3477 516 3561 procatalexi
538 3477 654 3544 incidit

624 3583 1179 3668 oiss-oo‡or.,sso-ool'--

261 3707 317 3770 sed
340 3712 391 3772 ter
413 3713 489 3793 post
511 3709 649 3793 primam
676 3708 726 3772 vel
749 3710 924 3774 secundam
948 3709 1107 3794 syllabam
1131 3708 1266 3773 alterius
1289 3709 1353 3774 coli

617 3835 991 3898 emmennone
1027 3837 1186 3885 mom-

617 3923 938 3990 orssmronol-J.
973 3943 1187 4005 υ,-υυι.ζ...

259 4046 369 4131 Atque
396 4048 432 4111 in
459 4046 611 4112 carminis
639 4045 678 4110 N.
698 4064 724 4110 11
751 4069 847 4111 versu
875 4053 991 4130 quarto
1020 4052 1089 4113 tam
1118 4048 1270 4131 frequens
1302 4071 1436 4114 caesura
1467 4055 1543 4135 post

259 4154 399 4237 primam
424 4154 584 4239 syllabam
607 4154 772 4240 sequentis
796 4153 858 4218 coli
887 4159 951 4238 est,
982 4160 1017 4219 ut
1045 4156 1162 4220 merito
1189 4155 1338 4240 ambigas
1366 4161 1476 4221 utrum
1504 4179 1543 4222 ex

260 4260 426 4345 glyconeis
448 4262 599 4346 periodus
624 4266 752 4327 constet

496 4370 503 4407 ·’
580 4393 1311 4439 moror-tommentomom.

260 4513 302 4555 an
324 4491 359 4554 in
382 4492 524 4558 ionicum
547 4499 688 4559 tractum
712 4494 842 4580 singula
864 4492 937 4557 cola
959 4498 1075 4557 exeant

472 4623 810 4684 ωυ.ῑ.υυ-υι.’.-,
863 4621 1328 4672 eschod-Aaou--

259 4723 298 4789 In
331 4724 372 4788 iis
405 4749 480 4791 vero
512 4726 674 4812 versibus,
711 4727 766 4811 qui
797 4726 832 4790 in
864 4726 1021 4791 creticum
1052 4728 1167 4812 pedem
1198 4733 1275 4813 post
1309 4725 1542 4812 procatalexim

260 4837 378 4897 exeunt
401 4838 458 4897 aut
480 4858 500 4898 a
522 4832 662 4898 iambico
685 4833 736 4896 vel
759 4831 924 4898 trochaico
948 4835 1072 4918 proodo
1095 4840 1298 4901 monometro
1322 4832 1543 4919 exordiuntur,
