3406 5378
693 348 848 400 OLYMPIA
868 348 914 400 lx,

374 513 547 595 μανίαισιν
569 508 753 595 ὑποκρέκει.

296 633 330 681 40
375 617 419 701 μὴ
443 626 507 682 νῦν
530 618 663 701 λαλάγει
688 620 727 682 τά
750 642 816 682 τοι-

423 723 511 789 αῦτ’·
536 727 572 789 ἔα
595 728 740 809 πόλεμον
762 727 870 809 μάχαν
893 749 927 789 τε
950 734 1060 789 πᾶσαν

377 829 477 916 χωρὶς
500 830 691 898 ἀθανάτων·
716 831 832 918 φέροις
856 829 892 898 δὲ
916 836 1165 917 Πρωτογενείας

377 940 466 1004 ἀστει
490 945 659 1022 γλῶσσαν,
683 939 725 1005 ἵν’
754 942 973 1025 αἰολοβρόντα
997 940 1080 1016 Διὸς
1103 945 1180 1025 αἴσᾳ
1284 956 1317 1002 65

378 1047 498 1132 Πύρρα
521 1051 718 1112 Δευκαλίων
740 1071 773 1112 τε
799 1053 981 1133 Παρνασοῦ
1004 1046 1185 1130 καταβάντε

378 1154 483 1238 δόμον
506 1158 623 1220 ἔθεντο
646 1166 793 1240 πρῶτον,
817 1157 893 1239 άτερ
917 1153 947 1219 δ’
975 1154 1073 1229 εὐνᾶς
1096 1152 1266 1238 ὁμόδαμον

317 1276 329 1321 .'
378 1262 585 1326 κτισσάσθαν
608 1265 743 1326 λίθινον
767 1265 883 1344 γόνον·
1285 1276 1318 1324 70

379 1366 463 1432 Aeol
487 1367 517 1432 d’
545 1369 746 1453 ὀνύμασθεν.

380 1474 477 1561 ἔγειρ’
505 1474 610 1541 ἐπέων
633 1491 715 1559 σφιν
738 1471 861 1560 οί-μον
884 1477 996 1559 λιγύν,

377 1587 462 1647 αίνει
487 1578 521 1647 δὲ
546 1588 661 1647 παλαι-
686 1584 726 1647 ὸν
748 1578 809 1667 μὲν
832 1577 940 1665 οἶνον,
964 1585 1070 1649 ἀνθεα
1094 1582 1123 1647 δ’
1151 1583 1267 1668 ὕμνων

377 1777 556 1862 νεωτέρων.
603 1778 733 1862 λε’γοντι
757 1781 823 1863 μάν
1113 1779 1181 1844 ’Era
1205 1777 1248 1863 β’.
1287 1796 1319 1842 ἰο

297 1903 330 1948 50
376 1887 484 1968 χθόνα
508 1881 568 1969 μὲν
590 1887 792 1951 κατακλύσαι
815 1886 976 1971 με’λαιναν

376 1992 499 2068 ὕδατος
521 1992 657 2070 σθένος,
680 1993 763 2058 ἀλλά

238 2191 280 2239 42.
305 2190 443 2255 γλῶσσανε
466 2190 581 2240 Μοῖσαν
605 2186 676 2241 coni.
696 2186 806 2241 Becker
824 2184 887 2240 coll.
908 2185 941 2241 N.
956 2206 987 2238 111
1002 2203 1028 2241 aa
1048 2219 1080 2226 -
1106 2191 1147 2239 43.
1172 2189 1316 2254 Παρνασσ.
1337 2185 1395 2240 ΑΟ
1412 2218 1443 2224 -

167 2279 239 2312 κατα
258 2256 340 2320 άντες
354 2260 382 2312 Α
401 2289 434 2296 -
454 2264 496 2311 45.
516 2255 691 2313 κτίσσασθαν
704 2259 870 2313 Mommsen:
887 2256 1045 2312 κτισάσθαν
1060 2260 1096 2325 Α,
1111 2257 1278 2326 κτησάσθοιν
1304 2261 1393 2326 -σθην
1411 2258 1446 2325 0)

166 2330 306 2454 ggiiekg—
326 2335 369 2383 lo
393 2326 469 2399 όνόμ.
490 2329 597 2397 AM),
621 2330 707 2399 ὠνύμ.
728 2330 752 2384 O
772 2362 804 2368 —
830 2334 871 2383 47.
897 2325 992 2396 σφίσιν
1011 2329 1069 2384 AO
1089 2362 1122 2369 -
1147 2324 1242 2399 οἶμονι
1268 2349 1353 2396 ονρον
1372 2328 1443 2383 coni.

238 2530 279 2577 39.
291 2523 450 2592 ὑποκρέκει·
465 2526 550 2580 schol.
562 2534 713 2595 συμφωνεῖ,
724 2522 784 2579 οἷον
796 2522 942 2595 ἐνδόσιμόν
953 2524 1038 2579 ἐστιν·
1054 2522 1190 2592 πρότερον
1200 2523 1253 2594 γὰρ
1263 2532 1312 2593 τῆς
1322 2523 1446 2593 κιθάρας

168 2595 348 2666 ἐπαφώμενοι
363 2597 555 2664 ὑποκρίκονσι,
572 2597 666 2651 ἔπειτα
683 2595 714 2650 δὲ
729 2594 823 2650 τέλεον
837 2594 1040 2664 κιθαρίζουσιν,
1055 2599 1087 2648 ut
1101 2595 1191 2650 fastus
1207 2595 1343 2650 orationis
1358 2596 1446 2650 furori

167 2666 272 2721 mentis
290 2667 455 2738 praeludere
473 2667 591 2723 dicatur.
629 2668 723 2722 Minus
741 2668 814 2722 bene
832 2667 977 2722 Disaenius
997 2667 1031 2721 de
1050 2666 1160 2720 cithara
1179 2666 1241 2721 voci
1260 2667 1446 2737 respondente

169 2738 370 2809 interpretatur
384 2739 495 2793 collatis
510 2739 602 2794 verbis
622 2739 751 2814 ὑπᾴδειν,
771 2740 915 2806 ὑπαυλεῑν,
935 2740 1053 2808 ὑπηχεῖν
1072 2770 1105 2778 -
1125 2744 1167 2792 41.
1187 2739 1269 2808 χωρὶς
1286 2756 1349 2793 cum
1364 2756 1381 2793 a
1396 2756 1446 2793 suo

168 2810 281 2865 nomino
300 2809 456 2865 ἀθανάτων
475 2810 522 2864 vix
541 2810 640 2865 divelli
658 2811 756 2881 possit,
775 2810 958 2881 interpretor:
977 2825 1089 2863 remove
1108 2827 1217 2879 pugnas
1233 2827 1250 2863 a
1265 2809 1320 2863 diis
1335 2809 1446 2864 immor·

170 2881 284 2936 talibus.
321 2882 398 2936 Haec
423 2886 517 2936 autem
540 2900 557 2936 a
581 2882 703 2937 Pindaro
727 2885 826 2936 contra
849 2881 1019 2949 Aeschylum
1042 2880 1157 2934 deorum
1180 2881 1256 2935 rixas
1279 2881 1310 2935 in
1334 2898 1446 2935 scenam

167 2953 367 3023 producentem
381 2952 542 3008 declamata
557 2970 617 3008 esse
631 2954 714 3024 Leop.
730 2953 858 3008 Schmidt
872 2952 951 3006 Pind.
962 2952 1028 3006 Leb.
1039 2972 1065 3022 p.
1077 2968 1116 3007 ετο
1130 2953 1271 3023 sagaciter
1286 2953 1446 3024 suspicatus

168 3028 219 3079 est.
253 3023 356 3079 Contra
375 3024 490 3078 Pindari
509 3024 678 3079 sententiam
696 3025 800 3095 probat
817 3024 890 3078 Plat.
910 3024 945 3078 de
964 3041 1020 3094 rep.
1036 3044 1056 3076 11
1075 3044 1102 3094 p.
1117 3040 1195 3080 arec:
1215 3025 1283 3080 οὐδέ
1301 3044 1332 3095 γε
1352 3024 1445 3092 ἐπιτή-

168 3097 245 3149 δειον
265 3096 296 3149 τὸ
317 3095 454 3164 παράπαν
474 3097 511 3158 ὡς
531 3097 596 3149 θεολ
617 3101 697 3159 θεοῖς
717 3097 871 3166 πολεμοῦσί
887 3116 916 3150 τε
936 3097 984 3150 καλ
1004 3095 1215 3168 ἐπιβουλεύουσι
1233 3099 1282 3151 καλ
1300 3096 1445 3167 μάχονται.

238 3173 271 3220 41
288 3183 322 3220 ss.
345 3166 472 3221 fabulam
491 3166 677 3238 Protogeniae
696 3164 865 3221 narrandam
885 3166 939 3221 sibi
958 3167 1089 3238 proponit
1115 3200 1147 3207 —
1174 3173 1217 3222 40.
1237 3164 1447 3237 Πρωτογενείας

169 3237 257 3291 ἀστει·
273 3238 458 3307 Protogeniae
474 3237 632 3305 maiorisue,
647 3238 722 3292 filiae
733 3237 919 3292 Deucalionis
928 3242 957 3293 et
971 3239 1094 3307 Pyrrhae
1112 3242 1147 3304 (v.
1159 3239 1244 3294 schol.
1255 3240 1290 3293 ad
1302 3258 1345 3293 vv.
1357 3256 1390 3293 οι.
1402 3243 1445 3308 ss),

171 3324 206 3362 an
221 3308 345 3377 minoris,
359 3309 435 3364 filiae
451 3309 570 3379 Opuntis
584 3309 667 3379 regis,
682 3309 739 3362 iam
754 3313 863 3363 veteres
878 3310 1056 3380 grammatici
1071 3309 1256 3380 ambigebant
1275 3343 1307 3350 —
1328 3316 1369 3364 42.
1385 3309 1445 3364 ἵνα·

168 3379 269 3434 Strabo
288 3400 316 3434 ιτ
334 3400 360 3451 p.
375 3396 423 3449 esa,
444 3380 645 3450 Apollodorum
669 3386 703 3450 (v.
720 3380 806 3435 schol.
822 3381 858 3434 ad
877 3400 903 3437 v.
918 3385 954 3451 cr)
974 3384 1100 3451 secutus,
1125 3382 1229 3435 nonin
1247 3382 1315 3436 urbe
1335 3380 1447 3449 Opunte

168 3450 239 3520 ipsa,
249 3453 299 3506 sed
313 3450 342 3505 in
356 3451 416 3506 eius
430 3455 512 3541 portu
524 3452 606 3526 Κάνῳ
616 3451 817 3507 Deucalionem
829 3453 972 3508 habitasse
987 3456 1016 3507 et
1030 3452 1188 3523 sepulcrum
1197 3452 1320 3521 Pyrrhae
1335 3452 1446 3506 ostendi

167 3522 256 3578 tradit
266 3556 298 3563 —
310 3524 505 3596 ιιίολοβροντα·
521 3527 675 3579 memoratu
687 3523 803 3593 dignum
814 3529 857 3579 est
866 3524 972 3578 fulmen
983 3523 1094 3594 signum
1110 3522 1187 3577 urbis
1200 3524 1349 3579 Locrorum
1359 3523 1446 3577 fuisse

169 3627 201 3634 —
221 3600 262 3649 46.
289 3595 372 3650 Ααοί·
402 3596 436 3650 de
464 3595 518 3649 hac
545 3613 613 3650 voce
641 3595 740 3650 sabula
767 3595 911 3650 hominum
939 3612 973 3648 ex
1001 3594 1144 3665 lapidibus
1174 3612 1191 3649 a
1219 3594 1389 3650 Deucalione
1418 3597 1447 3649 et

170 3665 278 3735 Pyrrha
296 3666 435 3721 suetorum
453 3670 522 3721 nata
541 3670 595 3731 est;
616 3670 659 3721 est
678 3667 752 3722 enim
769 3667 865 3737 procul
881 3665 966 3719 dubio
982 3665 1080 3719 fabula
1095 3666 1283 3736 etymologica
1298 3683 1331 3720 ex
1347 3665 1446 3720 simili-

168 3737 265 3792 tudine
284 3737 485 3792 vocabulornm
503 3741 566 3793 λαολ
584 3742 613 3793 et
631 3743 695 3801 λᾱες
715 3742 784 3792 orta.
815 3737 916 3791 Incerti
935 3737 1059 3790 auctoris
1078 3754 1174 3791 versus
1194 3737 1222 3789 in
1242 3736 1356 3791 scholiis
1376 3737 1446 3792 cita-

167 3811 226 3863 tur:
247 3808 276 3862 ἐκ
295 3808 326 3861 δὲ
345 3806 435 3863 λίθων
454 3804 582 3878 ἐγένοντο
601 3808 705 3883 βροτοί,
724 3810 786 3863 λαολ
805 3807 835 3861 δὲ
856 3811 990 3862 καλεῦντο
1019 3840 1051 3847 -
1081 3813 1123 3863 48.
1149 3807 1247 3863 schol:
1267 3810 1348 3862 δοκεῖ
1364 3817 1445 3863 τοῦτο

169 3879 239 3947 πρὸς
256 3878 288 3932 τὸ
307 3878 494 3949 Σιμωνίδειον
514 3882 657 3951 εἰρῆσθαι·
678 3881 738 3935 ἐπεὶ
758 3880 862 3940 ἐκεῖνος
882 3879 1050 3941 ἐλασσωθελς
1069 3879 1124 3933 ὑπὸ
1143 3877 1290 3946 Πινδάρου
1305 3877 1447 3947 λοιδορίας

167 3950 273 4019 ἔγραψε
293 3950 365 4005 κατὰ
389 3960 439 4005 τοῦ
463 3955 611 4020 κρίναντος
635 3953 766 4023 [ἀγαθῶν
790 3950 894 4022 ᾤδῶνλ·
921 3950 982 4005 ἐπεὶ
1008 3951 1042 4019 δὴ
1070 3950 1175 4011 ἐκεῖνος
1194 3945 1283 4005 εἶπεν·
1311 3949 1443 4022 ἐξελέγχει

168 4020 260 4084 detor
279 4017 363 4088 οἶνος,
383 4024 416 4076 ού
430 4023 461 4076 τὸ
480 4021 578 4091 πέρυσι
598 4026 689 4089 δῶρον
706 4021 841 4093 ἀμπέλου·
862 4020 923 4075 ddi
938 4025 1030 4091 μῦθος
1044 4020 1092 4076 ὅδε
1107 4019 1281 4091 κενεόφρων·
1302 4021 1350 4075 διά
1364 4031 1446 4077 τοῦτο

169 4092 183 4145 d
199 4090 343 4160 Πίνδαρος
361 4093 473 4149 ἐπαινεῖ
488 4096 609 4149 παλαιὸν
629 4090 715 4149 οἶνον.
745 4093 813 4148 Cum
831 4092 919 4164 igitur
938 4092 1095 4147 Simonides
1115 4093 1241 4163 ineptum
1260 4092 1379 4148 dixisset
1397 4094 1445 4162 qui

168 4181 240 4218 novo
260 4164 326 4218 vino
344 4168 425 4219 vetus
445 4165 540 4220 vinum
560 4166 635 4221 vinci
658 4169 784 4236 putaret,
809 4163 948 4218 Pindarus
967 4167 1048 4220 vetus
1067 4182 1097 4220 se
1115 4164 1232 4221 laudare
1251 4163 1348 4218 vinum
1367 4164 1445 4233 dicit,

168 4238 199 4290 at
222 4235 349 4289 fabulam
372 4253 482 4291 novam.
525 4237 593 4292 Cum
617 4237 737 4291 Pindaro
761 4235 829 4290 fecit
851 4235 989 4290 Homerus
1013 4235 1064 4290 Od.
1083 4253 1164 4292 1³51:
1192 4235 1244 4305 τὴν
1266 4235 1320 4305 γὰρ
1344 4237 1446 4306 ἀοιδὴν

141 4311 147 4323 ’
168 4310 272 4375 μᾶλλον
299 4305 467 4362 ἐπικλείονσ’
493 4308 654 4378 ἀνθρωττοι,
678 4314 681 4378 Ι
704 4307 763 4379 ἥτις
790 4305 973 4362 ἀκουόντεσσι
998 4307 1120 4376 νεωτάτη
1149 4307 1353 4376 ἀμφιπέληται,
1383 4325 1446 4363 cum

168 4377 312 4432 Simonide
331 4381 430 4433 auctor
447 4379 558 4451 prologi
573 4379 703 4435 Casinas:
723 4383 772 4450 qui
789 4385 908 4432 ιιτιικιαν
926 4381 989 4434 νίκα
1007 4385 1092 4434 cetere
1109 4382 1244 4448 sapientes
1258 4386 1337 4449 puto,
1356 4387 1380 4434 ct
1399 4383 1447 4462 qui

168 4450 289 4503 lubenter
306 4457 404 4504 veteres
421 4458 545 4520 spectant
562 4453 679 4517 ίαόαλαε.
709 4451 763 4505 Sed
782 4448 928 4518 quaeritur
944 4449 1009 4515 iam,
1024 4465 1109 4518 quam
1124 4449 1250 4505 fabulam
1264 4467 1367 4505 novam
1382 4451 1445 4505 Pm-

168 4520 253 4573 darus
276 4519 329 4573 hoc
352 4520 414 4574 loco
437 4522 599 4591 protulerit;
623 4526 707 4591 atque
731 4520 860 4589 equidem
884 4537 919 4574 ea
941 4519 1089 4590 intellego,
1109 4538 1182 4590 quae
1208 4521 1266 4575 ianr
1284 4522 1318 4576 de
1338 4522 1445 4576 diluvio

167 4594 266 4644 narrat
283 4594 392 4661 (cc-ae),
411 4609 484 4659 quae
498 4596 595 4648 vetera
613 4595 642 4647 et
660 4592 811 4646 decantata
831 4591 912 4646 nobis
930 4591 1045 4659 quidem
1064 4591 1155 4664 magis
1174 4610 1259 4662 quam
1278 4593 1445 4662 aequalibus

167 4661 282 4715 Pindari
305 4661 449 4730 videntur3
477 4667 506 4719 et
529 4667 604 4718 certe
631 4680 705 4717 nova
731 4665 808 4730 sunt,
837 4679 910 4744 quae
933 4679 950 4715 a
975 4660 1082 4718 diluvio
1108 4667 1138 4719 et
1162 4663 1333 4720 Deucalione
1360 4669 1445 4734 atque

107 4799 108 4803 ρ
169 4733 276 4800 Pyrrha
299 4734 442 4802 profectus
466 4735 501 4788 de
525 4733 632 4804 origine
654 4734 748 4805 regiae
772 4737 865 4817 gentis
891 4734 1041 4788 Locrorum
1060 4738 1161 4804 (cr-ee)
1180 4740 1210 4790 et
1228 4735 1375 4806 splendore
1394 4753 1444 4806 po-

168 4803 227 4873 puli
246 4805 396 4860 Locrorum
416 4806 452 4860 ab
472 4806 582 4876 Opunte
601 4821 667 4875 rege
685 4807 852 4861 resuscrtsto
870 4805 977 4875 profert
996 4838 1029 4846 -
