3406 5378
686 374 845 424 OLYMPIA
863 373 895 425 X.

316 532 395 618 ε’μὸν
418 538 614 617 καταίσχυνε
638 536 729 617 βαθὺ
753 533 856 617 χρέος.

316 641 403 724 ὅμως
427 637 463 704 dt
487 646 584 704 λῦσαι
609 642 750 716 δυνατὸς
773 638 853 717 ὀξεί-

367 771 409 811 αν
433 746 623 832 ἐπιμομφὰν
645 751 742 824 τόκος
764 747 884 833 ὁμαρτ-

368 854 445 938 egos·
468 863 533 919 νῦν
556 863 670 938 ψᾶφον
694 852 909 938 ἑλισσομέναν

235 980 267 1025 τό
314 961 377 1025 όπα
400 970 487 1045 κῦμα
511 961 727 1025 κατακλύσσει
750 959 843 1047 ῥίον,

314 1067 378 1131 όπα
400 1091 435 1131 τε
458 1069 573 1132 κοινὸν
596 1070 699 1148 λόγον

316 1178 418 1257 φίλαν
441 1177 576 1258 τίσομεν
595 1174 627 1250 ές
650 1175 756 1260 χάριν.

315 1385 405 1471 νέμει
429 1389 492 1474 γὰρ
512 1385 677 1474 Ἀτρέκεια
699 1390 799 1452 πόλιν

371 1497 512 1576 Λοκρῶν
536 1496 728 1580 Ζεφυρίων,

316 1599 404 1684 μέλει
427 1598 466 1664 τέ
486 1617 581 1684 σφισι
606 1602 778 1664 Καλλιόπα

237 1725 270 1772 15
315 1705 370 1771 καλ
393 1707 529 1790 χάλκεος
542 1704 657 1792 Ἄρης·
681 1706 782 1792 τράπε
806 1702 841 1769 δέ
865 1705 955 1769 Κύκ-

369 1837 442 1878 νεια
465 1813 551 1898 μάχα
574 1810 629 1877 καλ
652 1811 813 1899 ὑπέρβιον
1293 1830 1327 1877 20

325 1958 370 1966 -κ

229 2049 253 2097 8.
273 2043 441 2111 καταίσχυνε
460 2039 586 2095 Boeckh:
610 2039 789 2110 καταισχύνει
809 2040 943 2107 Arion,
967 2040 1122 2111 κατήσχυνε
1146 2043 1216 2111 Βμν.
1236 2073 1269 2082 -
1289 2042 1378 2113 βραχὺ
1397 2041 1434 2096 Ai

159 2146 192 2155 -
212 2119 236 2169 9.
256 2113 297 2167 ἔτι
316 2111 431 2183 μομφὰν
450 2111 520 2166 coni.
537 2111 667 2166 Grumme
683 2143 716 2151 —
730 2108 811 2174 τόκος
825 2109 968 2181 ὁμαρτέων
983 2111 1094 2182 scripsi:
1113 2111 1194 2176 τόκος
1208 2117 1325 2173 ,θνατῶν
1339 2113 1434 2168 ABD

160 2189 190 2240 et
208 2184 303 2253 schol,
322 2203 353 2253 ys
372 2181 453 2246 τόκος
471 2188 587 2238 θνατῶν
608 2184 635 2250 0,
656 2182 670 2236 ό
688 2181 769 2245 τόκος
787 2184 900 2250 ἀνδρῶν
918 2183 997 2252 Hya,
1022 2190 1104 2245 τόκος
1123 2181 1252 2238 όπαόέων
1270 2184 1433 2251 Mommsen,

159 2254 240 2319 τόκος
262 2255 371 2322 όνοίτωρ
394 2255 550 2321 Hermann,
573 2251 654 2316 τόκος
673 2252 688 2307 ό
707 2262 815 2308 ναυτᾶν
838 2253 942 2324 Bergk,
961 2252 1054 2316 τόκος*
1074 2254 1152 2322 ὁρᾶτ’
1174 2251 1213 2309 ὧν
1233 2254 1435 2320 Schneidewin,

155 2326 249 2391 τόκοςΙ
273 2329 407 2396 όθρῶμεν
429 2325 614 2380 Wiskemann
637 2357 672 2364 -
696 2331 737 2380 13.
762 2324 780 2379 ἁ
804 2333 919 2394 τραχεῖα
941 2323 1021 2387 πόλις
1043 2343 1069 2380 v.
1089 2325 1107 2380 l.
1128 2326 1213 2382 schol.
1235 2357 1267 2367 -
1293 2324 1373 2380 πόλιν
1396 2331 1435 2379 A·

156 2399 258 2454 Bon:
282 2397 361 2462 πόλις
384 2397 425 2452 A¹
443 2429 479 2437 -
498 2402 540 2451 14.
564 2393 640 2466 μέλει
658 2397 698 2451 A:
722 2392 813 2465 μέλλει
830 2397 921 2451 1301)
939 2426 972 2435 ·-
992 2414 1043 2465 σφι
1061 2396 1089 2450 Α
1107 2429 1140 2437 -
1161 2402 1202 2452 15.
1223 2397 1348 2452 Κύκνεια
1366 2397 1434 2451 Her-

155 2540 299 2612 proprium
325 2542 368 2594 est
392 2538 514 2594 hominis
539 2537 705 2593 remorantia
725 2569 758 2577 -
778 2543 803 2594 8.
827 2534 1006 2607 καταίσχυνε·
1033 2554 1119 2607 grave
1145 2541 1174 2593 et
1199 2541 1280 2610 turpe
1307 2539 1435 2594 debitum

157 2630 250 2666 meum
273 2610 433 2665 frustrando
460 2626 539 2664 mora
566 2609 704 2677 reddidit;
733 2608 768 2664 cf.
787 2608 861 2663 Plat.
881 2626 969 2678 symp.
989 2627 1015 2678 p.
1036 2626 1092 2664 isse
1115 2612 1233 2674 πολλοὺς
1261 2607 1360 2680 λόγους
1386 2612 1434 2664 καὶ

157 2680 318 2754 ὑποσχέσεις
328 2682 516 2753 καταισχύνας
526 2713 561 2722 -
571 2687 595 2736 9.
605 2679 698 2744 τόκος·
712 2683 822 2734 veteres
832 2679 1012 2752 grammatici
1022 2697 1133 2734 carmen
1144 2681 1175 2736 0.
1185 2700 1214 2734 11
1227 2681 1434 2749 intellexerunt,

157 2757 304 2823 tamquam
330 2754 429 2808 foenus
454 2752 543 2823 capiti
568 2752 612 2821 (0.
633 2754 662 2822 x)
687 2751 829 2818 additum
858 2768 930 2820 quae
955 2751 1152 2822 interpretatio
1177 2751 1243 2806 ferri
1269 2753 1379 2822 nequit,
1410 2754 1435 2807 si

159 2825 332 2880 Boeclrhium
351 2828 462 2879 secutus
482 2841 593 2879 carmen
611 2822 683 2878 illud
698 2822 845 2893 Olympiae
864 2826 929 2892 post
947 2823 1039 2894 ipsam
1051 2823 1200 2878 victoriam
1214 2827 1361 2878 cantatum
1374 2841 1435 2879 esse
1463 2874 1468 2882 .

159 2899 280 2964 statuas3
301 2896 351 2950 sed
369 2896 394 2951 si
411 2913 504 2951 meam
525 2895 693 2951 sententiam
713 2893 751 2948 a'd
772 2898 802 2950 0.
818 2913 847 2947 τι
867 2893 1007 2964 prolatam
1027 2895 1205 3018 probaveris,
1228 2895 1300 2950 bene
1320 2898 1434 2964 poetam

160 2968 299 3022 diceumm
318 2967 414 3037 facies,
433 2966 538 3021 crimen
556 2983 681 3021 remorae
700 2983 729 3020 se
748 2966 862 3021 abluere
880 2982 935 3019 non
955 2969 1014 3019 tam
1044 2983 1117 3036 ongo
1137 2966 1266 3035 carmine,
1284 2965 1359 3036 quod
1378 2984 1435 3021 una

156 3055 220 3093 cum
240 3056 273 3093 ca
293 3039 333 3093 ite
352 3039 450 3092 foenus
470 3037 577 3108 solvat,
597 3054 683 3106 quam
701 3038 809 3091 duobus
829 3036 1013 3106 carminibus,
1032 3054 1151 3106 quorum
1169 3055 1255 3091 unum
1273 3037 1327 3108 (01,
1342 3041 1369 3108 x)
1389 3054 1434 3091 ca-

156 3109 238 3180 pitis,
263 3058 382 3164 alterum
402 3109 455 3179 (01.
470 3112 509 3178 n)
529 3109 650 3163 foenoris
669 3108 730 3163 vice
754 3110 940 3179 fungatur-
961 3115 1002 3163 10.
1029 3107 1098 3176 όπα,
1125 3109 1200 3177 quod
1223 3125 1273 3179 pro
1297 3107 1371 3172 ὅπως
1389 3109 1435 3163 vel

158 3183 194 3244 ὡς
212 3181 299 3235 etiam
312 3199 338 3235 v.
354 3197 380 3236 ιο
418 3183 483 3234 oeta
504 3179 614 3250 posuit,
640 3182 684 3234 est
708 3179 896 3248 exhortantis,
924 3180 1036 3250 copiam
1061 3182 1156 3236 autem
1182 3180 1317 3235 orationis
1343 3180 1434 3234 undae

157 3252 235 3307 fluvii
262 3251 376 3322 lapillos
398 3199 493 3306 litoris
516 3250 660 3306 volutatos
688 3250 828 3305 haurienti
855 3253 883 3304 et
908 3251 1047 3306 auferenti
1073 3255 1230 3322 comparat,
1258 3251 1434 3333 paratactica

159 3325 300 3377 structura
318 3321 454 3377 orationis
473 3340 539 3376 usus
558 3354 592 3362 —
619 3328 660 3376 11.
687 3322 784 3376 κοινόν
809 3319 906 3389 λόγον·
932 3323 1071 3377 rationem
1094 3323 1168 3377 inter
1185 3324 1388 3393 Agesrdamum
1405 3324 1435 3377 et

156 3394 309 3448 Pindarum
329 3396 503 3448 contractam
522 3396 587 3464 post
604 3392 760 3462 Kayserum
778 3386 926 3447 Meindlius
948 3397 1049 3464 (progr.
1070 3393 1137 3448 Cam
1158 3394 1244 3448 oduni
1265 3399 1333 3449 1890
1352 3414 1378 3465 p.
1399 3396 1435 3463 so)

156 3465 370 3589 interpretatur,
394 3482 466 3534 quae
490 3465 604 3533 quidem
626 3463 822 3534 interpretatio
841 3463 870 3518 vi
888 3465 1003 3536 cognati
1026 3413 1159 3519 vocabuli
1184 3469 1335 3533 συνθηκῶν
1360 3482 1434 3519 οοτιι·

158 3554 222 3591 men
244 3540 308 3591 atur
326 3540 355 3591 et
373 3537 458 3591 verbo
477 3537 625 3591 coniuncto
640 3534 752 3605 τίσομεν
771 3534 875 3607 optime
894 3535 1033 3605 convenit,
1053 3553 1223 3605 quamquam
1243 3535 1343 3590 similis
1357 3536 1433 3589 locu-

157 3608 199 3662 tio
218 3608 300 3674 ξυνὸς
319 3605 399 3676 λόγος
418 3607 447 3662 Ο.
466 3626 504 3661 vn
523 3623 548 3662 ει
568 3623 683 3661 causam
701 3623 876 3661 communem
894 3609 923 3660 et
941 3607 1096 3661 orationem
1116 3608 1151 3661 ad
1172 3625 1281 3662 omnem
1300 3606 1435 3677 populum

157 3679 344 3748 pertinentem
370 3678 512 3749 significat
537 3710 570 3718 -
597 3683 638 3732 13.
662 3676 812 3746 Ἀτρέκεια·
838 3677 954 3746 respicit
977 3678 1086 3732 sincera
1108 3679 1215 3732 iudicia
1233 3678 1382 3733 Locrorum
1406 3681 1435 3732 et

157 3766 216 3804 rem
242 3749 386 3820 publicam
413 3749 525 3820 legibus
555 3749 668 3804 Zaleuci
695 3749 800 3820 optime
829 3751 1031 3817 temperatam
1068 3748 1103 3803 cf.
1127 3749 1199 3803 Plat.
1223 3749 1294 3806 Tim.
1319 3766 1345 3804 so
1358 3776 1372 3804 ι
1399 3781 1435 3790 -

159 3825 199 3875 lt.
222 3820 310 3890 τράπε
335 3819 366 3875 a
389 3821 515 3875 Κύκνεια
539 3820 627 3892 μα’χα·
656 3838 712 3874 non
739 3821 782 3874 Ps.
803 3818 956 3873 Hesiodum
984 3820 1013 3874 in
1041 3820 1125 3874 Scuto
1153 3820 1281 3874 Herculis
1309 3838 1347 3891 pu
1388 3838 1434 3875 am

158 3891 285 3946 Herculis
299 3910 362 3947 oum
378 3891 479 3960 Cycno,
494 3891 594 3946 Martis
608 3892 675 3960 filio,
691 3891 720 3945 in
733 3891 797 3945 luco
811 3890 950 3959 Apollinis
960 3891 1105 3961 Pagasaeo
1119 3894 1282 3945 narrantem
1296 3892 1348 3945 Pin
1369 3907 1433 3945 arus

157 3963 296 4032 sequitur,
323 3964 371 4017 sed
391 3963 593 4032 Stesichomm,
616 3967 731 4032 poetam
748 3961 844 4017 Locris
863 3961 1023 4031 oriundum,
1048 3978 1131 4030 quem
1149 3962 1179 4015 in
1197 3963 1319 4016 carmine
1338 3963 1434 4031 aliquo

157 4051 286 4088 narrasse
305 4033 458 4089 scholiasta
476 4036 605 4103 testatur,
626 4033 746 4104 primum
765 4032 913 4087 Herculem
932 4032 1024 4102 Cycno
1044 4033 1160 4088 cessisse
1180 4036 1209 4087 et
1226 4033 1341 4120 fugisse.
1379 4033 1434 4088 Sed

157 4122 289 4174 quorsum
314 4105 402 4159 haec?
428 4105 582 4160 scholiasta
607 4104 764 4175 respondit:
797 4103 939 4174 τοιγάρτοι
968 4104 1017 4159 aaa
1046 4105 1078 4159 τό
1108 4107 1156 4158 καὶ
1181 4103 1230 4158 τὸν
1256 4102 1434 4174 Αγησλόαμον

156 4177 334 4246 ἀπολήγοντα
359 4176 413 4245 ἤδη
440 4176 495 4230 ὑπὸ
518 4173 626 4231 Ἰολάου
651 4174 783 4230 ἀλείπτου
809 4177 1003 4245 ἀνερρῶσθαι,
1030 4174 1141 4238 εἰκότως
1163 4184 1252 4230 ταῦτα
1271 4175 1433 4246 ἐπηγάγετο.

157 4248 250 4316 Atque
264 4248 465 4316 Agesidamum
479 4265 536 4302 non
549 4247 639 4317 primo
653 4247 760 4317 impetu
775 4247 967 4302 adversarium
981 4247 1106 4319 pugilem
1120 4246 1264 4315 deiecisse,
1280 4248 1331 4301 sed
1345 4247 1433 4302 multo

159 4335 222 4372 cum
242 4320 342 4373 sudore
360 4318 485 4389 palmam
504 4336 588 4389 aegre
606 4318 707 4373 tulisse
726 4322 874 4387 sequentes
893 4335 989 4372 versus
1008 4318 1153 4389 perspicue
1172 4316 1307 4375 indicant.
1335 4318 1433 4374 Nihilo

159 4392 254 4444 tamen
274 4390 364 4444 secius
383 4393 487 4444 temere
505 4391 572 4444 ficta
595 4390 652 4444 ista
671 4407 688 4444 a
706 4389 898 4462 grammaticis
917 4389 1055 4445 videntur.
1093 4390 1222 4459 Namque
1241 4389 1280 4444 ali
1300 4393 1347 4445 tae
1366 4407 1433 4460 quo·

156 4460 250 4515 minus
272 4461 417 4531 discipulis
442 4461 499 4514 suis
519 4461 714 4516 laborantibus
733 4461 926 4529 subvenirent,
945 4461 1056 4532 legibus
1075 4462 1179 4516 severis
1197 4409 1336 4533 prohiliti
1353 4465 1435 4517 erant

157 4537 192 4602 (v.
211 4533 249 4587 lo.
269 4532 410 4603 Chrysost.
431 4550 475 4602 ap.
494 4532 535 4586 Mi
576 4550 667 4587 erra
689 4553 716 4604 p.
736 4550 775 4589 sac
794 4536 823 4588 et
841 4536 898 4601 eei).
936 4532 996 4597 Quo
1025 4550 1088 4588 cum
1116 4533 1245 4602 accedat,
1269 4532 1344 4602 quod
1370 4533 1433 4605 χόλ-

156 4622 220 4667 κεος
232 4601 312 4673 Ἄρης
330 4604 366 4658 ad
386 4603 475 4671 ludos,
494 4604 544 4672 qui
564 4621 597 4657 us
616 4603 652 4658 ab
672 4604 766 4660 aeneis
786 4604 871 4658 armis
890 4604 1084 4670 abstinebant,
1105 4622 1205 4675 pamm
1223 4605 1359 4675 pertinet,
1379 4604 1433 4659 Ta·

157 4674 237 4744 lelio,
256 4675 377 4729 Dilucid.
396 4674 476 4728 Pind.
496 4693 523 4744 p.
539 4692 590 4742 aer,
610 4674 779 4746 adstipulor,
803 4676 852 4744 qui
874 4674 925 4731 illa
942 4676 1030 4731 verba
1049 4677 1085 4731 ad
1104 4676 1210 4731 bellum
1228 4677 1265 4731 ab
1284 4675 1432 4746 Anaxilao,

156 4749 277 4816 tyranno
296 4746 407 4816 Rhegii,
426 4745 520 4800 Locris
540 4745 665 4814 illatum,
683 4748 759 4816 quod
778 4746 889 4802 fortiter
906 4745 951 4800 illi
968 4747 1088 4818 primum
1107 4749 1320 4818 propulsassent
1338 4747 1383 4816 (cf,
1402 4747 1431 4804 Ρ.

157 4837 179 4871 τι
193 4823 238 4888 re),
258 4817 405 4873 referenda
424 4833 485 4871 esse
503 4815 648 4891 iudicayit.
686 4817 732 4873 Sic
754 4818 842 4888 igitur
860 4819 1029 4874 sententiam
1051 4820 1201 4889 procedere
1225 4819 1329 4876 sentio:
1352 4819 1434 4874 Locri

210 4918 335 4959 Prasiana
349 4917 384 4958 ed.
398 4915 503 4958 christ.
1203 4914 1219 4964 6
