3406 5378
713 404 872 454 OLYMPIA
891 405 924 457 X.

341 563 445 648 πέφνε
470 562 499 627 δ’
527 565 697 647 Εὔρυτον,
721 564 765 639 ὡς
788 563 922 646 Αὐγέαν
946 564 1082 649 λάτριον
1148 561 1231 626 Ἀντ.
1255 563 1302 645 β’.

342 668 479 755 ἀέκονθ’
506 667 590 734 έκὼν
613 671 738 754 μισθὸν
761 669 922 756 ὑπέρβιον
1339 688 1372 733 35

263 794 298 839 30
343 776 539 859 πράσσοιτο·
563 779 716 860 λόχμαισι
740 772 777 840 δὲ
800 776 974 852 δοκεύσαις

394 883 459 947 ὑπὸ
484 886 644 947 Κλεωνᾶν
668 883 791 967 δάμασε
814 881 870 946 καὶ

394 993 525 1065 κείνους
544 987 725 1075 Ἡρακλέης
749 987 803 1074 ἐφ’
829 989 913 1077 ὁδῷ,

343 1097 393 1161 ὅτι
417 1098 546 1181 πρόσθε
569 1092 646 1160 ποτὲ
675 1097 861 1181 Τιρύνθιον

341 1207 483 1289 ἔπερσαν
506 1202 595 1290 αὐτῷ
620 1203 762 1285 στρατὸν

340 1321 457 1395 μυχοῖς
480 1310 596 1393 ἥμενοι
610 1307 745 1385 ’Ἁλιδος

343 1527 510 1598 Μολίονες
531 1514 741 1607 ὑπερφίαλοι.

395 1628 450 1695 καὶ
472 1629 539 1714 μάν
563 1627 744 1706 ξεναπάτας

265 1754 298 1800 35
340 1735 478 1801 Ἐπειῶν
500 1739 656 1817 βασιλεὺς
679 1738 800 1801 όπνθεν

343 1844 382 1908 οὐ
405 1843 530 1907 πολλὸν
555 1842 604 1906 ide
627 1843 770 1929 πατρίδα
793 1848 894 1907 πολυ-

394 1948 534 2034 κτέανον
556 1948 621 2014 ὑπὸ
645 1959 765 2036 στερεῷ
788 1948 870 2033 πυρὶ

340 2061 482 2138 πλαγαῖς
504 2079 538 2119 τε
562 2057 703 2141 σιδάρου
727 2058 840 2139 βαθὺν
863 2058 910 2132 είς
933 2055 1049 2139 ὀχετὸν
1073 2059 1152 2132 ἀτας

341 2165 468 2242 ἵζοισαν
492 2159 550 2226 ἑὰν
573 2165 681 2227 πόλιν.

341 2281 450 2345 νεῖκος
473 2265 509 2333 δὲ
532 2271 722 2353 κρεσσόνων

262 2396 297 2441 ιο
343 2373 508 2441 ἀποθέσθ’
536 2376 672 2458 ἀπορου.

340 2481 396 2548 καί
418 2493 528 2558 κεῖνος
550 2481 692 2568 ἀβουλίᾳ
714 2481 855 2558 ὕστατος

341 2590 483 2665 ἁλώσιος
505 2588 664 2665 ἀντάσαις

395 2697 546 2761 θάνατον
569 2698 671 2761 αἰπὺν
694 2695 755 2760 οὐκ
778 2693 946 2779 ἐξέφυγεν.
1340 2716 1374 2762 50

253 2930 295 2981 28.
316 2923 380 2980 ὥστ’
392 2925 421 2980 Α
435 2956 469 2965 -
485 2930 527 2979 λθ.
547 2921 686 2979 ἀέκονθ’
707 2924 730 2980 G
735 2924 744 2955 ¹
757 2955 792 2964 —
806 2928 849 2978 80.
869 2921 1017 2988 κάκείνους
1031 2925 1112 2980 codd.
1128 2958 1161 2966 -
1177 2931 1219 2982 33.
1239 2924 1338 2996 ἥμενοι
1351 2926 1461 2996 Heyne:

183 2996 288 3067 ἥμενον
303 2995 386 3066 (ἀμεν
395 2998 434 3066 Β)
443 2997 504 3050 ΑΒ
511 2996 566 3051 01)
580 2999 609 3051 et
623 2994 710 3050 schol.
721 3028 754 3035 —
765 2993 952 3066 34.μολίωνες
960 2997 988 3051 Δ
998 3029 1032 3036 -
1043 2998 1152 3062 ξεινακ.
1163 3000 1222 3052 AO
1232 3029 1267 3037 -
1280 3004 1321 3052 36.
1332 2999 1462 3070 βασιλεὺς

182 3069 283 3123 ἐπειῶν
301 3068 364 3122 BD
383 3099 416 3107 -
443 3073 485 3121 36.
512 3067 555 3121 ίδε
580 3068 663 3138 Hya:
690 3061 747 3121 εἶδε
773 3067 895 3121 Anca
920 3099 954 3106 —
980 3073 1022 3123 41.
1050 3067 1168 3144 ἀβουλίᾳ
1194 3068 1291 3125 Trici:
1317 3067 1462 3143 ἀβουλίαις

180 3139 303 3194 ABOD
321 3170 356 3179 -
374 3144 418 3192 42.
438 3136 574 3202 ἀντάσαις
591 3138 719 3193 Boeckh:
739 3136 874 3201 ἀντιάσας
892 3138 1018 3193 ABOD
1039 3171 1070 3180 -

180 3300 284 3337 novum
302 3280 410 3335 bellum
428 3280 542 3335 molitus
561 3279 730 3335 Molionidas
749 3278 831 3346 istos,
857 3296 920 3335 curn
944 3280 981 3335 ad
1003 3281 1141 3335 Isthmum
1159 3298 1210 3352 per
1231 3282 1360 3337 inducias
1378 3285 1461 3353 profi·

182 3354 359 3421 discerentur,
378 3368 465 3423 prope
483 3352 600 3406 Cleonas
619 3350 759 3421 oppressit
776 3352 806 3405 et
821 3353 947 3421 Augeam
966 3352 1066 3423 ipsum,
1085 3353 1227 3423 praesidio
1246 3354 1461 3409 fortissimorum

181 3426 298 3479 fratrum
323 3425 467 3489 orbatum,
490 3422 566 3477 fudit
588 3426 617 3478 et
639 3422 752 3477 occidit.
789 3422 859 3476 Rem
882 3423 943 3477 fuse
966 3427 1084 3478 narrant
1102 3424 1184 3479 Paus.
1200 3445 1216 3477 v
1231 3440 1265 3480 aa.
1288 3426 1370 3480 Diod.
1385 3446 1414 3480 ιν
1428 3444 1461 3481 σε.

181 3494 311 3566 Apollod.
325 3515 347 3548 11
364 3512 384 3565 s,
399 3512 421 3564 5,
439 3494 556 3549 Hesiodi
574 3494 697 3564 vestigia
715 3496 747 3548 ut
764 3492 878 3548 videtur
896 3494 991 3548 secuti.
1025 3496 1128 3548 Eorum
1147 3512 1181 3548 ex
1200 3494 1278 3550 fonte
1298 3513 1332 3550 ea
1350 3514 1462 3565 quoque

181 3566 272 3635 petita
295 3566 439 3634 videntur,
464 3582 537 3634 quac
561 3565 646 3621 schol.
666 3565 704 3619 ad
724 3583 748 3619 v.
764 3580 789 3618 ει
809 3564 943 3621 adnotat:
966 3568 1084 3628 πολλοὺς
1107 3567 1363 3636 συστρατεύσαντας
1385 3570 1461 3642 αὐτῷ

180 3636 366 3692 ἀπέκτειναν·
387 3637 414 3691 ολ
428 3635 459 3691 δὲ
474 3634 671 3700 ἀποθανόντες
685 3635 716 3690 ἐν
729 3643 762 3707 τῇ
809 3634 852 3707 ’χρ
871 3636 941 3690 εἰσίν
961 3632 1049 3690 οὗτοι·
1076 3641 1218 3707 Τελαμών,
1237 3639 1396 3693 Χαλκώδων
1414 3641 1462 3693 καλ

181 3708 312 3778 Ἰφικλῆς,
331 3708 346 3761 ό
364 3708 554 3780 πρεσβύτατος
572 3709 659 3763 αὐτοῦ
677 3655 816 3776 ἀδελφόιςι.ἵ
826 3738 862 3746 -
880 3712 922 3762 29.
942 3706 1089 3780 ὑπέρβιον,
1114 3709 1276 3778 superbum3
1302 3709 1389 3781 iungo
1408 3711 1462 3765 hoc

184 3779 331 3849 epitheton
356 3795 418 3833 cum
438 3776 559 3849 Αὐγέαν,
582 3797 639 3834 non
664 3796 728 3832 cum
752 3775 869 3848 μισθόν·
896 3779 936 3832 sic
954 3797 980 3832 v.
999 3796 1025 3833 οι
1046 3778 1197 3848 Moliones,
1224 3780 1314 3834 socios
1338 3782 1461 3851 Augeae,

184 3848 376 3919 ὑπερφιάλως
398 3849 522 3905 dicit-
540 3856 583 3906 30.
602 3850 658 3905 ἀπὸ
677 3854 822 3905 Κλεωνᾶν·
846 3848 981 3973 oppidum
1004 3849 1078 3903 enim
1098 3849 1125 3902 in
1146 3848 1218 3904 colle
1237 3851 1323 3904 situm
1341 3856 1410 3919 erat,
1429 3856 1462 3906 ut

184 3925 306 3975 testatur
328 3921 430 3977 Strabo
449 3941 498 3976 vm
520 3940 547 3992 p.
565 3939 605 3977 εττ
624 3954 659 3963 -
677 3923 737 3975 καλ·
762 3918 879 3974 Molioni
900 3936 934 3974 ae
957 3920 1080 3989 insidiis,
1107 3920 1208 3990 quibus
1232 3920 1360 3975 Herculis
1383 3940 1461 3978 exer·

184 3993 271 4046 citum
286 3995 351 4046 ante
366 3996 576 4063 superaverant,
595 3996 624 4049 et
642 3991 698 4063 ipsi
716 3992 752 4046 ab
771 3990 890 4045 Hercule
910 3992 1035 4062 superati
1054 4008 1114 4047 esse
1134 3992 1267 4046 dicuntur
1285 4024 1319 4032 —
1338 3999 1380 4048 34.
1400 3997 1461 4048 Mo—

184 4063 275 4126 λίονες
293 4080 310 4116 a
328 4067 418 4119 matre
436 4064 562 4119 Moliona
580 4064 650 4119 dicti
669 4066 743 4133 sunt,
758 4060 917 4131 Ἀκτορίωνε
937 4062 979 4132 (ΙΙ,
995 4079 1028 4132 ar,
1043 4067 1093 4132 aas)
1112 4063 1199 4118 iidem
1212 4080 1231 4117 a
1245 4066 1327 4133 patre
1345 4065 1461 4134 Δείσας

183 4135 205 4187 ii
229 4133 298 4188 socii
317 4136 431 4205 Augeae
454 4135 530 4205 regis
553 4134 640 4189 fuisse
665 4135 722 4189 iam
747 4135 783 4188 ab
809 4133 929 4188 Homero
947 4140 971 4188 Α
991 4152 1031 4190 roo
1049 4134 1177 4189 feruntur
1201 4167 1235 4175 -
1261 4139 1303 4190 35.
1325 4132 1459 4191 Ἐπειῶν·

184 4208 310 4259 veterum
337 4206 491 4260 incolarum
520 4205 622 4276 Elidis,
646 4209 679 4260 ut
705 4207 841 4260 Homerus
867 4210 888 4258 B
913 4221 959 4260 oio.
987 4211 1076 4261 Asu.
1096 4222 1136 4261 aaa
1158 4205 1260 4275 tradit,
1288 4224 1459 4279 quamquam

183 4279 283 4347 postea
301 4276 392 4346 Epeos
410 4279 557 4345 tamquam
574 4275 804 4349 septentrionalis
822 4274 913 4330 Elidis
935 4276 1043 4331 incolas
1068 4277 1104 4332 ab
1127 4276 1203 4332 Eleis
1227 4277 1376 4335 distinctos
1399 4297 1460 4335 esse

183 4349 341 4402 Hecataeus
369 4350 492 4401 testatur
518 4366 562 4419 ap.
591 4348 684 4405 Strab.
707 4368 747 4402 vu
773 4365 799 4417 p.
824 4364 862 4402 ιιι
889 4378 922 4387 -
949 4346 1086 4416 πατρίδα·
1114 4366 1217 4404 nomen
1243 4349 1354 4419 patriae
1382 4352 1460 4405 urbis
1569 4376 1577 4393 r

185 4420 311 4473 Φάκτεον
333 4420 464 4487 (Φότειον
486 4435 555 4475 corr.
574 4419 725 4491 Luebbert)
747 4418 835 4472 fuisse
854 4419 973 4473 adnotat
991 4419 1152 4489 scholiasta,
1172 4421 1210 4474 ad
1228 4438 1325 4476 versus
1343 4422 1461 4477 Hesiodi

183 4507 337 4560 provocans
364 4521 397 4529 —
424 4496 466 4544 38.
493 4489 544 4545 ἑὰν
561 4488 657 4561 πόλιν,
680 4508 743 4546 cum
766 4507 851 4559 supra
870 4489 927 4544 iarn
945 4488 1068 4614 πατρίδα
1087 4491 1217 4560 dixisset,
1237 4493 1328 4547 denuo
1348 4493 1461 4547 addidit

184 4562 221 4616 ad
240 4561 329 4616 cladis
348 4560 496 4615 tristitiam
515 4562 674 4631 augendam
691 4594 728 4604 —
746 4566 788 4616 41.
808 4559 925 4626 ὕστατος
943 4561 1009 4615 scho
1022 4562 1051 4615 ia
1066 4579 1128 4616 cum
1147 4561 1264 4625 ἀλάσιος
1281 4564 1409 4633 iungunt,
1427 4567 1461 4618 ut

182 4635 247 4703 post
273 4632 369 4687 urbem
396 4634 510 4702 captam
533 4636 654 4687 mortem
671 4633 835 4689 occubuisse
854 4632 976 4701 dicatur,
1003 4633 1078 4702 quod
1097 4650 1160 4687 cum
1179 4636 1277 4688 contra
1294 4634 1459 4705 grammati-

183 4720 244 4758 cam
268 4707 366 4775 peccet
389 4706 418 4758 et
435 4704 552 4757 verbum
570 4703 705 4769 ἀντάσαις
723 4704 833 4760 obiecto
852 4721 947 4759 carere
965 4707 1099 4774 nequeat,
1118 4704 1223 4759 rectius
1240 4706 1368 4776 Augeam
1393 4705 1460 4760 ulti-

183 4793 268 4845 mum‚
286 4778 437 4847 postquam
455 4774 515 4829 eius
534 4774 604 4830 socii
621 4774 680 4830 iam
696 4776 871 4845 interierimt,
886 4775 1022 4831 occidisse
1038 4774 1268 4846 interpretaberis
1287 4806 1321 4817 -
1340 4782 1383 4832 42.
1402 4776 1460 4831 θά-

183 4866 270 4904 νατον
288 4848 376 4902 αἰπὺν
394 4847 432 4901 ad
450 4846 594 4918 exemplar
611 4847 754 4903 Homerici
771 4847 859 4901 alato
879 4846 1007 4916 ὄλεθρον.

1211 4935 1246 5001 ,.
