3406 5378
548 401 598 453 111.
623 401 672 451 DE
691 400 800 451 LUDIS
819 402 865 451 ΕΤ
883 401 1058 453 EPINIOIIS.
1347 397 1448 451 LXVII

169 549 354 627 Hadrianus
392 566 475 626 teste
508 560 670 626 Pausania
695 580 720 625 11
743 564 798 647 15,
818 564 847 627 3.
874 559 1064 646 v116,4¹)
1096 561 1131 625 in
1162 561 1269 626 locum
1302 566 1447 626 veterum

167 668 365 734 Nemeorum
390 668 586 733 aestivorum
610 691 695 733 nova
718 668 843 733 Nemea
865 669 1001 733 hiberna
1024 668 1123 754 Argis
1147 669 1271 755 agenda
1293 668 1447 752 instituit,

168 780 257 840 ortas
281 798 351 842 esse
375 773 526 862 docuit.²)

257 883 408 947 Alterum
430 883 604 948 discrimen
626 882 777 947 ludorum
800 883 942 968 pertinet
966 883 1007 947 ad
1030 883 1223 968 praemium,
1246 884 1333 968 quod
1356 883 1384 948 si
1408 905 1447 948 ex

166 1012 200 1054 re
223 989 332 1073 aliqua
354 990 499 1075 pretiosa
518 989 703 1074 constabat,
726 988 839 1073 ἀγῶνα
863 993 1074 1075 χρηματίτην,
1099 991 1150 1054 sin
1173 1013 1211 1055 ex
1236 990 1293 1055 vili
1316 1013 1445 1074 corona,

168 1097 280 1180 ἀγῶνα
299 1099 500 1180 στεφανίτην
519 1095 768 1183 appellabant.³)
806 1096 914 1182 Atque
934 1097 1078 1181 antiquis
1099 1097 1228 1181 quidem
1245 1099 1447 1182 temporibus

167 1204 267 1270 moris
293 1208 363 1297 erat
385 1204 531 1269 omnium
550 1204 764 1269 certaminum
783 1203 961 1269 victoribus
980 1204 1160 1289 praemium
1179 1204 1310 1288 aliquod
1328 1205 1447 1289 pretio-

168 1334 249 1397 sum,
276 1317 312 1377 ut
341 1311 501 1397 tripodem
530 1316 656 1377 cratera
678 1311 823 1396 gladium
851 1333 970 1396 equum
993 1311 1153 1377 talentum
1177 1312 1305 1398 argenti
1328 1312 1448 1395 aurive,

167 1419 358 1503 condonare,
377 1419 467 1484 cuius
487 1417 695 1484 liberalitatis
715 1419 835 1503 partim
854 1418 1026 1483 manubiae
1045 1418 1086 1483 ab
1105 1419 1255 1484 hostibus
1275 1420 1448 1501 detractae,

167 1525 286 1610 partim
317 1524 409 1590 lauta
441 1526 586 1610 supellex
617 1524 797 1590 hereditate
831 1530 964 1610 accepta
996 1526 1123 1611 copiam
1150 1525 1323 1591 faciebant.
1369 1525 1447 1590 Mox

168 1654 241 1697 eum
267 1631 335 1696 ludi
363 1654 467 1718 neque
496 1632 609 1717 spoliis
639 1632 744 1718 captis
772 1656 876 1717 neque
904 1632 1140 1697 hereditatibus
1169 1633 1309 1718 acceptis
1333 1634 1448 1697 fierent

168 1743 201 1804 et
231 1740 451 1804 instaurantes
483 1739 577 1804 ludos
606 1744 731 1805 veteres
760 1741 853 1826 copia
880 1739 1087 1805 liberalitatis
1116 1740 1279 1823 deficeret,
1308 1740 1448 1805 victores

169 1846 239 1911 sola
270 1868 391 1912 corona
423 1868 461 1911 ex
494 1846 582 1911 foliis
615 1869 698 1912 nexa
726 1870 839 1912 ornare
869 1852 1052 1932 coeperunt.
1104 1847 1167 1911 Sed
1195 1847 1280 1931 quod
1305 1847 1447 1932 primum

169 1954 280 2039 inopia
302 1954 492 2019 institutum
516 1958 600 2038 erat,
622 1955 655 2018 id
675 1955 795 2020 sensim
814 1955 847 2018 in
867 1954 995 2018 laudem
1015 1958 1048 2019 et
1067 1953 1204 2040 gloriam
1224 1954 1330 2018 vertit.
1361 1953 1447 2018 Nam

169 2084 243 2126 cum
267 2060 396 2146 Graeci,
424 2067 462 2126 ut
484 2061 643 2126 Horatius
667 2061 879 2146 praedicavit,
906 2066 1035 2147 praeter
1062 2060 1190 2125 laudem
1214 2061 1336 2125 nullius
1361 2061 1449 2125 avari

169 2172 290 2254 essent,
312 2169 450 2234 victoria
472 2168 612 2252 simplici
632 2191 751 2233 corona
770 2173 885 2232 ornata
904 2168 1007 2231 multo
1028 2169 1130 2252 pluris
1151 2190 1248 2252 quarn
1271 2167 1450 2251 praemium

169 2276 220 2338 vel
243 2274 516 2360 pretiosissimum
542 2275 707 2340 aestimari
732 2280 848 2359 coepta
866 2278 925 2338 est.
962 2274 1041 2338 lndc
1065 2274 1237 2339 clarissimi
1255 2274 1323 2337 ludi
1343 2272 1450 2358 Olym·

168 2381 232 2466 pici
251 2380 362 2466 Pythii
376 2381 526 2447 Isthmici
541 2382 694 2447 Nemeaei
715 2380 874 2447 coronarii
895 2381 974 2446 facti
993 2378 1112 2468 sunu),
1130 2381 1301 2466 palmaque
1320 2380 1451 2464 nobilis,

169 2509 249 2572 quae
273 2511 410 2554 coronae
433 2488 592 2554 Romanis
615 2489 818 2574 temporibus
842 2489 981 2553 addebat
967 2492 1030 2573 tur,
1058 2488 1123 2554 vict
1125 2511 1198 2553 ores
1227 2489 1266 2553 ad
1289 2494 1449 2553 terrarum

169 2596 332 2661 dominos
346 2596 422 2661 deos
447 2596 580 2661 evehere
610 2595 735 2660 ferebat
721 2594 816 2682 ιιιι·’.)
863 2593 956 2671 Quod
985 2601 1093 2660 autem
1117 2595 1191 2660 aliis
1215 2597 1253 2660 de
1278 2594 1449 2660 arboribus

169 2702 273 2768 aliis
263 2726 298 2767 ιιι
320 2703 406 2769 ludis
426 2726 563 2769 coronae
583 2709 657 2767 nect
643 2704 766 2788 tt,eban
788 2703 822 2766 id
841 2725 906 2787 qua
924 2704 963 2768 de
983 2726 1081 2768 causa
1098 2704 1165 2769 fact
1152 2708 1222 2768 tum
1241 2703 1284 2767 sit
1271 2702 1450 2786 t,difficile

169 2816 219 2875 est
205 2811 286 2875 tad
314 2810 547 2895 explicandum.
593 2810 731 2895 Delphis
760 2811 889 2894 quidem
918 2833 975 2875 cur
1002 2812 1112 2876 laurea
1140 2833 1260 2876 corona
1288 2754 1449 2876 iictorum

169 2923 316 3004 tempora
343 2918 559 3004 cingerentur,
581 2918 616 2982 in
639 2919 812 3003 propatulo
841 2923 891 2984 est
915 2942 953 2983 ex
977 2941 1015 2983 eo
1039 2923 1197 3003 repetere,
1226 2919 1311 3003 quod
1338 2920 1449 2983 laurus

168 3024 266 3111 longe
294 3031 369 3090 ante
396 3025 639 3090 institutionem
667 3024 862 3110 Pythiorum
889 3025 1039 3089 ludorum
1067 3025 1231 3111 Apollinis
1260 3047 1351 3089 sacra
1378 3024 1449 3089 fuit.

169 3131 301 3196 Etenim
329 3133 395 3197 iam
423 3131 558 3196 Hesiodi
587 3131 788 3216 temporibus
818 3132 872 3216 qui
896 3131 1059 3217 Apollinis
1088 3137 1191 3197 artem
1215 3132 1373 3197 musicam
1396 3155 1450 3197 ex-

169 3239 336 3325 ercebant,
372 3261 428 3304 eos
464 3239 548 3303 lauri
584 3261 710 3302 ramum
750 3238 900 3303 manibus
937 3244 1047 3303 tenere
1085 3239 1200 3303 solitos
1233 3261 1303 3304 esse
1339 3245 1451 3303 narrat

169 3345 333 3411 Hesiodus
352 3347 461 3432 theog.
482 3348 533 3411 30.
585 3343 648 3410 Sed
681 3344 924 3430 Olympicorum
956 3345 1116 3410 victorum
1150 3345 1300 3431 oleagina
1332 3368 1451 3411 corona

170 3452 323 3518 dubitant
345 3458 455 3517 utrum
475 3475 513 3517 ex
533 3475 571 3517 eo
591 3452 779 3537 explicanda
798 3452 854 3534 ιιι,
876 3453 962 3538 quod
982 3453 1114 3517 oleastri
1134 3453 1212 3517 olim
1231 3453 1451 3517 feracissimus

170 3581 248 3644 ager
280 3558 385 3623 Elidis
417 3559 481 3624 fuit
492 3557 533 3645 6),
565 3582 607 3624 an
638 3559 724 3644 quod
752 3559 824 3624 olea
855 3559 945 3643 Tyrii
973 3559 1138 3642 Herculis,
1174 3559 1310 3644 mythici
1344 3560 1451 3625 condi·

170 3666 251 3731 toris
278 3666 429 3730 ludorum
452 3665 710 3753 Olympicorum,
735 3689 827 3731 sacra
854 3667 954 3732 fuisse
977 3668 1223 3752 perhibebatur,
1247 3689 1288 3730 an
1311 3665 1449 3750 denique

170 3773 256 3857 quod
285 3773 411 3839 luridus
439 3773 529 3839 color
555 3774 710 3839 foliorum
739 3773 962 3860 oleaginorum
992 3775 1162 3840 tristitiam
1190 3774 1341 3840 ludorum
1362 3774 1453 3838 fune·

171 3929 203 3935 ..-
210 3930 367 3937 --,..-...-.....
377 3930 380 3935 .

261 4010 287 4067 1)
306 4004 379 4059 conf.
399 4001 491 4056 Iulian
509 4020 552 4072 ep.
568 4008 602 4056 35
617 4022 643 4074 p.
660 4009 710 4056 527
730 4004 772 4058 ed.
788 4002 876 4058 Hertl.

259 4074 406 4143 a)Philol
421 4074 776 4135 xxnvooffmv111ff.;
797 4075 922 4129 cf.St.zb
938 4075 964 4130 d.
980 4076 1006 4130 b
1022 4075 1074 4129 Ak
1091 4081 1159 4128 issu
1175 4095 1232 4144 p.
1217 4073 1284 4130 sert

258 4151 285 4213 )
258 4147 380 4200 Idem
400 4145 561 4216 significant
578 4148 685 4216 ἀγῶνες
704 4145 877 4215 φυλλοφόροι
897 4147 975 4201 Pind.
992 4148 1023 4202 0
1038 4166 1086 4200 v111
1102 4154 1143 4201 76.

258 4221 285 4285 4)
258 4217 343 4271 4Ut
331 4217 415 4286 tth
416 4217 526 4271 hiorum
541 4234 619 4298 agon
638 4217 760 4341 primum
777 4216 945 4299 χρηματίτιις
968 4218 1024 4272 fuit
1046 4223 1075 4273 et
1093 4221 1193 4290 postea
1217 4218 1328 4272 demum
1347 4235 1449 4287 στεφα

170 4290 248 4358 νίτης
265 4288 421 4343 factust
379 4291 429 4357 est,
449 4288 489 4342 sic
509 4288 596 4342 etiam
615 4288 637 4343 Ο
650 4305 764 4360 ymprae
782 4307 839 4343 ιιοιι
858 4291 893 4343 ab
913 4290 1004 4357 initio,
1026 4291 1075 4345 sed
1093 4290 1159 4345 inde
1179 4308 1196 4343 ιι
1215 4290 1335 4360 septima
1355 4289 1449 4359 Olym-

171 4360 255 4430 piade
274 4359 394 4414 victores
414 4333 517 4414 darona
536 4359 627 4415 olea
620 4361 910 4426 ιιιιιι;οιιοιιιιιιιιιιιιι
930 4380 956 4415 v
971 4362 1087 4429 Krause,
1107 4360 1141 4416 01
1142 4361 1283 4431 >mpiap
1300 4368 1359 4416 158

259 4435 286 4500 5)
313 4432 409 4486 Horat
390 4430 453 4486 tu
471 4438 525 4499 11,
541 4438 566 4487 5.
600 4378 713 4486 Hoiatii
738 4432 851 4500 quidem
877 4435 972 4515 aetate
995 4405 1095 4487 victori
1120 4450 1177 4487 non
1205 4433 1294 4486 solum
1323 4437 1450 4503 tempora

170 4520 272 4557 corona
276 4435 489 4572 >cingebantur,
513 4476 562 4556 ried
586 4503 672 4557 etiam
695 4502 807 4575 palmae
829 4521 923 4556 ramus
945 4503 975 4557 in
993 4521 1092 4558 manus
1112 4504 1234 4558 dabatur
1252 4508 1287 4571 (v.
1302 4504 1384 4559 Paos
1400 4524 1449 4558 vm

170 4581 212 4642 48,
234 4583 257 4629 ⁶2.
281 4573 355 4628 Plut.
376 4576 483 4642 quaest.
505 4591 582 4630 conv
602 4582 695 4656 init,
716 4578 751 4644 1),
780 4575 829 4628 sed
857 4575 939 4628 huius
968 4576 1051 4629 moris
1081 4577 1156 4646 apud
1185 4576 1337 4629 Pindarum
1370 4576 1450 4629 nulla

169 4645 292 4715 vestigia
310 4648 435 4712 exstant,
459 4649 590 4727 corrupta
609 4645 682 4700 enim
702 4645 822 4701 lectione
841 4647 873 4702 fr.
890 4653 932 4713 75,
948 4652 982 4700 14
1001 4647 1080 4700 abut
1059 4651 1082 4700 ιι
1100 4665 1156 4702 non
1175 4647 1248 4701 licet.
1277 4648 1345 4701 lnde
1360 4647 1447 4701 etiam

169 4716 271 4787 figulus
291 4718 445 4783 Romanus,
465 4716 513 4783 qui
532 4715 687 4770 Victoriam
710 4718 864 4786 antiquarii
883 4718 1058 4773 Monacensis
1082 4718 1119 4771 ad
1140 4719 1283 4788 exemplar
1301 4719 1366 4772 Vict
1355 4719 1446 4772 toriae

169 4788 285 4843 Paeonii
303 4787 379 4856 fecit,
399 4787 480 4841 deam
500 4786 590 4841 altera
608 4806 693 4842 manu
713 4806 852 4859 coronam,
872 4790 963 4845 altera
981 4789 1106 4861 palmam
1125 4794 1267 4845 tenentem
1286 4790 1374 4845 finxit..

263 4832 503 4932 o)Pauivr,r.
523 4834 854 4932 minabaturque.

1201 4952 1234 5005 ιι*
